2062 3276
0 516 4 527 —
0 363 8 500 -ι--ςι-,υ

276 262 410 290 SERMO
432 252 556 309 xxm]
759 266 949 305 QUARTA
979 266 1103 297 PARS.
1798 257 1874 293 203

275 371 580 408 obturacionem
628 372 831 408 fumorum
878 371 1040 408 racione
1080 384 1264 408 recursus
1303 371 1518 419 spirituum
1567 384 1588 408 a
1632 378 1758 417 parallel
1780 378 1854 406 with

276 431 397 466 corde
412 431 461 466 ad
478 432 699 466 cerebrum.
717 431 1091 477 Correspondenter
1109 439 1166 466 est
1182 431 1229 465 de
1245 442 1417 477 sompno
1433 429 1589 477 peccati
1615 413 1756 448 spmtual
1779 413 1871 440 διώ·

275 487 476 523 interioris
510 488 703 533 hominis;
736 500 828 524 nam
863 487 1113 524 fumositates
1145 496 1237 523 sunt
1272 486 1588 534 imaginaciones

275 545 381 582 circa
397 545 633 593 temporalia
659 558 680 582 a
705 545 899 582 memoria
923 554 1130 593 tamquam
1157 546 1369 581 stomacho
1393 545 1589 581 retentivo

242 602 351 639 §cibi
377 603 509 640 anime
536 604 731 649 resolute3
765 615 842 651 que
866 603 1067 639 venientes
1100 605 1149 639 ad
1183 603 1387 639 racionem
1423 615 1499 651 que
1533 612 1590 639 est

221 906 258 925 10

215 2056 256 2087 '50

275 670 394 709 caput
434 661 636 697 interioris
676 660 851 697 hominis
891 660 1176 709 infrigidantur
1215 674 1235 698 a
1276 661 1496 697 fluctuante
1529 660 1588 697 in-

276 720 451 764 tellect11‚
486 719 553 767 qui
587 728 643 755 est
676 732 769 767 pars
802 719 968 755 inferior
1001 718 1189 755 racionis.
1229 720 1277 755 Et
1310 719 1366 755 sic
1399 720 1590 755 obturant

274 776 408 813 radios
452 776 603 813 amoris
642 777 837 814 venientis
877 790 899 813 a
938 777 1125 825 potencia
1163 776 1327 813 volitiva
1373 786 1414 812 ut
1455 778 1589 822 corde,

274 847 345 883 per
389 847 489 883 quos
533 835 670 871 radios
717 835 854 871 omnia
899 848 1024 883 opera
1070 835 1169 871 fiunt
1217 836 1351 883 quoad
1398 835 1587 871 meritum

275 892 441 930 vivifica.
489 893 630 929 Nullus
665 892 769 929 enim
804 902 916 929 actus
950 892 1124 929 hominis
1158 892 1391 929 meritorius
1425 902 1482 929 est
1513 892 1589 929 nisi

272 950 313 986 in
335 963 414 999 quo
440 953 545 987 Deus
569 951 915 999 supereminenter
938 951 1131 999 diligitur.
1168 950 1431 987 Delectabilia
1454 950 1589 999 itaque

274 1008 420 1055 carnis,
461 1009 599 1045 mundi
639 1018 676 1045 et
709 1009 869 1057 dyaboli
903 1018 994 1045 sunt
1027 1010 1185 1045 fumosa
1219 1010 1325 1045 hunc
1357 1009 1587 1057 sompnium

274 1065 524 1113 inducenda,
560 1067 663 1103 sicut
696 1076 904 1104 terrestres
938 1067 1120 1103 homines
1161 1066 1432 1103 mundialibus
1466 1067 1589 1103 dediti

247 1114 363 1160 isunt
410 1125 692 1173 sompnolenti.
736 1122 739 1177 [
776 1125 1050 1162 Dissolvencia
1088 1138 1181 1162 vero
1221 1126 1291 1161 has
1335 1125 1590 1162 fumositates

273 1182 445 1219 excitant
484 1195 505 1219 a
544 1183 652 1220 dicto
697 1196 882 1231 sompno,
929 1183 1156 1220 cuiusmodi
1204 1192 1296 1219 sunt
1343 1183 1427 1219 soni
1475 1192 1590 1220 acute

273 1240 591 1288 predicancium,
626 1241 809 1278 molestie
833 1241 1119 1278 adversitatum
1144 1240 1445 1286 tribulandum,
1480 1242 1591 1278 calor

273 1298 422 1335 amoris
446 1298 684 1336 intrinsecus
700 1299 954 1336 dissolventis
977 1308 1014 1336 et
1038 1299 1268 1336 sollicitudo
1292 1298 1422 1335 ultimi
1446 1298 1589 1347 premii

272 1357 332 1392 vel
384 1365 514 1393 terror
566 1357 729 1404 iudicis;
782 1359 888 1394 unde
941 1357 1033 1406 quia
1086 1359 1208 1394 homo
1261 1357 1429 1394 interior
1473 1359 1590 1393 debet

273 1426 432 1462 semper
456 1427 539 1451 esse
561 1415 668 1463 vigil,
694 1428 740 1452 eo
763 1417 872 1463 quod
896 1428 977 1452 non
1006 1415 1198 1463 fatigatur
1220 1416 1358 1452 labore
1387 1414 1589 1464 corporali

271 1481 314 1509 ut
337 1474 458 1509 homo
493 1473 675 1520 exterior,
709 1486 790 1510 non
822 1474 910 1521 plus
943 1473 1125 1521 indigens
1157 1487 1329 1521 sompno
1363 1486 1485 1521 quam
1519 1486 1587 1510 an-

272 1530 395 1579 gelus,
428 1530 520 1567 ideo
552 1530 756 1579 signanter
790 1531 886 1568 dicit
909 1531 1092 1568 Christus
1115 1531 1283 1568 Matthei
1305 1532 1434 1567 X1110:
1475 1531 1590 1582 Qcod

272 1589 337 1624 uni
355 1589 452 1636 dico,
469 1590 640 1625 omnibus
656 1589 760 1626 dico:
776 1590 951 1640 Vigilate.
969 1589 1267 1638 Specialissime
1281 1598 1417 1626 tamen
1437 1598 1590 1638 spectat

272 1648 344 1683 hec
382 1646 518 1695 vigilia
556 1649 606 1684 ad
651 1656 812 1684 curatos
859 1648 927 1696 qui
971 1657 1063 1684 sunt
1106 1657 1289 1696 pastores
1333 1649 1590 1685 observantes

272 1704 425 1752 vigilias
458 1705 588 1742 noctis
621 1718 741 1754 super
773 1718 934 1754 gregem
968 1719 1084 1742 suum
1120 1715 1157 1742 et
1191 1705 1422 1753 evigilantes
1456 1705 1588 1753 ipsum

239 1762 251 1795 ἶ
273 1771 411 1799 contra
434 1762 605 1800 insultus
628 1765 818 1812 luporum
842 1764 1073 1812 rapacium3
1099 1766 1203 1800 unde
1228 1764 1388 1800 Psalmo
1409 1765 1547 1810 CXXO,
1569 1765 1586 1800 3

272 1820 419 1857 dicitur
459 1823 567 1870 quod
606 1835 678 1858 non
718 1822 944 1858 dormitabit
982 1834 1099 1870 neque
1138 1823 1282 1858 dormit
1320 1822 1384 1871 qui
1425 1823 1589 1858 custodit

271 1879 407 1915 Israel.
453 1882 542 1916 Non
587 1879 692 1916 enirn
739 1881 855 1916 debet
901 1880 1096 1916 maculari
1135 1879 1280 1916 veniali
1320 1889 1388 1916 aut
1429 1880 1590 1917 mortali

272 1945 439 1985 peccato
484 1937 551 1986 qui
604 1938 781 1974 custodit
832 1937 1166 1974 communitatem
1212 1938 1412 1974 videntem
1459 1940 1588 1974 Deum

272 2007 343 2042 per
376 1994 510 2032 fidem.

328 2053 635 2090 Tribulaciones
681 2066 774 2101 ergo
814 2066 913 2102 quas
958 2053 1135 2101 patimur
1173 2067 1194 2090 a
1234 2053 1495 2102 pestilenciis,
1540 2055 1589 2091 ab
1633 2055 1847 2104 Tribnlations

273 2123 377 2157 aere,
412 2111 758 2160 distemperanciis
798 2111 1092 2148 incucientibus
1126 2113 1261 2161 quoad
1294 2112 1588 2148 nutrimentum
1605 2091 1880 2161 slicigkdgrpfflbeeus

274 2177 310 2205 et
353 2169 582 2215 sanitatem,
624 2169 984 2218 distemperancias
1031 2170 1215 2218 corporis
1260 2179 1297 2206 et
1336 2170 1441 2207 bella
1485 2170 1589 2207 inter
1610 2161 1879 2233 freednt'gng-this

272 2235 409 2275 gentes
444 2236 481 2264 et
514 2240 649 2276 regna,
684 2228 901 2265 excitarent
933 2237 1085 2265 tactum
1120 2228 1323 2265 interioris
1357 2228 1532 2264 hominis
1567 2242 1589 2265 a

273 2297 446 2333 sompno
479 2285 636 2334 peccati
669 2288 719 2323 ad
753 2286 1065 2323 desiderandum
1107 2288 1156 2323 ab
1190 2287 1265 2323 hac
1300 2285 1459 2323 miseria
1492 2286 1589 2323 libe-

271 2342 365 2379 rari.
399 2343 464 2380 Sic
497 2343 603 2380 enim
637 2354 798 2381 sanctus
822 2346 1003 2381 Andreas
1028 2344 1120 2381 licet
1143 2345 1273 2393 potuit
1300 2344 1429 2381 noluit
1453 2354 1589 2382 tamen

271 2402 319 2437 de
352 2414 471 2438 cruce
503 2403 664 2450 deponi.

342 2531 362 2551 1.
384 2523 457 2550 DG:
485 2524 636 2551 incursus.
749 2525 772 2552 5.
793 2525 835 2552 D:
863 2525 996 2552 veniens.
1105 2526 1132 2552 (3.
1157 2525 1199 2552 G:
1227 2525 1437 2562 infrigidatur
1447 2536 1457 2557 ‚·
1482 2526 1521 2553 ib.
1544 2526 1586 2553 H:

271 2557 485 2593 qfsluctuante.
628 2566 655 2593 9.
676 2559 781 2587 ADG:
800 2559 886 2594 fiunt
909 2561 952 2587 ad
976 2561 1127 2587 meritum.
1272 2569 1311 2588 10.
1339 2562 1383 2588 A:
1410 2560 1451 2588 Et
1475 2561 1587 2588 nullus.

273 2601 380 2620 10—12.
396 2593 437 2620 D:
458 2593 565 2620 nis'i—
578 2594 681 2622 carnis
693 2594 791 2622 twice.
866 2594 903 2622 13.
927 2595 969 2622 H:
991 2595 1200 2622 interrestres.
1276 2596 1312 2622 15.
1326 2596 1416 2628 son&
1437 2596 1479 2623 ita
1494 2596 1585 2623 codd.

273 2635 312 2660 17.
334 2628 377 2655 A:
395 2628 512 2663 premii
529 2628 624 2656 deest.
697 2629 738 2656 18.
760 2629 833 2656 DH:
855 2630 1004 2661 interior,-
1033 2630 1076 2657 G:
1098 2630 1199 2658 timor.
1275 2638 1316 2665 19,
1338 2638 1385 2657 20.
1406 2630 1480 2657 DG:
1505 2630 1588 2665 fati-

271 2665 367 2697 gatur
394 2678 427 2682 —
453 2670 581 2698 sompno
613 2671 703 2698 quam
735 2664 830 2691 deest.
974 2673 1021 2692 20.
1054 2665 1099 2691 H:
1131 2665 1223 2693 homo
1255 2665 1388 2692 interior
1419 2673 1477 2692 non
1520 2665 1587 2692 Ἴ[τις.

271 2705 310 2724 21.
331 2697 374 2724 D:
401 2697 489 2724 dixit.
573 2705 615 2724 22.
636 2699 682 2725 A:
710 2698 841 2734 vigilate
859 2699 957 2726 twice.
1041 2699 1070 2725 23
1105 2699 1147 2726 H:
1177 2702 1211 2726 ut
1229 2700 1260 2726 in
1283 2699 1420 2728 Psalmo:
1447 2700 1487 2726 ib.
1557 2700 1585 2726 in

271 2740 383 2765 marg:
412 2732 458 2759 De
480 2732 611 2767 prelatis
635 2733 750 2760 dicitur
795 2734 858 2761 uod
880 2742 942 2761 non
962 2721 1141 2762 dormitizbit
1158 2742 1255 2769 m’que
1274 2734 1389 2762 dormit
1407 2735 1462 2769 qui
1479 2742 1525 2762 cu.
1548 2735 1587 2761 Is.

271 2774 314 2801 27.
336 2767 380 2794 H:
403 2768 451 2793 vel
469 2767 603 2794 mortali.
677 2767 721 2796 28.
743 2769 771 2795 A
788 2768 849 2795 ³G:
871 2769 1003 2796 vidente.
1078 2768 1123 2795 30.
1146 2769 1222 2796 DG:
1244 2769 1355 2805 igitur.

342 2848 394 2870 21.
421 2839 559 2869 Rectius
586 2840 689 2870 Marci
714 2840 799 2879 XIII,
828 2841 885 2882 37:
918 2839 1020 2879 Quod
1045 2845 1163 2873 autem
1193 2842 1286 2873 vobis
1313 2841 1400 2881 dico,
1428 2841 1586 2873 omnibus

271 2884 369 2917 dico.-
403 2885 561 2928 Vigilate.
