2062 3276
185 897 222 917 10

185 1767 200 1788 {A

236 250 372 280 semro
394 240 492 298 xiv]
718 252 911 293 QUARTA
939 252 1064 283 PARS.

237 371 321 399 tare
353 370 391 398 et
423 361 464 397 in
488 373 580 398 casu
603 360 785 397 occidere
808 361 1097 396 adversantem.
1132 360 1211 394 Nec
1234 357 1390 394 videtur
1413 357 1553 394 fratres

237 419 305 469 qui
337 419 421 456 sine
457 418 662 456 evidencia
694 427 785 455 sunt
818 417 930 453 istius
964 415 1118 464 negocii
1154 424 1434 464 procuratores
1467 427 1553 462 pre·

237 477 345 526 cipui
379 477 486 514 aliud
519 478 676 513 lucrum
710 488 752 512 ex
787 476 861 511 hoc
894 474 1069 522 recipere
1103 473 1177 510 nisi
1210 474 1310 510 forte
1342 481 1385 508 ut
1418 481 1553 509 aucto-

237 536 409 572 risentur
453 537 502 572 ab
547 535 671 571 altero
716 533 885 570 istorum
930 545 1127 581 paparum
1172 533 1222 568 ad
1274 543 1395 578 regna
1448 539 1553 578 post-

238 595 402 630 modum
457 592 618 630 caucius
671 591 893 640 spolianda,
948 591 1014 626 sed
1070 589 1158 626 finis
1210 588 1310 625 alius
1364 596 1553 635 sequetur

237 652 508 700 postmodum,
553 649 701 686 scilicet
746 658 881 685 eterna
926 647 1167 696 dampnacio
1211 659 1331 695 quam
1372 645 1553 682 Christus

238 709 409 746 finaliter
442 708 636 744 retribuet
668 706 928 744 Antichristo.

296 767 529 803 Consideret
562 779 659 813 rogo
693 765 819 801 fidelis
852 764 883 800 si
918 764 1091 812 populus
1125 772 1332 799 extraneus
1371 762 1470 797 foret
1514 760 1553 797 in

238 837 360 873 regno
383 824 522 872 Anglie
556 823 673 859 nimis
707 822 951 871 proditorius
985 821 1051 869 qui
1086 821 1251 857 subdole
1285 813 1461 856 curreret
1485 831 1554 866 per

238 883 320 919 eius
365 882 514 931 patrias
558 891 594 918 et
640 882 912 918 fraudulenter
956 879 1159 915 intimaret
1212 876 1421 926 regnicolis
1474 876 1554 912 suis

238 942 312 977 hoc
346 953 428 977 esse
462 942 509 976 de
532 939 633 987 regis
658 938 922 987 beneplacit0‚
948 939 1020 973 hoc
1044 946 1179 973 tamen
1203 936 1392 972 existente
1416 935 1554 970 volun-

237 998 307 1035 tati
342 998 442 1046 regis
476 997 690 1043 contrario,
736 996 943 1033 simularet
988 996 1113 1031 multa
1154 994 1284 1031 media
1317 991 1555 1029 inducencia

238 1057 431 1105 populum
472 1057 521 1093 ad
567 1056 810 1092 credendum
856 1064 892 1090 et
937 1067 1007 1102 per
1052 1054 1124 1089 hoc
1170 1054 1278 1101 quod
1322 1051 1427 1087 istud
1472 1062 1555 1086 esse

237 1114 433 1152 voluntati
467 1113 569 1162 regis
614 1112 860 1150 contrarium
906 1125 950 1148 ac
995 1111 1120 1147 eciam
1169 1110 1256 1159 paci
1301 1108 1411 1157 regni
1455 1108 1555 1145 foret

205 1176 282 1210 ΕΘΚ
316 1172 406 1209 hinc
439 1172 549 1220 regni
583 1170 837 1220 perturbacio
867 1170 1069 1211 suscitata,
1104 1181 1237 1205 nonne
1261 1169 1361 1204 foret
1383 1166 1555 1215 populus

238 1231 301 1267 ille
334 1240 541 1278 tamquam
575 1229 789 1278 precipuus
832 1228 1013 1276 proditor
1056 1227 1157 1275 regis
1202 1235 1239 1263 et
1274 1225 1381 1274 regni
1414 1223 1555 1272 Anglie

238 1289 459 1325 odiendus?
504 1288 630 1324 Multo
676 1287 801 1335 magis
846 1287 1102 1334 blasphemus
1143 1284 1322 1333 proditor
1354 1284 1455 1319 foret
1487 1282 1555 1330 qui

238 1356 494 1394 attemptaret
528 1345 849 1394 proporcionalia
881 1344 919 1380 in
954 1343 1119 1380 ecclesia
1164 1342 1265 1390 regis
1310 1354 1462 1389 regum.
1509 1343 1555 1376 Et

240 1405 295 1441 sic
328 1404 480 1441 faciunt
513 1405 654 1441 fratres
688 1403 727 1439 in
761 1402 926 1439 ecclesia
961 1401 1167 1438 militante.
1209 1401 1248 1437 Si
1281 1409 1414 1437 autem
1449 1399 1556 1435 fraus

240 1462 459 1512 proditoria
492 1463 593 1498 foret
626 1474 836 1509 suggerere
882 1462 930 1497 ad
965 1459 1253 1507 spoliacionem
1299 1456 1475 1495 thesauri
1520 1465 1556 1492 et

240 1521 445 1558 accionem
492 1520 701 1556 hominum
747 1518 857 1566 regni
903 1517 1041 1561 nostri,
1088 1526 1239 1565 quanto
1285 1515 1410 1564 magis
1455 1515 1556 1550 foret

241 1580 348 1616 fraus
393 1578 601 1626 dyabolica
653 1576 900 1613 simulatorie
952 1575 1156 1624 predicare
1208 1577 1256 1612 ad
1309 1576 1555 1622 depaupera-

241 1637 398 1674 cionem
433 1636 525 1673 fidei
559 1635 668 1684 regni
702 1644 739 1671 et
773 1634 1093 1683 deperdicionem
1130 1632 1307 1669 fidelium
1338 1631 1446 1680 regni
1469 1630 1553 1666 Dei.

242 1697 283 1732 In
318 1704 530 1743 utramque
553 1703 686 1731 autem
711 1693 877 1730 istarum
903 1693 1088 1729 fraudum
1114 1693 1253 1728 fratres
1278 1689 1553 1734 consenciunt,

209 1756 333 1790 ffcum
367 1753 585 1789 informant
618 1761 775 1788 nostros
809 1750 1031 1799 regnicolas
1076 1750 1115 1786 in
1148 1749 1223 1786 ista
1255 1748 1423 1797 perfidia
1456 1756 1556 1784 tarn-

241 1825 363 1860 quam
409 1811 486 1847 fide
531 1812 639 1859 quod
684 1823 730 1846 eo
774 1809 860 1857 ipso
905 1822 985 1857 quo
1029 1808 1119 1856 quis
1164 1806 1360 1844 contritus
1393 1815 1429 1843 et
1463 1818 1556 1842 con-

241 1871 366 1906 fessus
390 1878 749 1917 quantumcunque
776 1867 979 1903 modicum
1004 1865 1243 1903 laboraverit
1274 1865 1315 1901 in
1339 1866 1411 1901 hac
1437 1876 1557 1901 causa

241 1927 325 1964 sine
358 1940 460 1975 pena
493 1928 543 1963 ad
576 1926 747 1974 patriam
780 1925 964 1962 evolabit.
1011 1927 1058 1960 Et
1103 1937 1194 1961 cum
1229 1925 1302 1960 hoc
1336 1923 1385 1959 sit
1418 1922 1556 1958 infide-

242 1985 455 2031 lissimum,
501 1994 610 2033 patet
642 1997 763 2032 quam
799 1983 912 2019 multi
946 1984 992 2019 de
1027 1981 1172 2019 nostris
1217 1980 1428 2029 regnicolis
1472 1979 1557 2016 istis

242 2042 720 2092 pseudoexortacionibus
765 2050 857 2077 sunt
901 2041 1065 2077 seducti.
1124 2041 1171 2076 Et
1217 2052 1306 2076 cum
1351 2038 1434 2075 sine
1480 2037 1556 2073 fide

241 2101 486 2150 impossibile
520 2110 577 2137 est
610 2101 768 2149 placere
801 2102 897 2145 Deo,
944 2098 1072 2135 evidet
1117 2099 1224 2146 quod
1260 2097 1374 2133 multi
1409 2095 1555 2132 mortui

242 2160 282 2196 in
316 2161 389 2196 hoc
424 2172 517 2196 casu
550 2160 680 2195 forent
713 2157 859 2206 perditi
893 2159 941 2194 ad
976 2157 1190 2193 infernum.
1225 2155 1329 2192 Dicit
1353 2154 1457 2191 enim
1482 2153 1556 2190 ista

242 2219 476 2266 blasphema
519 2217 689 2253 societas
734 2217 842 2264 quod
888 2215 962 2251 ista
1015 2213 1292 2263 peregrinacio
1346 2222 1402 2250 est
1454 2211 1555 2248 tanti

240 2276 387 2313 valoris
420 2277 528 2324 quod
562 2274 739 2323 qualibet
772 2274 854 2310 eius
899 2282 1011 2321 parte
1056 2272 1320 2321 quantitativa
1364 2271 1557 2307 itinerans

209 2333 532 2370 5beatitudinem
567 2341 833 2381 promeretur,
874 2345 955 2367 non
988 2331 1042 2368 sic
1077 2344 1213 2367 revera
1246 2330 1318 2366 fuit
1350 2330 1390 2366 in
1424 2329 1557 2365 defen-

242 2392 352 2429 sione
386 2404 503 2428 cause
537 2390 684 2428 Christi
719 2399 859 2427 contra
898 2403 990 2426 suos
1031 2391 1176 2427 hostes.
1217 2401 1306 2425 cum
1342 2390 1480 2423 Petrus
1514 2398 1557 2422 ex

243 2452 316 2487 hoc
350 2452 457 2498 quod
490 2448 705 2486 absciderit
738 2461 875 2485 aurern
910 2447 1056 2484 Malchi
1089 2447 1161 2483 fuit
1194 2460 1215 2483 a
1250 2445 1424 2482 Domino
1456 2454 1557 2481 tam-

242 2522 364 2557 quam
404 2521 493 2544 reus
533 2506 712 2544 criminis
751 2508 1000 2554 reprobatus.
1048 2507 1095 2541 Et
1129 2505 1183 2541 sic
1217 2506 1394 2541 notando
1428 2512 1556 2539 totum

243 2580 404 2603 cursum
439 2565 603 2603 ecclesie
636 2578 717 2602 non
750 2564 976 2601 invenietur
1008 2563 1085 2601 alia
1118 2563 1246 2600 viacio
1278 2563 1339 2599 vel
1370 2560 1557 2610 operacio

313 2722 342 2745 4.
364 2714 408 2740 A:
431 2712 500 2739 isto.
584 2720 612 2747 9.
634 2712 678 2738 A:
700 2714 843 2738 curreret
860 2711 962 2742 deest:
983 2710 1024 2737 ib.
1046 2709 1070 2736 E
1091 2709 1119 2736 in
1142 2717 1255 2744 marg:
1278 2708 1358 2736 Nota
1380 2708 1556 2741 exemplum.

245 2756 286 2780 ¹4-
308 2748 347 2775 E:
364 2748 464 2783 pacis.
532 2744 575 2774 23.
590 2747 635 2773 A:
658 2746 754 2782 regni
772 2745 882 2773 nostri.
950 2753 994 2779 27.
1016 2744 1085 2772 DE:
1106 2744 1257 2771 modicum
1277 2743 1371 2771 deest.
1445 2741 1491 2776 37.
1513 2742 1556 2769 A:

245 2782 348 2811 Malct'.
420 2781 467 2817 39.
489 2782 534 2809 A:
562 2781 718 2808 invenitur
735 2781 842 2816 aliqua
864 2780 922 2808 ι’ῐα,

316 2888 368 2919 27.
396 2877 446 2908 Cf.
463 2875 716 2918 Vk'alsingham,
745 2877 830 2907 Hist.
850 2875 950 2917 Angl.
971 2875 1007 2914 ΙΙ,
1028 2885 1080 2917 78¹³
1100 2873 1154 2905 80.
1174 2874 1300 2905 Forma
1320 2872 1557 2904 absolutionis.

1765 253 1839 288 119

1615 767 1682 795 The
1703 768 1793 795 fri-ars

1588 802 1714 837 pretend
1736 807 1766 829 to
1789 802 1824 830 be

1610 845 1803 872 inessengcrs

1581 872 1662 899 from
1684 872 1734 899 the
1754 871 1834 907 King

1594 906 1744 946 of'kings,
1767 907 1820 934 but

1597 946 1817 977 misrepresent

1633 976 1689 1004 His
1709 976 1781 1004 will.

1588 1683 1686 1711 Tlieir
1704 1683 1821 1710 wicked

1648 1718 1766 1746 frauds.
