<?xml version="1.0" encoding="UTF-8"?>
<!DOCTYPE html PUBLIC "-//W3C//DTD XHTML 1.0 Transitional//EN"
    "http://www.w3.org/TR/xhtml1/DTD/xhtml1-transitional.dtd">
<html xmlns="http://www.w3.org/1999/xhtml" xml:lang="en" lang="en">
 <head>
  <title>
</title>
<meta http-equiv="Content-Type" content="text/html;charset=utf-8" />
  <meta name='ocr-system' content='tesseract 3.04.00' />
  <meta name='ocr-capabilities' content='ocr_page ocr_carea ocr_par ocr_line ocrx_word'/>
</head>
<body>
  <div class='ocr_page' id='page_1' title='image "./iohanniswyclifse0704wycl_0229.png"; bbox 0 0 2062 3276; ppageno 0'>
   <div class='ocr_carea' id='block_1_1' title="bbox 260 243 1072 299">
    <p class='ocr_par' dir='ltr' id='par_1_1' title="bbox 260 243 1072 299">
     <span class='ocr_line' id='line_1_1' title="bbox 260 243 1072 299; baseline 0.01 -18"><span class='ocrx_word' id='word_1_1' title='bbox 260 253 394 281; x_wconf 57' lang='lat' dir='ltr'><strong>samio</strong></span> <span class='ocrx_word' id='word_1_2' title='bbox 418 243 542 299; x_wconf 67' lang='lat' dir='ltr'><strong>xxiv]</strong></span> <span class='ocrx_word' id='word_1_3' title='bbox 727 258 917 295; x_wconf 62' lang='lat' dir='ltr'>‹21szin</span> <span class='ocrx_word' id='word_1_4' title='bbox 948 258 1072 289; x_wconf 53' lang='lat' dir='ltr'><strong>inias.</strong></span> 
     </span>
    </p>
   </div>
   <div class='ocr_carea' id='block_1_2' title="bbox 193 363 1569 2496">
    <p class='ocr_par' dir='ltr' id='par_1_2' title="bbox 201 363 1568 920">
     <span class='ocr_line' id='line_1_2' title="bbox 259 363 1566 412; baseline 0.002 -15"><span class='ocrx_word' id='word_1_5' title='bbox 259 363 468 409; x_wconf 77' lang='lat' dir='ltr'><strong>corporale</strong></span> <span class='ocrx_word' id='word_1_6' title='bbox 503 372 559 398; x_wconf 80' lang='lat' dir='ltr'><strong>est</strong></span> <span class='ocrx_word' id='word_1_7' title='bbox 594 363 843 400; x_wconf 81' lang='lat' dir='ltr'><strong>condicionis</strong></span> <span class='ocrx_word' id='word_1_8' title='bbox 878 363 1076 411; x_wconf 81' lang='lat' dir='ltr'><strong>opposite,</strong></span> <span class='ocrx_word' id='word_1_9' title='bbox 1123 377 1168 400; x_wconf 85' lang='lat' dir='ltr'><strong>eo</strong></span> <span class='ocrx_word' id='word_1_10' title='bbox 1209 365 1316 412; x_wconf 83' lang='lat' dir='ltr'><strong>quod</strong></span> <span class='ocrx_word' id='word_1_11' title='bbox 1352 374 1566 412; x_wconf 79' lang='lat' dir='ltr'><strong>quantum-</strong></span> 
     </span>
     <span class='ocr_line' id='line_1_3' title="bbox 258 419 1568 468; baseline 0.002 -13"><span class='ocrx_word' id='word_1_12' title='bbox 258 431 414 468; x_wconf 84' lang='lat' dir='ltr'>cunque</span> <span class='ocrx_word' id='word_1_13' title='bbox 448 419 664 457; x_wconf 87' lang='lat' dir='ltr'><strong>bellicosus</strong></span> <span class='ocrx_word' id='word_1_14' title='bbox 699 421 814 457; x_wconf 89' lang='lat' dir='ltr'><strong>fuerit</strong></span> <span class='ocrx_word' id='word_1_15' title='bbox 849 421 975 462; x_wconf 79' lang='lat' dir='ltr'><strong>miles,</strong></span> <span class='ocrx_word' id='word_1_16' title='bbox 1017 420 1253 458; x_wconf 82' lang='lat' dir='ltr'>adveniente</span> <span class='ocrx_word' id='word_1_17' title='bbox 1287 431 1491 458; x_wconf 78' lang='lat' dir='ltr'><strong>senectute</strong></span> <span class='ocrx_word' id='word_1_18' title='bbox 1526 423 1568 458; x_wconf 82' lang='lat' dir='ltr'><strong>fit</strong></span> 
     </span>
     <span class='ocr_line' id='line_1_4' title="bbox 255 478 1567 527; baseline 0.002 -14"><span class='ocrx_word' id='word_1_19' title='bbox 255 486 465 514; x_wconf 86' lang='lat' dir='ltr'><strong>veteranus</strong></span> <span class='ocrx_word' id='word_1_20' title='bbox 499 488 535 515; x_wconf 91' lang='lat' dir='ltr'><strong>et</strong></span> <span class='ocrx_word' id='word_1_21' title='bbox 569 478 769 527; x_wconf 80' lang='lat' dir='ltr'><strong>impotens</strong></span> <span class='ocrx_word' id='word_1_22' title='bbox 802 480 851 515; x_wconf 89' lang='lat' dir='ltr'><strong>ad</strong></span> <span class='ocrx_word' id='word_1_23' title='bbox 886 479 1130 515; x_wconf 85' lang='lat' dir='ltr'><strong>bellandum.</strong></span> <span class='ocrx_word' id='word_1_24' title='bbox 1166 481 1212 515; x_wconf 84' lang='lat' dir='ltr'><strong>Et</strong></span> <span class='ocrx_word' id='word_1_25' title='bbox 1246 479 1276 515; x_wconf 88' lang='lat' dir='ltr'><strong>si</strong></span> <span class='ocrx_word' id='word_1_26' title='bbox 1311 478 1455 516; x_wconf 89' lang='lat' dir='ltr'><strong>iniuste</strong></span> <span class='ocrx_word' id='word_1_27' title='bbox 1489 481 1567 516; x_wconf 88' lang='lat' dir='ltr'><strong>bel-</strong></span> 
     </span>
     <span class='ocr_line' id='line_1_5' title="bbox 257 534 1565 585; baseline 0.002 -15"><span class='ocrx_word' id='word_1_28' title='bbox 257 534 407 581; x_wconf 81' lang='lat' dir='ltr'><strong>laverit,</strong></span> <span class='ocrx_word' id='word_1_29' title='bbox 443 536 550 584; x_wconf 85' lang='lat' dir='ltr'><strong>capit</strong></span> <span class='ocrx_word' id='word_1_30' title='bbox 595 535 865 573; x_wconf 88' lang='lat' dir='ltr'><strong>communiter</strong></span> <span class='ocrx_word' id='word_1_31' title='bbox 904 536 1161 573; x_wconf 82' lang='lat' dir='ltr'><strong>occasionem</strong></span> <span class='ocrx_word' id='word_1_32' title='bbox 1196 549 1239 573; x_wconf 86' lang='lat' dir='ltr'><strong>ex</strong></span> <span class='ocrx_word' id='word_1_33' title='bbox 1285 537 1472 585; x_wconf 83' lang='lat' dir='ltr'><strong>superbia</strong></span> <span class='ocrx_word' id='word_1_34' title='bbox 1517 539 1565 574; x_wconf 84' lang='lat' dir='ltr'><strong>ad</strong></span> 
     </span>
     <span class='ocr_line' id='line_1_6' title="bbox 225 592 1567 643; baseline 0.003 -16"><span class='ocrx_word' id='word_1_35' title='bbox 225 592 484 629; x_wconf 54' lang='lat' dir='ltr'><strong>&amp;iterandum</strong></span> <span class='ocrx_word' id='word_1_36' title='bbox 517 602 726 642; x_wconf 81' lang='lat' dir='ltr'><strong>peccatum</strong></span> <span class='ocrx_word' id='word_1_37' title='bbox 752 606 794 630; x_wconf 84' lang='lat' dir='ltr'><strong>ex</strong></span> <span class='ocrx_word' id='word_1_38' title='bbox 820 594 1123 642; x_wconf 85' lang='lat' dir='ltr'><strong>complacencia</strong></span> <span class='ocrx_word' id='word_1_39' title='bbox 1146 607 1357 643; x_wconf 83' lang='lat' dir='ltr'><strong>pomposa.</strong></span> <span class='ocrx_word' id='word_1_40' title='bbox 1393 598 1567 632; x_wconf 78' lang='lat' dir='ltr'><strong>Econtra</strong></span> 
     </span>
     <span class='ocr_line' id='line_1_7' title="bbox 256 651 1566 700; baseline 0.002 -14"><span class='ocrx_word' id='word_1_41' title='bbox 256 659 388 687; x_wconf 74' lang='lat' dir='ltr'><strong>nutem</strong></span> <span class='ocrx_word' id='word_1_42' title='bbox 423 651 453 687; x_wconf 88' lang='lat' dir='ltr'><strong>si</strong></span> <span class='ocrx_word' id='word_1_43' title='bbox 488 651 576 700; x_wconf 90' lang='lat' dir='ltr'><strong>quis</strong></span> <span class='ocrx_word' id='word_1_44' title='bbox 609 652 796 688; x_wconf 87' lang='lat' dir='ltr'><strong>bellando</strong></span> <span class='ocrx_word' id='word_1_45' title='bbox 837 661 1000 700; x_wconf 86' lang='lat' dir='ltr'><strong>superat</strong></span> <span class='ocrx_word' id='word_1_46' title='bbox 1045 665 1221 696; x_wconf 85' lang='lat' dir='ltr'><strong>carnem,</strong></span> <span class='ocrx_word' id='word_1_47' title='bbox 1269 655 1461 689; x_wconf 89' lang='lat' dir='ltr'><strong>mundum</strong></span> <span class='ocrx_word' id='word_1_48' title='bbox 1508 654 1566 689; x_wconf 91' lang='lat' dir='ltr'><strong>vel</strong></span> 
     </span>
     <span class='ocr_line' id='line_1_8' title="bbox 255 709 1567 758; baseline 0.002 -14"><span class='ocrx_word' id='word_1_49' title='bbox 255 709 485 755; x_wconf 73' lang='lat' dir='ltr'><strong>dyabolum,</strong></span> <span class='ocrx_word' id='word_1_50' title='bbox 542 709 584 745; x_wconf 90' lang='lat' dir='ltr'><strong>fit</strong></span> <span class='ocrx_word' id='word_1_51' title='bbox 630 722 672 746; x_wconf 83' lang='lat' dir='ltr'><strong>ex</strong></span> <span class='ocrx_word' id='word_1_52' title='bbox 718 722 848 758; x_wconf 83' lang='lat' dir='ltr'><strong>pugne</strong></span> <span class='ocrx_word' id='word_1_53' title='bbox 896 710 999 746; x_wconf 88' lang='lat' dir='ltr'><strong>virili</strong></span> <span class='ocrx_word' id='word_1_54' title='bbox 1052 711 1364 747; x_wconf 90' lang='lat' dir='ltr'><strong>continuacione</strong></span> <span class='ocrx_word' id='word_1_55' title='bbox 1418 711 1567 747; x_wconf 89' lang='lat' dir='ltr'><strong>foreior</strong></span> 
     </span>
     <span class='ocr_line' id='line_1_9' title="bbox 255 766 1567 816; baseline 0.002 -14"><span class='ocrx_word' id='word_1_56' title='bbox 255 766 381 803; x_wconf 82' lang='lat' dir='ltr'><strong>eciam</strong></span> <span class='ocrx_word' id='word_1_57' title='bbox 416 779 543 815; x_wconf 87' lang='lat' dir='ltr'><strong>usque</strong></span> <span class='ocrx_word' id='word_1_58' title='bbox 576 768 624 804; x_wconf 85' lang='lat' dir='ltr'><strong>ad</strong></span> <span class='ocrx_word' id='word_1_59' title='bbox 667 776 837 804; x_wconf 88' lang='lat' dir='ltr'><strong>mortem</strong></span> <span class='ocrx_word' id='word_1_60' title='bbox 883 777 919 804; x_wconf 92' lang='lat' dir='ltr'><strong>et</strong></span> <span class='ocrx_word' id='word_1_61' title='bbox 968 782 1101 816; x_wconf 73' lang='lat' dir='ltr'><strong>pugna</strong></span> <span class='ocrx_word' id='word_1_62' title='bbox 1147 768 1425 805; x_wconf 80' lang='lat' dir='ltr'><strong>delectabilior</strong></span> <span class='ocrx_word' id='word_1_63' title='bbox 1465 768 1567 805; x_wconf 90' lang='lat' dir='ltr'><strong>sicut</strong></span> 
     </span>
     <span class='ocr_line' id='line_1_10' title="bbox 256 824 1567 864; baseline 0.002 -4"><span class='ocrx_word' id='word_1_64' title='bbox 256 833 388 860; x_wconf 88' lang='lat' dir='ltr'><strong>motus</strong></span> <span class='ocrx_word' id='word_1_65' title='bbox 440 824 636 862; x_wconf 83' lang='lat' dir='ltr'><strong>naturalis</strong></span> <span class='ocrx_word' id='word_1_66' title='bbox 689 825 928 862; x_wconf 68' lang='lat' dir='ltr'><strong>velocitatur</strong></span> <span class='ocrx_word' id='word_1_67' title='bbox 981 839 1117 863; x_wconf 79' lang='lat' dir='ltr'><strong>versus</strong></span> <span class='ocrx_word' id='word_1_68' title='bbox 1172 827 1289 863; x_wconf 88' lang='lat' dir='ltr'><strong>finem</strong></span> <span class='ocrx_word' id='word_1_69' title='bbox 1345 837 1381 864; x_wconf 90' lang='lat' dir='ltr'><strong>et</strong></span> <span class='ocrx_word' id='word_1_70' title='bbox 1436 836 1567 863; x_wconf 86' lang='lat' dir='ltr'><strong>motus</strong></span> 
     </span>
     <span class='ocr_line' id='line_1_11' title="bbox 201 881 679 920; baseline 0.004 -3"><span class='ocrx_word' id='word_1_71' title='bbox 201 895 238 916; x_wconf 84' lang='lat'><strong>10</strong></span> <span class='ocrx_word' id='word_1_72' title='bbox 254 881 450 919; x_wconf 78' lang='lat' dir='ltr'><strong>violentus</strong></span> <span class='ocrx_word' id='word_1_73' title='bbox 485 884 679 920; x_wconf 80' lang='lat' dir='ltr'><strong>tardatur.</strong></span> 
     </span>
    </p>

    <p class='ocr_par' dir='ltr' id='par_1_3' title="bbox 253 939 1566 1164">
     <span class='ocr_line' id='line_1_12' title="bbox 313 939 1566 991; baseline 0.002 -15"><span class='ocrx_word' id='word_1_74' title='bbox 313 939 473 977; x_wconf 82' lang='lat' dir='ltr'><strong>Utilitas</strong></span> <span class='ocrx_word' id='word_1_75' title='bbox 507 953 600 977; x_wconf 89' lang='lat' dir='ltr'><strong>vero</strong></span> <span class='ocrx_word' id='word_1_76' title='bbox 634 950 743 989; x_wconf 88' lang='lat' dir='ltr'><strong>patet</strong></span> <span class='ocrx_word' id='word_1_77' title='bbox 778 954 820 978; x_wconf 81' lang='lat' dir='ltr'><strong>ex</strong></span> <span class='ocrx_word' id='word_1_78' title='bbox 854 942 983 978; x_wconf 87' lang='lat' dir='ltr'><strong>fructu</strong></span> <span class='ocrx_word' id='word_1_79' title='bbox 1019 941 1279 979; x_wconf 80' lang='lat' dir='ltr'><strong>beatitudinis</strong></span> <span class='ocrx_word' id='word_1_80' title='bbox 1320 955 1566 991; x_wconf 90' lang='lat' dir='ltr'><strong>consequen-</strong></span> 
     </span>
     <span class='ocr_line' id='line_1_13' title="bbox 254 997 1566 1049; baseline 0.002 -16"><span class='ocrx_word' id='word_1_81' title='bbox 254 997 302 1033; x_wconf 87' lang='lat' dir='ltr'><strong>tis</strong></span> <span class='ocrx_word' id='word_1_82' title='bbox 336 1011 412 1046; x_wconf 89' lang='lat' dir='ltr'><strong>que</strong></span> <span class='ocrx_word' id='word_1_83' title='bbox 445 999 645 1035; x_wconf 90' lang='lat' dir='ltr'><strong>infinitum</strong></span> <span class='ocrx_word' id='word_1_84' title='bbox 682 1008 738 1035; x_wconf 90' lang='lat' dir='ltr'><strong>est</strong></span> <span class='ocrx_word' id='word_1_85' title='bbox 780 1000 907 1036; x_wconf 85' lang='lat' dir='ltr'><strong>maior</strong></span> <span class='ocrx_word' id='word_1_86' title='bbox 952 1013 1072 1048; x_wconf 87' lang='lat' dir='ltr'><strong>quam</strong></span> <span class='ocrx_word' id='word_1_87' title='bbox 1119 1000 1270 1037; x_wconf 88' lang='lat' dir='ltr'><strong>utilitas</strong></span> <span class='ocrx_word' id='word_1_88' title='bbox 1316 1013 1566 1049; x_wconf 87' lang='lat' dir='ltr'><strong>consequens</strong></span> 
     </span>
     <span class='ocr_line' id='line_1_14' title="bbox 253 1057 1566 1105; baseline 0.002 -14"><span class='ocrx_word' id='word_1_89' title='bbox 253 1069 429 1104; x_wconf 76' lang='lat' dir='ltr'><strong>pugnam</strong></span> <span class='ocrx_word' id='word_1_90' title='bbox 476 1057 743 1105; x_wconf 83' lang='lat' dir='ltr'><strong>corporalem.</strong></span> <span class='ocrx_word' id='word_1_91' title='bbox 799 1060 897 1094; x_wconf 85' lang='lat' dir='ltr'><strong>Nam</strong></span> <span class='ocrx_word' id='word_1_92' title='bbox 946 1058 1056 1095; x_wconf 88' lang='lat' dir='ltr'><strong>illam</strong></span> <span class='ocrx_word' id='word_1_93' title='bbox 1102 1058 1193 1094; x_wconf 86' lang='lat' dir='ltr'><strong>licet</strong></span> <span class='ocrx_word' id='word_1_94' title='bbox 1239 1059 1482 1095; x_wconf 81' lang='lat' dir='ltr'><strong>laboriosam</strong></span> <span class='ocrx_word' id='word_1_95' title='bbox 1530 1067 1566 1094; x_wconf 90' lang='lat' dir='ltr'><strong>et</strong></span> 
     </span>
     <span class='ocr_line' id='line_1_15' title="bbox 253 1115 1565 1164; baseline 0.002 -15"><span class='ocrx_word' id='word_1_96' title='bbox 253 1115 450 1151; x_wconf 81' lang='lat' dir='ltr'><strong>tediosam</strong></span> <span class='ocrx_word' id='word_1_97' title='bbox 505 1128 585 1152; x_wconf 89' lang='lat' dir='ltr'><strong>non</strong></span> <span class='ocrx_word' id='word_1_98' title='bbox 639 1115 899 1164; x_wconf 88' lang='lat' dir='ltr'><strong>consequitur</strong></span> <span class='ocrx_word' id='word_1_99' title='bbox 952 1116 1026 1152; x_wconf 88' lang='lat' dir='ltr'><strong>nisi</strong></span> <span class='ocrx_word' id='word_1_100' title='bbox 1058 1117 1119 1153; x_wconf 86' lang='lat' dir='ltr'><strong>vel</strong></span> <span class='ocrx_word' id='word_1_101' title='bbox 1171 1130 1272 1154; x_wconf 81' lang='lat' dir='ltr'><strong>vana</strong></span> <span class='ocrx_word' id='word_1_102' title='bbox 1325 1116 1453 1164; x_wconf 79' lang='lat' dir='ltr'><strong>gloria</strong></span> <span class='ocrx_word' id='word_1_103' title='bbox 1505 1117 1565 1153; x_wconf 85' lang='lat' dir='ltr'><strong>vel</strong></span> 
     </span>
    </p>

    <p class='ocr_par' dir='ltr' id='par_1_4' title="bbox 194 1172 1569 2090">
     <span class='ocr_line' id='line_1_16' title="bbox 200 1172 1563 1223; baseline 0.004 -17"><span class='ocrx_word' id='word_1_104' title='bbox 200 1172 408 1208; x_wconf 59' lang='lat' dir='ltr'><strong>xfilucrum</strong></span> <span class='ocrx_word' id='word_1_105' title='bbox 454 1173 691 1221; x_wconf 83' lang='lat' dir='ltr'><strong>temporale,</strong></span> <span class='ocrx_word' id='word_1_106' title='bbox 746 1182 783 1209; x_wconf 87' lang='lat' dir='ltr'><strong>et</strong></span> <span class='ocrx_word' id='word_1_107' title='bbox 829 1175 905 1210; x_wconf 88' lang='lat' dir='ltr'><strong>hoc</strong></span> <span class='ocrx_word' id='word_1_108' title='bbox 958 1175 1073 1211; x_wconf 87' lang='lat' dir='ltr'><strong>valde</strong></span> <span class='ocrx_word' id='word_1_109' title='bbox 1125 1175 1334 1223; x_wconf 65' lang='lat' dir='ltr'><strong>ambigue:</strong></span> <span class='ocrx_word' id='word_1_110' title='bbox 1388 1187 1563 1223; x_wconf 83' lang='lat' dir='ltr'><strong>pugnam</strong></span> 
     </span>
     <span class='ocr_line' id='line_1_17' title="bbox 253 1230 1566 1280; baseline 0.002 -15"><span class='ocrx_word' id='word_1_111' title='bbox 253 1239 386 1266; x_wconf 82' lang='lat' dir='ltr'><strong>autem</strong></span> <span class='ocrx_word' id='word_1_112' title='bbox 432 1230 683 1279; x_wconf 87' lang='lat' dir='ltr'><strong>spiritualem</strong></span> <span class='ocrx_word' id='word_1_113' title='bbox 724 1241 1048 1269; x_wconf 80' lang='lat' dir='ltr'><strong>consummatam</strong></span> <span class='ocrx_word' id='word_1_114' title='bbox 1089 1233 1265 1280; x_wconf 81' lang='lat' dir='ltr'><strong>legitime</strong></span> <span class='ocrx_word' id='word_1_115' title='bbox 1304 1232 1566 1270; x_wconf 82' lang='lat' dir='ltr'><strong>infallibiliter</strong></span> 
     </span>
     <span class='ocr_line' id='line_1_18' title="bbox 253 1288 1566 1339; baseline 0.002 -16"><span class='ocrx_word' id='word_1_116' title='bbox 253 1288 514 1337; x_wconf 82' lang='lat' dir='ltr'><strong>consequitur</strong></span> <span class='ocrx_word' id='word_1_117' title='bbox 571 1302 722 1326; x_wconf 87' lang='lat' dir='ltr'><strong>corona</strong></span> <span class='ocrx_word' id='word_1_118' title='bbox 775 1300 982 1338; x_wconf 84' lang='lat' dir='ltr'><strong>perpetua.</strong></span> <span class='ocrx_word' id='word_1_119' title='bbox 1047 1292 1139 1327; x_wconf 89' lang='lat' dir='ltr'><strong>Ideo</strong></span> <span class='ocrx_word' id='word_1_120' title='bbox 1200 1291 1295 1328; x_wconf 88' lang='lat' dir='ltr'><strong>dicit</strong></span> <span class='ocrx_word' id='word_1_121' title='bbox 1347 1291 1566 1339; x_wconf 85' lang='lat' dir='ltr'><strong>Apostolus</strong></span> 
     </span>
     <span class='ocr_line' id='line_1_19' title="bbox 255 1347 1569 1398; baseline 0.002 -17"><span class='ocrx_word' id='word_1_122' title='bbox 255 1348 278 1382; x_wconf 86' lang='grc' dir='ltr'><strong>Ι,</strong></span> <span class='ocrx_word' id='word_1_123' title='bbox 305 1348 396 1383; x_wconf 88' lang='lat' dir='ltr'><strong>Cor.</strong></span> <span class='ocrx_word' id='word_1_124' title='bbox 431 1348 515 1392; x_wconf 85' lang='lat' dir='ltr'>IX0‚</span> <span class='ocrx_word' id='word_1_125' title='bbox 542 1349 607 1391; x_wconf 66' lang='lat'><strong>2⁴3,</strong></span> <span class='ocrx_word' id='word_1_126' title='bbox 635 1357 699 1394; x_wconf 79' lang='lat'><strong>27,</strong></span> <span class='ocrx_word' id='word_1_127' title='bbox 734 1350 842 1396; x_wconf 87' lang='lat' dir='ltr'><strong>quod</strong></span> <span class='ocrx_word' id='word_1_128' title='bbox 875 1358 1027 1396; x_wconf 75' lang='lat' dir='ltr'><strong>pugnat</strong></span> <span class='ocrx_word' id='word_1_129' title='bbox 1060 1362 1132 1385; x_wconf 84' lang='lat' dir='ltr'><strong>non</strong></span> <span class='ocrx_word' id='word_1_130' title='bbox 1165 1347 1202 1386; x_wconf 86' lang='lat' dir='ltr'><strong>in</strong></span> <span class='ocrx_word' id='word_1_131' title='bbox 1236 1350 1424 1385; x_wconf 81' lang='lat' dir='ltr'><strong>incertum</strong></span> <span class='ocrx_word' id='word_1_132' title='bbox 1458 1348 1569 1398; x_wconf 78' lang='lat' dir='ltr'><strong>quasi</strong></span> 
     </span>
     <span class='ocr_line' id='line_1_20' title="bbox 251 1405 1566 1456; baseline 0.004 -18"><span class='ocrx_word' id='word_1_133' title='bbox 251 1416 379 1440; x_wconf 76' lang='lat' dir='ltr'><strong>aerem</strong></span> <span class='ocrx_word' id='word_1_134' title='bbox 416 1405 625 1441; x_wconf 75' lang='lat' dir='ltr'><strong>verberans</strong></span> <span class='ocrx_word' id='word_1_135' title='bbox 656 1406 724 1441; x_wconf 80' lang='lat' dir='ltr'><strong>sed</strong></span> <span class='ocrx_word' id='word_1_136' title='bbox 756 1407 923 1456; x_wconf 78' lang='lat' dir='ltr'><strong>castigat</strong></span> <span class='ocrx_word' id='word_1_137' title='bbox 956 1419 1110 1456; x_wconf 75' lang='lat' dir='ltr'><strong>corpus,</strong></span> <span class='ocrx_word' id='word_1_138' title='bbox 1144 1408 1417 1444; x_wconf 86' lang='lat' dir='ltr'><strong>subtrahendo</strong></span> <span class='ocrx_word' id='word_1_139' title='bbox 1452 1419 1566 1443; x_wconf 82' lang='lat' dir='ltr'><strong>occa-</strong></span> 
     </span>
     <span class='ocr_line' id='line_1_21' title="bbox 195 1462 1564 1512; baseline 0.002 -15"><span class='ocrx_word' id='word_1_140' title='bbox 195 1472 236 1493; x_wconf 77' lang='lat'><strong>20</strong></span> <span class='ocrx_word' id='word_1_141' title='bbox 253 1462 406 1498; x_wconf 88' lang='lat' dir='ltr'><strong>sionem</strong></span> <span class='ocrx_word' id='word_1_142' title='bbox 462 1462 654 1511; x_wconf 86' lang='lat' dir='ltr'><strong>peccandi</strong></span> <span class='ocrx_word' id='word_1_143' title='bbox 709 1472 746 1499; x_wconf 92' lang='lat' dir='ltr'><strong>et</strong></span> <span class='ocrx_word' id='word_1_144' title='bbox 798 1464 996 1512; x_wconf 89' lang='lat' dir='ltr'><strong>paciendo</strong></span> <span class='ocrx_word' id='word_1_145' title='bbox 1050 1464 1252 1506; x_wconf 79' lang='lat' dir='ltr'><strong>miserias:</strong></span> <span class='ocrx_word' id='word_1_146' title='bbox 1308 1474 1344 1501; x_wconf 89' lang='lat' dir='ltr'><strong>et</strong></span> <span class='ocrx_word' id='word_1_147' title='bbox 1397 1466 1436 1501; x_wconf 89' lang='lat' dir='ltr'><strong>in</strong></span> <span class='ocrx_word' id='word_1_148' title='bbox 1490 1465 1564 1500; x_wconf 82' lang='lat' dir='ltr'><strong>ista</strong></span> 
     </span>
     <span class='ocr_line' id='line_1_22' title="bbox 253 1519 1564 1571; baseline 0.003 -16"><span class='ocrx_word' id='word_1_149' title='bbox 253 1519 461 1567; x_wconf 80' lang='lat' dir='ltr'><strong>paciencia</strong></span> <span class='ocrx_word' id='word_1_150' title='bbox 495 1520 677 1557; x_wconf 89' lang='lat' dir='ltr'><strong>consistit</strong></span> <span class='ocrx_word' id='word_1_151' title='bbox 710 1522 816 1558; x_wconf 86' lang='lat' dir='ltr'><strong>salus</strong></span> <span class='ocrx_word' id='word_1_152' title='bbox 850 1522 997 1567; x_wconf 83' lang='lat' dir='ltr'><strong>anime,</strong></span> <span class='ocrx_word' id='word_1_153' title='bbox 1045 1531 1081 1559; x_wconf 88' lang='lat' dir='ltr'><strong>et</strong></span> <span class='ocrx_word' id='word_1_154' title='bbox 1114 1522 1170 1559; x_wconf 89' lang='lat' dir='ltr'><strong>sic</strong></span> <span class='ocrx_word' id='word_1_155' title='bbox 1204 1522 1244 1558; x_wconf 91' lang='lat' dir='ltr'><strong>in</strong></span> <span class='ocrx_word' id='word_1_156' title='bbox 1277 1536 1412 1571; x_wconf 83' lang='lat' dir='ltr'><strong>pugna</strong></span> <span class='ocrx_word' id='word_1_157' title='bbox 1447 1535 1564 1559; x_wconf 87' lang='lat' dir='ltr'><strong>evan—</strong></span> 
     </span>
     <span class='ocr_line' id='line_1_23' title="bbox 252 1578 1567 1628; baseline 0.002 -15"><span class='ocrx_word' id='word_1_158' title='bbox 252 1578 376 1625; x_wconf 83' lang='lat' dir='ltr'><strong>gelica</strong></span> <span class='ocrx_word' id='word_1_159' title='bbox 412 1591 492 1615; x_wconf 87' lang='lat' dir='ltr'><strong>non</strong></span> <span class='ocrx_word' id='word_1_160' title='bbox 527 1587 583 1615; x_wconf 88' lang='lat' dir='ltr'><strong>est</strong></span> <span class='ocrx_word' id='word_1_161' title='bbox 617 1579 770 1627; x_wconf 86' lang='lat' dir='ltr'><strong>aliquid</strong></span> <span class='ocrx_word' id='word_1_162' title='bbox 805 1580 1130 1617; x_wconf 85' lang='lat' dir='ltr'><strong>conversacionis</strong></span> <span class='ocrx_word' id='word_1_163' title='bbox 1175 1581 1383 1617; x_wconf 86' lang='lat' dir='ltr'><strong>christiani</strong></span> <span class='ocrx_word' id='word_1_164' title='bbox 1429 1594 1567 1628; x_wconf 78' lang='lat' dir='ltr'><strong>super—</strong></span> 
     </span>
     <span class='ocr_line' id='line_1_24' title="bbox 251 1636 1566 1687; baseline 0.002 -16"><span class='ocrx_word' id='word_1_165' title='bbox 251 1636 390 1681; x_wconf 79' lang='lat' dir='ltr'><strong>fluum,</strong></span> <span class='ocrx_word' id='word_1_166' title='bbox 445 1637 547 1673; x_wconf 86' lang='lat' dir='ltr'><strong>sicut</strong></span> <span class='ocrx_word' id='word_1_167' title='bbox 595 1637 862 1686; x_wconf 85' lang='lat' dir='ltr'><strong>corporaliter</strong></span> <span class='ocrx_word' id='word_1_168' title='bbox 906 1652 1088 1686; x_wconf 80' lang='lat' dir='ltr'><strong>pugnans</strong></span> <span class='ocrx_word' id='word_1_169' title='bbox 1140 1639 1342 1687; x_wconf 80' lang='lat' dir='ltr'><strong>superflue</strong></span> <span class='ocrx_word' id='word_1_170' title='bbox 1394 1638 1566 1687; x_wconf 82' lang='lat' dir='ltr'><strong>percutit</strong></span> 
     </span>
     <span class='ocr_line' id='line_1_25' title="bbox 251 1695 1566 1745; baseline 0.002 -15"><span class='ocrx_word' id='word_1_171' title='bbox 251 1707 405 1739; x_wconf 82' lang='lat' dir='ltr'><strong>aerem,</strong></span> <span class='ocrx_word' id='word_1_172' title='bbox 467 1704 503 1731; x_wconf 93' lang='lat' dir='ltr'><strong>et</strong></span> <span class='ocrx_word' id='word_1_173' title='bbox 563 1695 651 1732; x_wconf 88' lang='lat' dir='ltr'><strong>finis</strong></span> <span class='ocrx_word' id='word_1_174' title='bbox 704 1705 761 1732; x_wconf 89' lang='lat' dir='ltr'><strong>est</strong></span> <span class='ocrx_word' id='word_1_175' title='bbox 814 1696 992 1745; x_wconf 92' lang='lat' dir='ltr'><strong>undique</strong></span> <span class='ocrx_word' id='word_1_176' title='bbox 1046 1696 1222 1733; x_wconf 89' lang='lat' dir='ltr'><strong>incertus</strong></span> <span class='ocrx_word' id='word_1_177' title='bbox 1276 1706 1312 1733; x_wconf 89' lang='lat' dir='ltr'><strong>et</strong></span> <span class='ocrx_word' id='word_1_178' title='bbox 1366 1697 1566 1745; x_wconf 85' lang='lat' dir='ltr'><strong>punctalis</strong></span> 
     </span>
     <span class='ocr_line' id='line_1_26' title="bbox 194 1752 1565 1803; baseline 0.002 -15"><span class='ocrx_word' id='word_1_179' title='bbox 194 1754 434 1801; x_wconf 68' lang='lat' dir='ltr'><strong>25respectu</strong></span> <span class='ocrx_word' id='word_1_180' title='bbox 469 1752 557 1788; x_wconf 87' lang='lat' dir='ltr'><strong>finis</strong></span> <span class='ocrx_word' id='word_1_181' title='bbox 592 1753 769 1799; x_wconf 78' lang='lat' dir='ltr'><strong>alterius,</strong></span> <span class='ocrx_word' id='word_1_182' title='bbox 804 1767 940 1802; x_wconf 84' lang='lat' dir='ltr'><strong>ymmo</strong></span> <span class='ocrx_word' id='word_1_183' title='bbox 974 1767 1063 1791; x_wconf 92' lang='lat' dir='ltr'><strong>cum</strong></span> <span class='ocrx_word' id='word_1_184' title='bbox 1099 1768 1169 1803; x_wconf 89' lang='lat' dir='ltr'><strong>per</strong></span> <span class='ocrx_word' id='word_1_185' title='bbox 1203 1768 1242 1791; x_wconf 91' lang='lat' dir='ltr'><strong>se</strong></span> <span class='ocrx_word' id='word_1_186' title='bbox 1278 1755 1365 1791; x_wconf 90' lang='lat' dir='ltr'><strong>finis</strong></span> <span class='ocrx_word' id='word_1_187' title='bbox 1400 1755 1491 1791; x_wconf 89' lang='lat' dir='ltr'><strong>belli</strong></span> <span class='ocrx_word' id='word_1_188' title='bbox 1517 1755 1565 1790; x_wconf 89' lang='lat' dir='ltr'><strong>sit</strong></span> 
     </span>
     <span class='ocr_line' id='line_1_27' title="bbox 253 1810 1565 1861; baseline 0.001 -14"><span class='ocrx_word' id='word_1_189' title='bbox 253 1823 338 1858; x_wconf 86' lang='lat' dir='ltr'><strong>pax,</strong></span> <span class='ocrx_word' id='word_1_190' title='bbox 384 1810 634 1859; x_wconf 87' lang='lat' dir='ltr'><strong>impossibile</strong></span> <span class='ocrx_word' id='word_1_191' title='bbox 667 1812 716 1848; x_wconf 90' lang='lat' dir='ltr'><strong>sit</strong></span> <span class='ocrx_word' id='word_1_192' title='bbox 751 1825 891 1860; x_wconf 89' lang='lat' dir='ltr'><strong>pacem</strong></span> <span class='ocrx_word' id='word_1_193' title='bbox 927 1813 1064 1849; x_wconf 83' lang='lat' dir='ltr'><strong>haberi</strong></span> <span class='ocrx_word' id='word_1_194' title='bbox 1099 1813 1182 1849; x_wconf 91' lang='lat' dir='ltr'><strong>sine</strong></span> <span class='ocrx_word' id='word_1_195' title='bbox 1216 1826 1314 1861; x_wconf 89' lang='lat' dir='ltr'><strong>pace</strong></span> <span class='ocrx_word' id='word_1_196' title='bbox 1355 1826 1445 1850; x_wconf 88' lang='lat' dir='ltr'><strong>cum</strong></span> <span class='ocrx_word' id='word_1_197' title='bbox 1481 1815 1565 1849; x_wconf 90' lang='lat' dir='ltr'><strong>Deo</strong></span> 
     </span>
     <span class='ocr_line' id='line_1_28' title="bbox 251 1868 1566 1920; baseline 0.002 -17"><span class='ocrx_word' id='word_1_198' title='bbox 251 1868 357 1905; x_wconf 83' lang='lat' dir='ltr'><strong>iuxta</strong></span> <span class='ocrx_word' id='word_1_199' title='bbox 390 1868 487 1904; x_wconf 87' lang='lat' dir='ltr'><strong>illud</strong></span> <span class='ocrx_word' id='word_1_200' title='bbox 520 1871 592 1904; x_wconf 87' lang='lat' dir='ltr'><strong>Job</strong></span> <span class='ocrx_word' id='word_1_201' title='bbox 618 1871 701 1914; x_wconf 69' lang='lat' dir='ltr'>IXs&#39;,</span> <span class='ocrx_word' id='word_1_202' title='bbox 727 1883 769 1915; x_wconf 81' lang='lat'><strong>4:</strong></span> <span class='ocrx_word' id='word_1_203' title='bbox 810 1871 907 1920; x_wconf 78' lang='lat' dir='ltr'><strong>Qcis</strong></span> <span class='ocrx_word' id='word_1_204' title='bbox 939 1871 1082 1907; x_wconf 74' lang='lat' dir='ltr'><strong>resistit</strong></span> <span class='ocrx_word' id='word_1_205' title='bbox 1110 1872 1145 1907; x_wconf 81' lang='lat' dir='ltr'><strong>ei</strong></span> <span class='ocrx_word' id='word_1_206' title='bbox 1172 1879 1205 1907; x_wconf 84' lang='lat' dir='ltr'><strong>et</strong></span> <span class='ocrx_word' id='word_1_207' title='bbox 1229 1884 1369 1920; x_wconf 76' lang='lat' dir='ltr'><strong>pacem</strong></span> <span class='ocrx_word' id='word_1_208' title='bbox 1404 1871 1566 1907; x_wconf 72' lang='lat' dir='ltr'><strong>habuit?</strong></span> 
     </span>
     <span class='ocr_line' id='line_1_29' title="bbox 250 1926 1562 1978; baseline 0.002 -16"><span class='ocrx_word' id='word_1_209' title='bbox 250 1935 358 1974; x_wconf 85' lang='lat' dir='ltr'><strong>patet</strong></span> <span class='ocrx_word' id='word_1_210' title='bbox 392 1928 499 1975; x_wconf 90' lang='lat' dir='ltr'><strong>quod</strong></span> <span class='ocrx_word' id='word_1_211' title='bbox 534 1926 782 1975; x_wconf 89' lang='lat' dir='ltr'><strong>impossibile</strong></span> <span class='ocrx_word' id='word_1_212' title='bbox 816 1937 872 1964; x_wconf 90' lang='lat' dir='ltr'><strong>est</strong></span> <span class='ocrx_word' id='word_1_213' title='bbox 905 1941 1045 1976; x_wconf 89' lang='lat' dir='ltr'><strong>pacem</strong></span> <span class='ocrx_word' id='word_1_214' title='bbox 1081 1929 1289 1978; x_wconf 87' lang='lat' dir='ltr'><strong>acquirere</strong></span> <span class='ocrx_word' id='word_1_215' title='bbox 1323 1941 1392 1977; x_wconf 87' lang='lat' dir='ltr'><strong>per</strong></span> <span class='ocrx_word' id='word_1_216' title='bbox 1417 1930 1562 1965; x_wconf 88' lang='lat' dir='ltr'><strong>bellum</strong></span> 
     </span>
     <span class='ocr_line' id='line_1_30' title="bbox 251 1984 1565 2035; baseline 0.002 -15"><span class='ocrx_word' id='word_1_217' title='bbox 251 1985 463 2032; x_wconf 87' lang='lat' dir='ltr'><strong>corporale</strong></span> <span class='ocrx_word' id='word_1_218' title='bbox 495 1984 570 2020; x_wconf 90' lang='lat' dir='ltr'><strong>nisi</strong></span> <span class='ocrx_word' id='word_1_219' title='bbox 605 1986 843 2033; x_wconf 83' lang='lat' dir='ltr'><strong>precesserit</strong></span> <span class='ocrx_word' id='word_1_220' title='bbox 876 1986 1023 2022; x_wconf 90' lang='lat' dir='ltr'><strong>bellum</strong></span> <span class='ocrx_word' id='word_1_221' title='bbox 1050 1987 1261 2035; x_wconf 83' lang='lat' dir='ltr'><strong>spirituale</strong></span> <span class='ocrx_word' id='word_1_222' title='bbox 1287 1986 1565 2035; x_wconf 87' lang='lat' dir='ltr'><strong>principaliter</strong></span> 
     </span>
     <span class='ocr_line' id='line_1_31' title="bbox 194 2045 610 2090; baseline 0 -12"><span class='ocrx_word' id='word_1_223' title='bbox 194 2045 234 2075; x_wconf 67' lang='lat'><strong>30</strong></span> <span class='ocrx_word' id='word_1_224' title='bbox 251 2055 420 2079; x_wconf 82' lang='lat' dir='ltr'><strong>causans</strong></span> <span class='ocrx_word' id='word_1_225' title='bbox 455 2055 610 2090; x_wconf 88' lang='lat' dir='ltr'><strong>pacem.</strong></span> 
     </span>
    </p>

    <p class='ocr_par' dir='ltr' id='par_1_5' title="bbox 246 2101 1564 2325">
     <span class='ocr_line' id='line_1_32' title="bbox 308 2101 1564 2150; baseline 0.002 -14"><span class='ocrx_word' id='word_1_226' title='bbox 308 2103 355 2136; x_wconf 89' lang='lat' dir='ltr'><strong>Et</strong></span> <span class='ocrx_word' id='word_1_227' title='bbox 390 2102 464 2137; x_wconf 87' lang='lat' dir='ltr'><strong>hoc</strong></span> <span class='ocrx_word' id='word_1_228' title='bbox 505 2110 562 2136; x_wconf 87' lang='lat' dir='ltr'><strong>est</strong></span> <span class='ocrx_word' id='word_1_229' title='bbox 607 2101 769 2138; x_wconf 90' lang='lat' dir='ltr'><strong>indubie</strong></span> <span class='ocrx_word' id='word_1_230' title='bbox 815 2114 935 2138; x_wconf 87' lang='lat' dir='ltr'><strong>causa</strong></span> <span class='ocrx_word' id='word_1_231' title='bbox 981 2114 1104 2150; x_wconf 81' lang='lat' dir='ltr'><strong>quare</strong></span> <span class='ocrx_word' id='word_1_232' title='bbox 1150 2115 1270 2150; x_wconf 88' lang='lat' dir='ltr'><strong>paces</strong></span> <span class='ocrx_word' id='word_1_233' title='bbox 1317 2102 1413 2139; x_wconf 85' lang='lat' dir='ltr'><strong>inite</strong></span> <span class='ocrx_word' id='word_1_234' title='bbox 1461 2102 1564 2138; x_wconf 89' lang='lat' dir='ltr'><strong>inter</strong></span> 
     </span>
     <span class='ocr_line' id='line_1_33' title="bbox 250 2159 1563 2208; baseline 0.002 -14"><span class='ocrx_word' id='word_1_235' title='bbox 250 2171 371 2205; x_wconf 74' lang='lat' dir='ltr'><strong>regna</strong></span> <span class='ocrx_word' id='word_1_236' title='bbox 403 2172 483 2195; x_wconf 92' lang='lat' dir='ltr'><strong>non</strong></span> <span class='ocrx_word' id='word_1_237' title='bbox 518 2168 608 2195; x_wconf 87' lang='lat' dir='ltr'><strong>sunt</strong></span> <span class='ocrx_word' id='word_1_238' title='bbox 642 2159 817 2205; x_wconf 88' lang='lat' dir='ltr'><strong>stabiles,</strong></span> <span class='ocrx_word' id='word_1_239' title='bbox 864 2160 957 2208; x_wconf 85' lang='lat' dir='ltr'><strong>quia</strong></span> <span class='ocrx_word' id='word_1_240' title='bbox 1001 2173 1081 2196; x_wconf 88' lang='lat' dir='ltr'><strong>non</strong></span> <span class='ocrx_word' id='word_1_241' title='bbox 1126 2170 1217 2196; x_wconf 89' lang='lat' dir='ltr'><strong>sunt</strong></span> <span class='ocrx_word' id='word_1_242' title='bbox 1265 2160 1362 2197; x_wconf 86' lang='lat' dir='ltr'><strong>fines</strong></span> <span class='ocrx_word' id='word_1_243' title='bbox 1398 2161 1563 2197; x_wconf 84' lang='lat' dir='ltr'><strong>fundate</strong></span> 
     </span>
     <span class='ocr_line' id='line_1_34' title="bbox 249 2216 1562 2267; baseline 0.002 -16"><span class='ocrx_word' id='word_1_244' title='bbox 249 2216 287 2251; x_wconf 87' lang='lat' dir='ltr'><strong>in</strong></span> <span class='ocrx_word' id='word_1_245' title='bbox 321 2218 424 2253; x_wconf 83' lang='lat' dir='ltr'><strong>bello</strong></span> <span class='ocrx_word' id='word_1_246' title='bbox 457 2217 662 2253; x_wconf 88' lang='lat' dir='ltr'><strong>virtutum.</strong></span> <span class='ocrx_word' id='word_1_247' title='bbox 718 2219 817 2254; x_wconf 92' lang='lat' dir='ltr'><strong>Cum</strong></span> <span class='ocrx_word' id='word_1_248' title='bbox 865 2217 985 2265; x_wconf 67' lang='lat' dir='ltr'><strong>igitur</strong></span> <span class='ocrx_word' id='word_1_249' title='bbox 1031 2219 1178 2254; x_wconf 83' lang='lat' dir='ltr'><strong>bellum</strong></span> <span class='ocrx_word' id='word_1_250' title='bbox 1226 2219 1437 2267; x_wconf 85' lang='lat' dir='ltr'><strong>corporale</strong></span> <span class='ocrx_word' id='word_1_251' title='bbox 1481 2231 1562 2254; x_wconf 88' lang='lat' dir='ltr'><strong>non</strong></span> 
     </span>
     <span class='ocr_line' id='line_1_35' title="bbox 246 2275 1561 2325; baseline 0.002 -15"><span class='ocrx_word' id='word_1_252' title='bbox 246 2275 350 2311; x_wconf 85' lang='lat' dir='ltr'><strong>valet</strong></span> <span class='ocrx_word' id='word_1_253' title='bbox 396 2275 479 2312; x_wconf 87' lang='lat' dir='ltr'><strong>sine</strong></span> <span class='ocrx_word' id='word_1_254' title='bbox 524 2276 628 2312; x_wconf 84' lang='lat' dir='ltr'><strong>bello</strong></span> <span class='ocrx_word' id='word_1_255' title='bbox 677 2275 878 2324; x_wconf 88' lang='lat' dir='ltr'><strong>spirituali</strong></span> <span class='ocrx_word' id='word_1_256' title='bbox 931 2278 998 2312; x_wconf 84' lang='lat' dir='ltr'><strong>sed</strong></span> <span class='ocrx_word' id='word_1_257' title='bbox 1054 2286 1230 2322; x_wconf 79' lang='lat' dir='ltr'><strong>econtra,</strong></span> <span class='ocrx_word' id='word_1_258' title='bbox 1286 2286 1395 2325; x_wconf 86' lang='lat' dir='ltr'><strong>patet</strong></span> <span class='ocrx_word' id='word_1_259' title='bbox 1441 2290 1561 2325; x_wconf 85' lang='lat' dir='ltr'><strong>quam</strong></span> 
     </span>
    </p>

    <p class='ocr_par' dir='ltr' id='par_1_6' title="bbox 193 2332 1562 2496">
     <span class='ocr_line' id='line_1_36' title="bbox 193 2332 1562 2383; baseline 0.002 -16"><span class='ocrx_word' id='word_1_260' title='bbox 193 2332 476 2369; x_wconf 55' lang='lat' dir='ltr'><strong>itinecessaria</strong></span> <span class='ocrx_word' id='word_1_261' title='bbox 509 2342 566 2369; x_wconf 86' lang='lat' dir='ltr'><strong>est</strong></span> <span class='ocrx_word' id='word_1_262' title='bbox 600 2333 763 2370; x_wconf 90' lang='lat' dir='ltr'><strong>cuilibet</strong></span> <span class='ocrx_word' id='word_1_263' title='bbox 804 2334 1024 2370; x_wconf 82' lang='lat' dir='ltr'><strong>christiano</strong></span> <span class='ocrx_word' id='word_1_264' title='bbox 1070 2348 1133 2371; x_wconf 85' lang='lat' dir='ltr'><strong>ars</strong></span> <span class='ocrx_word' id='word_1_265' title='bbox 1178 2335 1355 2371; x_wconf 88' lang='lat' dir='ltr'><strong>bellandi</strong></span> <span class='ocrx_word' id='word_1_266' title='bbox 1400 2334 1562 2383; x_wconf 88' lang='lat' dir='ltr'><strong>spiritu-</strong></span> 
     </span>
     <span class='ocr_line' id='line_1_37' title="bbox 249 2390 1562 2441; baseline 0.002 -15"><span class='ocrx_word' id='word_1_267' title='bbox 249 2390 374 2427; x_wconf 83' lang='lat' dir='ltr'><strong>aliter.</strong></span> <span class='ocrx_word' id='word_1_268' title='bbox 422 2393 510 2427; x_wconf 91' lang='lat' dir='ltr'><strong>Non</strong></span> <span class='ocrx_word' id='word_1_269' title='bbox 557 2400 693 2428; x_wconf 88' lang='lat' dir='ltr'><strong>tamen</strong></span> <span class='ocrx_word' id='word_1_270' title='bbox 737 2401 906 2439; x_wconf 77' lang='lat' dir='ltr'><strong>negatur</strong></span> <span class='ocrx_word' id='word_1_271' title='bbox 952 2405 994 2428; x_wconf 79' lang='lat' dir='ltr'><strong>ex</strong></span> <span class='ocrx_word' id='word_1_272' title='bbox 1039 2392 1115 2428; x_wconf 89' lang='lat' dir='ltr'><strong>isto</strong></span> <span class='ocrx_word' id='word_1_273' title='bbox 1150 2394 1257 2441; x_wconf 85' lang='lat' dir='ltr'><strong>quod</strong></span> <span class='ocrx_word' id='word_1_274' title='bbox 1292 2393 1438 2429; x_wconf 89' lang='lat' dir='ltr'><strong>bellum</strong></span> <span class='ocrx_word' id='word_1_275' title='bbox 1476 2405 1562 2429; x_wconf 86' lang='lat' dir='ltr'><strong>cor-</strong></span> 
     </span>
     <span class='ocr_line' id='line_1_38' title="bbox 250 2449 1560 2496; baseline 0.002 -12"><span class='ocrx_word' id='word_1_276' title='bbox 250 2450 386 2495; x_wconf 84' lang='lat' dir='ltr'><strong>porale</strong></span> <span class='ocrx_word' id='word_1_277' title='bbox 420 2449 687 2486; x_wconf 89' lang='lat' dir='ltr'><strong>rectificatum</strong></span> <span class='ocrx_word' id='word_1_278' title='bbox 723 2450 771 2486; x_wconf 91' lang='lat' dir='ltr'><strong>sit</strong></span> <span class='ocrx_word' id='word_1_279' title='bbox 806 2450 973 2496; x_wconf 86' lang='lat' dir='ltr'><strong>licitum,</strong></span> <span class='ocrx_word' id='word_1_280' title='bbox 1008 2452 1057 2486; x_wconf 87' lang='lat' dir='ltr'><strong>ad</strong></span> <span class='ocrx_word' id='word_1_281' title='bbox 1083 2450 1195 2487; x_wconf 89' lang='lat' dir='ltr'><strong>cuius</strong></span> <span class='ocrx_word' id='word_1_282' title='bbox 1220 2450 1560 2487; x_wconf 85' lang='lat' dir='ltr'><strong>rectificacionem</strong></span> 
     </span>
    </p>
   </div>
   <div class='ocr_carea' id='block_1_3' title="bbox 238 2572 1562 2923">
    <p class='ocr_par' dir='ltr' id='par_1_7' title="bbox 238 2572 1562 2923">
     <span class='ocr_line' id='line_1_39' title="bbox 319 2572 1562 2609; baseline 0.002 -11"><span class='ocrx_word' id='word_1_283' title='bbox 319 2580 337 2598; x_wconf 87' lang='lat'><strong>1.</strong></span> <span class='ocrx_word' id='word_1_284' title='bbox 361 2572 403 2599; x_wconf 86' lang='lat' dir='ltr'><strong>H:</strong></span> <span class='ocrx_word' id='word_1_285' title='bbox 424 2573 598 2607; x_wconf 79' lang='lat' dir='ltr'><strong>composite.</strong></span> <span class='ocrx_word' id='word_1_286' title='bbox 667 2580 691 2599; x_wconf 76' lang='lat'><strong>2.</strong></span> <span class='ocrx_word' id='word_1_287' title='bbox 715 2573 818 2600; x_wconf 82' lang='lat' dir='ltr'><strong>DGH:</strong></span> <span class='ocrx_word' id='word_1_288' title='bbox 841 2573 999 2600; x_wconf 61' lang='lat' dir='ltr'><strong>bellicas-ns</strong></span> <span class='ocrx_word' id='word_1_289' title='bbox 1018 2574 1065 2600; x_wconf 77' lang='lat' dir='ltr'><strong>sit.</strong></span> <span class='ocrx_word' id='word_1_290' title='bbox 1135 2573 1158 2600; x_wconf 35' lang='lat' dir='ltr'><strong>h&#39;i</strong></span> <span class='ocrx_word' id='word_1_291' title='bbox 1182 2574 1223 2601; x_wconf 84' lang='lat' dir='ltr'><strong>D:</strong></span> <span class='ocrx_word' id='word_1_292' title='bbox 1245 2577 1373 2601; x_wconf 69' lang='lat' dir='ltr'><strong>actenus</strong></span> <span class='ocrx_word' id='word_1_293' title='bbox 1393 2574 1543 2609; x_wconf 73' lang='lat' dir='ltr'><strong>impotens</strong></span> <span class='ocrx_word' id='word_1_294' title='bbox 1554 2584 1562 2600; x_wconf 86' lang='grc'><strong>.-</strong></span> 
     </span>
     <span class='ocr_line' id='line_1_40' title="bbox 249 2606 1561 2644; baseline 0.003 -12"><span class='ocrx_word' id='word_1_295' title='bbox 249 2606 291 2633; x_wconf 83' lang='lat' dir='ltr'><strong>G:</strong></span> <span class='ocrx_word' id='word_1_296' title='bbox 315 2607 448 2634; x_wconf 71' lang='lat' dir='ltr'><strong>veterius·</strong></span> <span class='ocrx_word' id='word_1_297' title='bbox 468 2607 631 2642; x_wconf 71' lang='lat' dir='ltr'><strong>impotens:</strong></span> <span class='ocrx_word' id='word_1_298' title='bbox 659 2609 702 2635; x_wconf 88' lang='lat' dir='ltr'><strong>A:</strong></span> <span class='ocrx_word' id='word_1_299' title='bbox 731 2610 893 2634; x_wconf 74' lang='lat' dir='ltr'><strong>veteranus</strong></span> <span class='ocrx_word' id='word_1_300' title='bbox 912 2609 1068 2643; x_wconf 67' lang='lat' dir='ltr'><strong>impotens.</strong></span> <span class='ocrx_word' id='word_1_301' title='bbox 1144 2618 1172 2641; x_wconf 74' lang='lat'><strong>4.</strong></span> <span class='ocrx_word' id='word_1_302' title='bbox 1194 2610 1237 2636; x_wconf 88' lang='lat' dir='ltr'><strong>A:</strong></span> <span class='ocrx_word' id='word_1_303' title='bbox 1266 2612 1365 2644; x_wconf 72' lang='lat' dir='ltr'><strong>caput.</strong></span> <span class='ocrx_word' id='word_1_304' title='bbox 1440 2617 1465 2644; x_wconf 79' lang='lat'><strong>7.</strong></span> <span class='ocrx_word' id='word_1_305' title='bbox 1488 2609 1561 2636; x_wconf 71' lang='lat' dir='ltr'><strong>12G:</strong></span> 
     </span>
     <span class='ocr_line' id='line_1_41' title="bbox 238 2641 1560 2677; baseline 0.002 -10"><span class='ocrx_word' id='word_1_306' title='bbox 238 2641 431 2675; x_wconf 77' lang='lat' dir='ltr'><strong>sor-ciorum.</strong></span> <span class='ocrx_word' id='word_1_307' title='bbox 488 2642 514 2668; x_wconf 72' lang='grc' dir='ltr'><strong>ὃ.</strong></span> <span class='ocrx_word' id='word_1_308' title='bbox 537 2641 610 2669; x_wconf 86' lang='lat' dir='ltr'><strong>DG:</strong></span> <span class='ocrx_word' id='word_1_309' title='bbox 632 2650 670 2669; x_wconf 74' lang='lat' dir='ltr'><strong>ex</strong></span> <span class='ocrx_word' id='word_1_310' title='bbox 682 2650 791 2677; x_wconf 67' lang='lat' dir='ltr'><strong>pugna</strong></span> <span class='ocrx_word' id='word_1_311' title='bbox 804 2653 812 2671; x_wconf 92' lang='grc'><strong>,-</strong></span> <span class='ocrx_word' id='word_1_312' title='bbox 833 2643 872 2669; x_wconf 83' lang='lat' dir='ltr'><strong>ib.</strong></span> <span class='ocrx_word' id='word_1_313' title='bbox 890 2643 932 2670; x_wconf 84' lang='lat' dir='ltr'><strong>D:</strong></span> <span class='ocrx_word' id='word_1_314' title='bbox 954 2643 1238 2675; x_wconf 68' lang='lat' dir='ltr'><strong>delectabiliorzmz;</strong></span> <span class='ocrx_word' id='word_1_315' title='bbox 1261 2643 1305 2670; x_wconf 88' lang='lat' dir='ltr'><strong>G:</strong></span> <span class='ocrx_word' id='word_1_316' title='bbox 1326 2644 1560 2671; x_wconf 69' lang='lat' dir='ltr'><strong>delectabilior-i.</strong></span> 
     </span>
     <span class='ocr_line' id='line_1_42' title="bbox 249 2675 1562 2713; baseline 0.003 -11"><span class='ocrx_word' id='word_1_317' title='bbox 249 2684 286 2702; x_wconf 80' lang='lat'><strong>12.</strong></span> <span class='ocrx_word' id='word_1_318' title='bbox 310 2675 352 2703; x_wconf 81' lang='lat' dir='ltr'><strong>G:</strong></span> <span class='ocrx_word' id='word_1_319' title='bbox 374 2677 516 2703; x_wconf 68' lang='lat' dir='ltr'><strong>ulilitate.</strong></span> <span class='ocrx_word' id='word_1_320' title='bbox 587 2685 616 2709; x_wconf 30' lang='lat'><strong>¹4*</strong></span> <span class='ocrx_word' id='word_1_321' title='bbox 649 2677 692 2704; x_wconf 89' lang='lat' dir='ltr'><strong>H:</strong></span> <span class='ocrx_word' id='word_1_322' title='bbox 716 2677 763 2704; x_wconf 71' lang='lat' dir='ltr'><strong>vel</strong></span> <span class='ocrx_word' id='word_1_323' title='bbox 781 2677 875 2704; x_wconf 85' lang='lat' dir='ltr'><strong>deest.</strong></span> <span class='ocrx_word' id='word_1_324' title='bbox 945 2678 980 2704; x_wconf 84' lang='lat'><strong>15.</strong></span> <span class='ocrx_word' id='word_1_325' title='bbox 1004 2680 1046 2705; x_wconf 72' lang='lat' dir='ltr'><strong>A:</strong></span> <span class='ocrx_word' id='word_1_326' title='bbox 1067 2678 1232 2712; x_wconf 68' lang='lat' dir='ltr'><strong>mnbugue.</strong></span> <span class='ocrx_word' id='word_1_327' title='bbox 1296 2678 1337 2706; x_wconf 84' lang='lat'><strong>16.</strong></span> <span class='ocrx_word' id='word_1_328' title='bbox 1360 2679 1402 2706; x_wconf 87' lang='lat' dir='ltr'><strong>H:</strong></span> <span class='ocrx_word' id='word_1_329' title='bbox 1425 2677 1562 2713; x_wconf 60' lang='lat' dir='ltr'><strong>itifalhz‘.</strong></span> 
     </span>
     <span class='ocr_line' id='line_1_43' title="bbox 250 2711 1562 2748; baseline 0.002 -11"><span class='ocrx_word' id='word_1_330' title='bbox 250 2714 288 2737; x_wconf 49' lang='grc' dir='ltr'><strong>ιδ’.</strong></span> <span class='ocrx_word' id='word_1_331' title='bbox 312 2711 355 2738; x_wconf 83' lang='lat' dir='ltr'><strong>H:</strong></span> <span class='ocrx_word' id='word_1_332' title='bbox 383 2711 398 2737; x_wconf 92' lang='lat' dir='ltr'><em>I</em></span> <span class='ocrx_word' id='word_1_333' title='bbox 417 2711 516 2743; x_wconf 69' lang='lat' dir='ltr'><strong>deest:</strong></span> <span class='ocrx_word' id='word_1_334' title='bbox 545 2712 584 2738; x_wconf 89' lang='lat' dir='ltr'><strong>ib.</strong></span> <span class='ocrx_word' id='word_1_335' title='bbox 608 2711 650 2738; x_wconf 86' lang='lat' dir='ltr'><strong>H:</strong></span> <span class='ocrx_word' id='word_1_336' title='bbox 679 2711 761 2747; x_wconf 79' lang='lat' dir='ltr'><strong>quod</strong></span> <span class='ocrx_word' id='word_1_337' title='bbox 779 2712 880 2746; x_wconf 75' lang='lat' dir='ltr'><strong>deest3</strong></span> <span class='ocrx_word' id='word_1_338' title='bbox 908 2713 948 2739; x_wconf 85' lang='lat' dir='ltr'><strong>ib.</strong></span> <span class='ocrx_word' id='word_1_339' title='bbox 971 2712 1042 2739; x_wconf 68' lang='lat' dir='ltr'><strong>bu:</strong></span> <span class='ocrx_word' id='word_1_340' title='bbox 1072 2713 1102 2739; x_wconf 82' lang='lat' dir='ltr'><strong>in</strong></span> <span class='ocrx_word' id='word_1_341' title='bbox 1123 2713 1287 2740; x_wconf 75' lang='lat' dir='ltr'><strong>inventum.</strong></span> <span class='ocrx_word' id='word_1_342' title='bbox 1362 2722 1403 2748; x_wconf 67' lang='grc' dir='ltr'><strong>ις).</strong></span> <span class='ocrx_word' id='word_1_343' title='bbox 1425 2713 1468 2740; x_wconf 84' lang='grc' dir='ltr'><strong>Η;</strong></span> <span class='ocrx_word' id='word_1_344' title='bbox 1496 2714 1562 2740; x_wconf 74' lang='lat' dir='ltr'><strong>suh-</strong></span> 
     </span>
     <span class='ocr_line' id='line_1_44' title="bbox 248 2745 1562 2782; baseline 0.003 -11"><span class='ocrx_word' id='word_1_345' title='bbox 248 2745 403 2772; x_wconf 68' lang='lat' dir='ltr'><strong>trahendi.</strong></span> <span class='ocrx_word' id='word_1_346' title='bbox 478 2754 522 2772; x_wconf 76' lang='lat'><strong>20.</strong></span> <span class='ocrx_word' id='word_1_347' title='bbox 540 2747 583 2773; x_wconf 82' lang='lat' dir='ltr'><strong>A:</strong></span> <span class='ocrx_word' id='word_1_348' title='bbox 606 2749 635 2772; x_wconf 74' lang='lat' dir='ltr'><strong>et</strong></span> <span class='ocrx_word' id='word_1_349' title='bbox 652 2747 791 2773; x_wconf 71' lang='lat' dir='ltr'><strong>miserias</strong></span> <span class='ocrx_word' id='word_1_350' title='bbox 811 2750 841 2774; x_wconf 83' lang='lat' dir='ltr'><strong>et</strong></span> <span class='ocrx_word' id='word_1_351' title='bbox 858 2747 888 2775; x_wconf 81' lang='lat' dir='ltr'><strong>in</strong></span> <span class='ocrx_word' id='word_1_352' title='bbox 909 2748 971 2774; x_wconf 72' lang='lat' dir='ltr'><strong>illa.</strong></span> <span class='ocrx_word' id='word_1_353' title='bbox 1048 2755 1090 2774; x_wconf 72' lang='lat'><strong>22.</strong></span> <span class='ocrx_word' id='word_1_354' title='bbox 1105 2747 1149 2774; x_wconf 81' lang='lat' dir='ltr'><strong>H:</strong></span> <span class='ocrx_word' id='word_1_355' title='bbox 1171 2750 1214 2774; x_wconf 77' lang='lat' dir='ltr'><strong>est</strong></span> <span class='ocrx_word' id='word_1_356' title='bbox 1233 2748 1326 2775; x_wconf 82' lang='lat' dir='ltr'><strong>deest.</strong></span> <span class='ocrx_word' id='word_1_357' title='bbox 1402 2756 1448 2782; x_wconf 78' lang='lat'><strong>24.</strong></span> <span class='ocrx_word' id='word_1_358' title='bbox 1468 2756 1562 2782; x_wconf 82' lang='lat' dir='ltr'><strong>punc-</strong></span> 
     </span>
     <span class='ocr_line' id='line_1_45' title="bbox 248 2780 1561 2817; baseline 0.002 -11"><span class='ocrx_word' id='word_1_359' title='bbox 248 2781 340 2809; x_wconf 69' lang='lat' dir='ltr'><strong>talis:</strong></span> <span class='ocrx_word' id='word_1_360' title='bbox 361 2780 402 2807; x_wconf 75' lang='lat' dir='ltr'><strong>b:</strong></span> <span class='ocrx_word' id='word_1_361' title='bbox 436 2788 529 2815; x_wconf 56' lang='lat' dir='ltr'><strong>*agna</strong></span> <span class='ocrx_word' id='word_1_362' title='bbox 550 2781 637 2811; x_wconf 74' lang='lat' dir='ltr'><strong>talis,-</strong></span> <span class='ocrx_word' id='word_1_363' title='bbox 657 2781 702 2808; x_wconf 83' lang='lat' dir='ltr'><strong>H:</strong></span> <span class='ocrx_word' id='word_1_364' title='bbox 720 2781 833 2816; x_wconf 72' lang='lat' dir='ltr'><strong>pnitas.</strong></span> <span class='ocrx_word' id='word_1_365' title='bbox 890 2782 930 2809; x_wconf 76' lang='lat'><strong>25.</strong></span> <span class='ocrx_word' id='word_1_366' title='bbox 953 2782 1147 2817; x_wconf 17' lang='lat' dir='ltr'><strong>Albflzjfim&#39;s</strong></span> <span class='ocrx_word' id='word_1_367' title='bbox 1160 2783 1254 2810; x_wconf 85' lang='lat' dir='ltr'><strong>deest.</strong></span> <span class='ocrx_word' id='word_1_368' title='bbox 1311 2784 1357 2810; x_wconf 71' lang='lat'><strong>26.</strong></span> <span class='ocrx_word' id='word_1_369' title='bbox 1380 2782 1483 2810; x_wconf 83' lang='lat' dir='ltr'><strong>ADG:</strong></span> <span class='ocrx_word' id='word_1_370' title='bbox 1506 2789 1561 2809; x_wconf 75' lang='lat' dir='ltr'><strong>est.</strong></span> 
     </span>
     <span class='ocr_line' id='line_1_46' title="bbox 249 2814 1562 2850; baseline 0.002 -9"><span class='ocrx_word' id='word_1_371' title='bbox 249 2815 293 2841; x_wconf 69' lang='lat'><strong>23.</strong></span> <span class='ocrx_word' id='word_1_372' title='bbox 316 2814 358 2842; x_wconf 90' lang='lat' dir='ltr'><strong>H:</strong></span> <span class='ocrx_word' id='word_1_373' title='bbox 379 2824 397 2842; x_wconf 70' lang='lat' dir='ltr'><strong>a</strong></span> <span class='ocrx_word' id='word_1_374' title='bbox 423 2816 515 2850; x_wconf 69' lang='lat' dir='ltr'><strong>quiri.</strong></span> <span class='ocrx_word' id='word_1_375' title='bbox 574 2814 617 2842; x_wconf 68' lang='lat'><strong>30.</strong></span> <span class='ocrx_word' id='word_1_376' title='bbox 641 2815 714 2842; x_wconf 82' lang='lat' dir='ltr'><strong>DG:</strong></span> <span class='ocrx_word' id='word_1_377' title='bbox 736 2824 865 2844; x_wconf 69' lang='lat' dir='ltr'><strong>cassans.</strong></span> <span class='ocrx_word' id='word_1_378' title='bbox 930 2817 966 2843; x_wconf 70' lang='lat'><strong>31.</strong></span> <span class='ocrx_word' id='word_1_379' title='bbox 990 2816 1092 2843; x_wconf 66' lang='lat' dir='ltr'><strong>Ami:</strong></span> <span class='ocrx_word' id='word_1_380' title='bbox 1115 2825 1207 2844; x_wconf 69' lang='lat' dir='ltr'><strong>caum</strong></span> <span class='ocrx_word' id='word_1_381' title='bbox 1228 2817 1321 2844; x_wconf 75' lang='lat' dir='ltr'><strong>deest.</strong></span> <span class='ocrx_word' id='word_1_382' title='bbox 1379 2818 1480 2844; x_wconf 73' lang='lat' dir='ltr'><strong>1⁴2.A:</strong></span> <span class='ocrx_word' id='word_1_383' title='bbox 1503 2822 1562 2845; x_wconf 70' lang='lat' dir='ltr'><strong>sta-</strong></span> 
     </span>
     <span class='ocr_line' id='line_1_47' title="bbox 249 2848 1561 2887; baseline 0.003 -12"><span class='ocrx_word' id='word_1_384' title='bbox 249 2849 322 2876; x_wconf 73' lang='lat' dir='ltr'><strong>biles·</strong></span> <span class='ocrx_word' id='word_1_385' title='bbox 342 2865 372 2868; x_wconf 95' lang='lat'><strong>—</strong></span> <span class='ocrx_word' id='word_1_386' title='bbox 394 2853 463 2876; x_wconf 75' lang='lat' dir='ltr'><strong>sunt</strong></span> <span class='ocrx_word' id='word_1_387' title='bbox 483 2851 577 2876; x_wconf 58' lang='lat' dir='ltr'><strong>deest.</strong></span> <span class='ocrx_word' id='word_1_388' title='bbox 652 2848 694 2876; x_wconf 79' lang='lat'><strong>33.</strong></span> <span class='ocrx_word' id='word_1_389' title='bbox 717 2851 759 2878; x_wconf 85' lang='lat' dir='ltr'><strong>H:</strong></span> <span class='ocrx_word' id='word_1_390' title='bbox 788 2859 886 2885; x_wconf 70' lang='lat' dir='ltr'><strong>ergo:</strong></span> <span class='ocrx_word' id='word_1_391' title='bbox 912 2852 954 2878; x_wconf 78' lang='lat' dir='ltr'><strong>A:</strong></span> <span class='ocrx_word' id='word_1_392' title='bbox 977 2852 1059 2878; x_wconf 74' lang='lat' dir='ltr'><strong>deest</strong></span> <span class='ocrx_word' id='word_1_393' title='bbox 1143 2850 1175 2878; x_wconf 69' lang='lat'><strong>33</strong></span> <span class='ocrx_word' id='word_1_394' title='bbox 1190 2851 1256 2887; x_wconf 66' lang='lat'><strong>-37-</strong></span> <span class='ocrx_word' id='word_1_395' title='bbox 1280 2852 1321 2879; x_wconf 86' lang='lat' dir='ltr'><strong>H:</strong></span> <span class='ocrx_word' id='word_1_396' title='bbox 1350 2860 1409 2880; x_wconf 79' lang='lat' dir='ltr'><strong>non</strong></span> <span class='ocrx_word' id='word_1_397' title='bbox 1430 2853 1513 2879; x_wconf 74' lang='lat' dir='ltr'><strong>valet</strong></span> <span class='ocrx_word' id='word_1_398' title='bbox 1530 2868 1561 2872; x_wconf 89' lang='lat'><strong>—</strong></span> 
     </span>
     <span class='ocr_line' id='line_1_48' title="bbox 249 2884 1438 2923; baseline 0.003 -13"><span class='ocrx_word' id='word_1_399' title='bbox 249 2885 413 2920; x_wconf 74' lang='lat' dir='ltr'><strong>corporale</strong></span> <span class='ocrx_word' id='word_1_400' title='bbox 433 2885 526 2912; x_wconf 69' lang='lat' dir='ltr'><strong>deest.</strong></span> <span class='ocrx_word' id='word_1_401' title='bbox 588 2884 635 2919; x_wconf 72' lang='lat'><strong>34,</strong></span> <span class='ocrx_word' id='word_1_402' title='bbox 657 2884 698 2912; x_wconf 73' lang='lat'><strong>35.</strong></span> <span class='ocrx_word' id='word_1_403' title='bbox 722 2884 764 2912; x_wconf 90' lang='lat' dir='ltr'><strong>G:</strong></span> <span class='ocrx_word' id='word_1_404' title='bbox 787 2887 870 2921; x_wconf 65' lang='lat' dir='ltr'><strong>quod</strong></span> <span class='ocrx_word' id='word_1_405' title='bbox 890 2888 1070 2913; x_wconf 61' lang='lat' dir='ltr'><strong>necessaria.</strong></span> <span class='ocrx_word' id='word_1_406' title='bbox 1146 2887 1190 2914; x_wconf 59' lang='lat'><strong>30⁴.</strong></span> <span class='ocrx_word' id='word_1_407' title='bbox 1213 2888 1256 2914; x_wconf 85' lang='lat' dir='ltr'><strong>A:</strong></span> <span class='ocrx_word' id='word_1_408' title='bbox 1280 2887 1335 2915; x_wconf 73' lang='lat' dir='ltr'><strong>isto</strong></span> <span class='ocrx_word' id='word_1_409' title='bbox 1356 2888 1438 2923; x_wconf 76' lang='lat' dir='ltr'><strong>quin.</strong></span> 
     </span>
    </p>
   </div>
   <div class='ocr_carea' id='block_1_4' title="bbox 1385 2947 1423 2977">
    <p class='ocr_par' dir='ltr' id='par_1_8' title="bbox 1385 2947 1423 2977">
     <span class='ocr_line' id='line_1_49' title="bbox 1385 2947 1423 2977; baseline 0 0"><span class='ocrx_word' id='word_1_410' title='bbox 1385 2947 1423 2977; x_wconf 69' lang='lat'><strong>14</strong></span> 
     </span>
    </p>
   </div>
   <div class='ocr_carea' id='block_1_5' title="bbox 1591 952 1857 1127">
    <p class='ocr_par' dir='ltr' id='par_1_9' title="bbox 1591 952 1857 1127">
     <span class='ocr_line' id='line_1_50' title="bbox 1643 952 1790 986; baseline -0.007 -6"><span class='ocrx_word' id='word_1_411' title='bbox 1643 952 1790 986; x_wconf 75' lang='lat' dir='ltr'><strong>spiritual</strong></span> 
     </span>
     <span class='ocr_line' id='line_1_51' title="bbox 1591 987 1847 1022; baseline 0.012 -11"><span class='ocrx_word' id='word_1_412' title='bbox 1591 987 1720 1014; x_wconf 74' lang='lat' dir='ltr'><strong>wan-fare</strong></span> <span class='ocrx_word' id='word_1_413' title='bbox 1743 987 1847 1022; x_wconf 78' lang='lat' dir='ltr'><strong>brings</strong></span> 
     </span>
     <span class='ocr_line' id='line_1_52' title="bbox 1616 1021 1826 1057; baseline 0.005 -9"><span class='ocrx_word' id='word_1_414' title='bbox 1616 1030 1631 1048; x_wconf 82' lang='lat' dir='ltr'><strong>a</strong></span> <span class='ocrx_word' id='word_1_415' title='bbox 1652 1021 1698 1048; x_wconf 82' lang='lat' dir='ltr'><strong>far</strong></span> <span class='ocrx_word' id='word_1_416' title='bbox 1719 1022 1826 1057; x_wconf 77' lang='lat' dir='ltr'><strong>higher</strong></span> 
     </span>
     <span class='ocr_line' id='line_1_53' title="bbox 1611 1056 1825 1084; baseline 0.005 -1"><span class='ocrx_word' id='word_1_417' title='bbox 1611 1056 1730 1083; x_wconf 85' lang='lat' dir='ltr'><strong>reward</strong></span> <span class='ocrx_word' id='word_1_418' title='bbox 1753 1058 1825 1084; x_wconf 80' lang='lat' dir='ltr'><strong>than</strong></span> 
     </span>
     <span class='ocr_line' id='line_1_54' title="bbox 1591 1091 1857 1127; baseline 0.011 -10"><span class='ocrx_word' id='word_1_419' title='bbox 1591 1091 1693 1127; x_wconf 69' lang='lat' dir='ltr'><strong>bodily</strong></span> <span class='ocrx_word' id='word_1_420' title='bbox 1714 1092 1857 1120; x_wconf 77' lang='lat' dir='ltr'><strong>warfare.</strong></span> 
     </span>
    </p>
   </div>
   <div class='ocr_carea' id='block_1_6' title="bbox 1597 2109 1838 2180">
    <p class='ocr_par' dir='ltr' id='par_1_10' title="bbox 1597 2109 1838 2180">
     <span class='ocr_line' id='line_1_55' title="bbox 1597 2109 1838 2149; baseline 0.004 -12"><span class='ocrx_word' id='word_1_421' title='bbox 1597 2109 1784 2149; x_wconf 77' lang='lat' dir='ltr'><strong>Conditions</strong></span> <span class='ocrx_word' id='word_1_422' title='bbox 1804 2111 1838 2138; x_wconf 77' lang='lat' dir='ltr'><strong>ot</strong></span> 
     </span>
     <span class='ocr_line' id='line_1_56' title="bbox 1638 2151 1792 2180; baseline 0 -7"><span class='ocrx_word' id='word_1_423' title='bbox 1638 2151 1699 2180; x_wconf 67' lang='lat' dir='ltr'><strong>pist</strong></span> <span class='ocrx_word' id='word_1_424' title='bbox 1720 2154 1792 2173; x_wconf 77' lang='lat' dir='ltr'><strong>war.</strong></span> 
     </span>
    </p>
   </div>
  </div>
 </body>
</html>
