<?xml version="1.0" encoding="UTF-8"?>
<!DOCTYPE html PUBLIC "-//W3C//DTD XHTML 1.0 Transitional//EN"
    "http://www.w3.org/TR/xhtml1/DTD/xhtml1-transitional.dtd">
<html xmlns="http://www.w3.org/1999/xhtml" xml:lang="en" lang="en">
 <head>
  <title>
</title>
<meta http-equiv="Content-Type" content="text/html;charset=utf-8" />
  <meta name='ocr-system' content='tesseract 3.04.00' />
  <meta name='ocr-capabilities' content='ocr_page ocr_carea ocr_par ocr_line ocrx_word'/>
</head>
<body>
  <div class='ocr_page' id='page_1' title='image "./iohanniswyclifse0704wycl_0487.png"; bbox 0 0 2062 3276; ppageno 0'>
   <div class='ocr_carea' id='block_1_1' title="bbox 249 269 1078 325">
    <p class='ocr_par' dir='ltr' id='par_1_1' title="bbox 249 269 1078 325">
     <span class='ocr_line' id='line_1_1' title="bbox 249 269 1078 325; baseline 0.012 -20"><span class='ocrx_word' id='word_1_1' title='bbox 249 278 386 306; x_wconf 63' lang='lat' dir='ltr'>surmio</span> <span class='ocrx_word' id='word_1_2' title='bbox 409 269 500 325; x_wconf 55' lang='lat' dir='ltr'>“xi</span> <span class='ocrx_word' id='word_1_3' title='bbox 732 284 921 321; x_wconf 43' lang='lat' dir='ltr'>obsum-fx</span> <span class='ocrx_word' id='word_1_4' title='bbox 954 286 1078 315; x_wconf 66' lang='lat' dir='ltr'>mus.</span> 
     </span>
    </p>
   </div>
   <div class='ocr_carea' id='block_1_2' title="bbox 172 389 1564 2764">
    <p class='ocr_par' dir='ltr' id='par_1_2' title="bbox 213 389 1564 902">
     <span class='ocr_line' id='line_1_2' title="bbox 249 389 1561 438; baseline 0.005 -16"><span class='ocrx_word' id='word_1_5' title='bbox 249 395 386 423; x_wconf 83' lang='lat' dir='ltr'>tatem.</span> <span class='ocrx_word' id='word_1_6' title='bbox 427 389 571 433; x_wconf 79' lang='lat' dir='ltr'>Quoad</span> <span class='ocrx_word' id='word_1_7' title='bbox 612 397 769 436; x_wconf 83' lang='lat' dir='ltr'>tempus</span> <span class='ocrx_word' id='word_1_8' title='bbox 811 398 851 425; x_wconf 91' lang='lat' dir='ltr'>ut</span> <span class='ocrx_word' id='word_1_9' title='bbox 890 398 1019 426; x_wconf 79' lang='lat' dir='ltr'>stante</span> <span class='ocrx_word' id='word_1_10' title='bbox 1060 390 1285 438; x_wconf 69' lang='lat' dir='ltr'>indigencia</span> <span class='ocrx_word' id='word_1_11' title='bbox 1322 393 1561 429; x_wconf 77' lang='lat' dir='ltr'>confidentis</span> 
     </span>
     <span class='ocr_line' id='line_1_3' title="bbox 249 445 1561 495; baseline 0.005 -15"><span class='ocrx_word' id='word_1_12' title='bbox 249 453 380 492; x_wconf 88' lang='lat' dir='ltr'>potest</span> <span class='ocrx_word' id='word_1_13' title='bbox 421 445 650 494; x_wconf 83' lang='lat' dir='ltr'>quicunque</span> <span class='ocrx_word' id='word_1_14' title='bbox 690 446 878 494; x_wconf 82' lang='lat' dir='ltr'>princeps</span> <span class='ocrx_word' id='word_1_15' title='bbox 918 448 978 483; x_wconf 68' lang='lat' dir='ltr'>vel</span> <span class='ocrx_word' id='word_1_16' title='bbox 1018 457 1160 495; x_wconf 78' lang='lat' dir='ltr'>potens</span> <span class='ocrx_word' id='word_1_17' title='bbox 1206 458 1389 486; x_wconf 85' lang='lat' dir='ltr'>terrenus</span> <span class='ocrx_word' id='word_1_18' title='bbox 1433 461 1561 488; x_wconf 87' lang='lat' dir='ltr'>morte</span> 
     </span>
     <span class='ocr_line' id='line_1_4' title="bbox 248 502 1561 552; baseline 0.005 -14"><span class='ocrx_word' id='word_1_19' title='bbox 248 502 431 540; x_wconf 83' lang='lat' dir='ltr'>deficere.</span> <span class='ocrx_word' id='word_1_20' title='bbox 468 503 542 539; x_wconf 86' lang='lat' dir='ltr'>Ubi</span> <span class='ocrx_word' id='word_1_21' title='bbox 576 516 700 552; x_wconf 85' lang='lat' dir='ltr'>queso</span> <span class='ocrx_word' id='word_1_22' title='bbox 733 513 824 539; x_wconf 86' lang='lat' dir='ltr'>sunt</span> <span class='ocrx_word' id='word_1_23' title='bbox 858 517 968 552; x_wconf 74' lang='lat' dir='ltr'>reges</span> <span class='ocrx_word' id='word_1_24' title='bbox 1000 505 1180 552; x_wconf 76' lang='lat' dir='ltr'>gigantes</span> <span class='ocrx_word' id='word_1_25' title='bbox 1214 515 1250 543; x_wconf 86' lang='lat' dir='ltr'>et</span> <span class='ocrx_word' id='word_1_26' title='bbox 1275 508 1488 545; x_wconf 78' lang='lat' dir='ltr'>bellatores</span> <span class='ocrx_word' id='word_1_27' title='bbox 1523 509 1561 545; x_wconf 88' lang='lat' dir='ltr'>in</span> 
     </span>
     <span class='ocr_line' id='line_1_5' title="bbox 247 561 1562 614; baseline 0.005 -18"><span class='ocrx_word' id='word_1_28' title='bbox 247 572 418 608; x_wconf 89' lang='lat' dir='ltr'>quorum</span> <span class='ocrx_word' id='word_1_29' title='bbox 475 561 685 608; x_wconf 79' lang='lat' dir='ltr'>magnaliis</span> <span class='ocrx_word' id='word_1_30' title='bbox 733 562 878 609; x_wconf 83' lang='lat' dir='ltr'>Anglia</span> <span class='ocrx_word' id='word_1_31' title='bbox 931 563 1183 600; x_wconf 78' lang='lat' dir='ltr'>confidebat?</span> <span class='ocrx_word' id='word_1_32' title='bbox 1237 567 1326 601; x_wconf 89' lang='lat' dir='ltr'>Non</span> <span class='ocrx_word' id='word_1_33' title='bbox 1379 576 1562 614; x_wconf 80' lang='lat' dir='ltr'><strong>superest</strong></span> 
     </span>
     <span class='ocr_line' id='line_1_6' title="bbox 213 618 1561 668; baseline 0.006 -15"><span class='ocrx_word' id='word_1_34' title='bbox 213 618 439 662; x_wconf 69' lang='lat' dir='ltr'>5seeu1-itas</span> <span class='ocrx_word' id='word_1_35' title='bbox 464 619 711 655; x_wconf 76' lang='lat' dir='ltr'>conlidencie</span> <span class='ocrx_word' id='word_1_36' title='bbox 735 619 809 655; x_wconf 85' lang='lat' dir='ltr'>nisi</span> <span class='ocrx_word' id='word_1_37' title='bbox 833 628 875 655; x_wconf 92' lang='lat' dir='ltr'>ut</span> <span class='ocrx_word' id='word_1_38' title='bbox 892 620 1082 668; x_wconf 78' lang='lat' dir='ltr'>operibus</span> <span class='ocrx_word' id='word_1_39' title='bbox 1107 621 1221 657; x_wconf 89' lang='lat' dir='ltr'>bonis</span> <span class='ocrx_word' id='word_1_40' title='bbox 1247 623 1497 660; x_wconf 81' lang='lat' dir='ltr'>confidamus</span> <span class='ocrx_word' id='word_1_41' title='bbox 1522 624 1561 660; x_wconf 89' lang='lat' dir='ltr'>in</span> 
     </span>
     <span class='ocr_line' id='line_1_7' title="bbox 248 675 1559 732; baseline 0.005 -21"><span class='ocrx_word' id='word_1_42' title='bbox 248 675 435 721; x_wconf 84' lang='lat' dir='ltr'>Domino,</span> <span class='ocrx_word' id='word_1_43' title='bbox 453 678 558 712; x_wconf 90' lang='lat' dir='ltr'>unde</span> <span class='ocrx_word' id='word_1_44' title='bbox 577 678 705 713; x_wconf 79' lang='lat' dir='ltr'>Baruc</span> <span class='ocrx_word' id='word_1_45' title='bbox 721 679 806 722; x_wconf 89' lang='lat'>1110,</span> <span class='ocrx_word' id='word_1_46' title='bbox 826 679 886 724; x_wconf 68' lang='lat'>16,</span> <span class='ocrx_word' id='word_1_47' title='bbox 905 691 969 725; x_wconf 68' lang='lat'>19:</span> <span class='ocrx_word' id='word_1_48' title='bbox 993 679 1369 730; x_wconf 59' lang='lat' dir='ltr'>Lfbisztntprincipes</span> <span class='ocrx_word' id='word_1_49' title='bbox 1381 682 1559 732; x_wconf 75' lang='lat' dir='ltr'>gencium</span> 
     </span>
     <span class='ocr_line' id='line_1_8' title="bbox 245 734 1564 786; baseline 0.005 -18"><span class='ocrx_word' id='word_1_50' title='bbox 245 741 279 768; x_wconf 81' lang='lat' dir='ltr'>et</span> <span class='ocrx_word' id='word_1_51' title='bbox 302 734 368 781; x_wconf 81' lang='lat' dir='ltr'>qui</span> <span class='ocrx_word' id='word_1_52' title='bbox 385 734 634 770; x_wconf 76' lang='lat' dir='ltr'>dominantur</span> <span class='ocrx_word' id='word_1_53' title='bbox 655 747 773 784; x_wconf 77' lang='lat' dir='ltr'>super</span> <span class='ocrx_word' id='word_1_54' title='bbox 795 736 964 771; x_wconf 74' lang='lat' dir='ltr'>bestias?</span> <span class='ocrx_word' id='word_1_55' title='bbox 996 745 1033 772; x_wconf 90' lang='lat' dir='ltr'>et</span> <span class='ocrx_word' id='word_1_56' title='bbox 1066 737 1259 786; x_wconf 87' lang='lat' dir='ltr'>sequitur.</span> <span class='ocrx_word' id='word_1_57' title='bbox 1295 739 1564 776; x_wconf 62' lang='lat' dir='ltr'>E.x·terminatz&#39;</span> 
     </span>
     <span class='ocr_line' id='line_1_9' title="bbox 242 792 1558 840; baseline 0.006 -14"><span class='ocrx_word' id='word_1_58' title='bbox 242 798 329 827; x_wconf 80' lang='lat' dir='ltr'>sunt</span> <span class='ocrx_word' id='word_1_59' title='bbox 344 792 445 827; x_wconf 84' lang='lat' dir='ltr'>etad</span> <span class='ocrx_word' id='word_1_60' title='bbox 459 792 606 840; x_wconf 78' lang='lat' dir='ltr'>inferos</span> <span class='ocrx_word' id='word_1_61' title='bbox 621 793 913 837; x_wconf 75' lang='lat' dir='ltr'>descenderunt,</span> <span class='ocrx_word' id='word_1_62' title='bbox 936 795 1004 830; x_wconf 77' lang='lat' dir='ltr'>alii</span> <span class='ocrx_word' id='word_1_63' title='bbox 1025 795 1107 831; x_wconf 88' lang='lat' dir='ltr'>loco</span> <span class='ocrx_word' id='word_1_64' title='bbox 1130 808 1263 832; x_wconf 80' lang='lat' dir='ltr'>eorum</span> <span class='ocrx_word' id='word_1_65' title='bbox 1284 805 1558 835; x_wconf 71' lang='lat' dir='ltr'>surrexerunt.</span> 
     </span>
     <span class='ocr_line' id='line_1_10' title="bbox 243 849 1481 902; baseline 0.006 -18"><span class='ocrx_word' id='word_1_66' title='bbox 243 850 348 885; x_wconf 84' lang='lat' dir='ltr'>Gens</span> <span class='ocrx_word' id='word_1_67' title='bbox 382 849 487 885; x_wconf 86' lang='lat' dir='ltr'>enim</span> <span class='ocrx_word' id='word_1_68' title='bbox 522 850 666 887; x_wconf 75' lang='lat' dir='ltr'>transit</span> <span class='ocrx_word' id='word_1_69' title='bbox 699 860 741 887; x_wconf 91' lang='lat' dir='ltr'>ut</span> <span class='ocrx_word' id='word_1_70' title='bbox 775 851 917 888; x_wconf 82' lang='lat' dir='ltr'>fluvius</span> <span class='ocrx_word' id='word_1_71' title='bbox 950 852 991 888; x_wconf 88' lang='lat' dir='ltr'>in</span> <span class='ocrx_word' id='word_1_72' title='bbox 1025 866 1104 902; x_wconf 89' lang='lat' dir='ltr'>quo</span> <span class='ocrx_word' id='word_1_73' title='bbox 1138 867 1217 890; x_wconf 88' lang='lat' dir='ltr'>non</span> <span class='ocrx_word' id='word_1_74' title='bbox 1251 855 1481 892; x_wconf 83' lang='lat' dir='ltr'>confiditur.</span> 
     </span>
    </p>

    <p class='ocr_par' dir='ltr' id='par_1_3' title="bbox 189 908 1558 1193">
     <span class='ocr_line' id='line_1_11' title="bbox 189 908 1557 959; baseline 0.007 -17"><span class='ocrx_word' id='word_1_75' title='bbox 189 931 227 951; x_wconf 69' lang='lat'>10</span> <span class='ocrx_word' id='word_1_76' title='bbox 301 908 445 953; x_wconf 83' lang='lat' dir='ltr'>Quoad</span> <span class='ocrx_word' id='word_1_77' title='bbox 478 909 611 944; x_wconf 87' lang='lat' dir='ltr'>locum</span> <span class='ocrx_word' id='word_1_78' title='bbox 650 908 769 945; x_wconf 88' lang='lat' dir='ltr'>amici</span> <span class='ocrx_word' id='word_1_79' title='bbox 804 911 1035 958; x_wconf 73' lang='lat' dir='ltr'>corporales</span> <span class='ocrx_word' id='word_1_80' title='bbox 1074 912 1188 948; x_wconf 85' lang='lat' dir='ltr'>nobis</span> <span class='ocrx_word' id='word_1_81' title='bbox 1222 913 1426 959; x_wconf 62' lang='lat' dir='ltr'>deficiunt,</span> <span class='ocrx_word' id='word_1_82' title='bbox 1467 927 1557 950; x_wconf 91' lang='lat' dir='ltr'>cum</span> 
     </span>
     <span class='ocr_line' id='line_1_12' title="bbox 241 966 1558 1020; baseline 0.007 -20"><span class='ocrx_word' id='word_1_83' title='bbox 241 977 322 1001; x_wconf 87' lang='lat' dir='ltr'>non</span> <span class='ocrx_word' id='word_1_84' title='bbox 372 975 540 1013; x_wconf 82' lang='lat' dir='ltr'>possunt</span> <span class='ocrx_word' id='word_1_85' title='bbox 593 966 741 1015; x_wconf 88' lang='lat' dir='ltr'>ubique</span> <span class='ocrx_word' id='word_1_86' title='bbox 790 968 905 1004; x_wconf 89' lang='lat' dir='ltr'>nobis</span> <span class='ocrx_word' id='word_1_87' title='bbox 959 969 1156 1006; x_wconf 88' lang='lat' dir='ltr'>assistere.</span> <span class='ocrx_word' id='word_1_88' title='bbox 1209 972 1287 1007; x_wconf 81' lang='lat' dir='ltr'>Sed</span> <span class='ocrx_word' id='word_1_89' title='bbox 1339 985 1413 1020; x_wconf 87' lang='lat' dir='ltr'>pro</span> <span class='ocrx_word' id='word_1_90' title='bbox 1467 972 1558 1009; x_wconf 92' lang='lat' dir='ltr'>loco</span> 
     </span>
     <span class='ocr_line' id='line_1_13' title="bbox 240 1023 1558 1074; baseline 0.006 -16"><span class='ocrx_word' id='word_1_91' title='bbox 240 1023 490 1060; x_wconf 84' lang='lat' dir='ltr'>necessitatis</span> <span class='ocrx_word' id='word_1_92' title='bbox 525 1024 696 1061; x_wconf 81' lang='lat' dir='ltr'>maxime</span> <span class='ocrx_word' id='word_1_93' title='bbox 730 1034 847 1062; x_wconf 88' lang='lat' dir='ltr'>nocte</span> <span class='ocrx_word' id='word_1_94' title='bbox 880 1034 917 1062; x_wconf 91' lang='lat' dir='ltr'>et</span> <span class='ocrx_word' id='word_1_95' title='bbox 950 1027 1013 1063; x_wconf 91' lang='lat' dir='ltr'>die</span> <span class='ocrx_word' id='word_1_96' title='bbox 1045 1027 1161 1064; x_wconf 91' lang='lat' dir='ltr'>nobis</span> <span class='ocrx_word' id='word_1_97' title='bbox 1194 1030 1350 1074; x_wconf 84' lang='lat' dir='ltr'>desunt,</span> <span class='ocrx_word' id='word_1_98' title='bbox 1384 1029 1488 1066; x_wconf 91' lang='lat' dir='ltr'>sicut</span> <span class='ocrx_word' id='word_1_99' title='bbox 1520 1039 1558 1066; x_wconf 92' lang='lat' dir='ltr'>et</span> 
     </span>
     <span class='ocr_line' id='line_1_14' title="bbox 239 1081 1556 1132; baseline 0.006 -16"><span class='ocrx_word' id='word_1_100' title='bbox 239 1094 310 1117; x_wconf 89' lang='lat' dir='ltr'>nos</span> <span class='ocrx_word' id='word_1_101' title='bbox 344 1081 433 1118; x_wconf 90' lang='lat' dir='ltr'>illis.</span> <span class='ocrx_word' id='word_1_102' title='bbox 469 1083 559 1118; x_wconf 90' lang='lat' dir='ltr'>Ideo</span> <span class='ocrx_word' id='word_1_103' title='bbox 590 1083 750 1119; x_wconf 81' lang='lat' dir='ltr'>Psalmo</span> <span class='ocrx_word' id='word_1_104' title='bbox 780 1085 951 1129; x_wconf 55' lang='lat' dir='ltr'>CXLV‘),</span> <span class='ocrx_word' id='word_1_105' title='bbox 978 1095 1015 1132; x_wconf 85' lang='lat'>2,</span> <span class='ocrx_word' id='word_1_106' title='bbox 1044 1086 1061 1121; x_wconf 86' lang='lat'><strong>3</strong></span> <span class='ocrx_word' id='word_1_107' title='bbox 1100 1085 1264 1123; x_wconf 88' lang='lat' dir='ltr'>dicitur:</span> <span class='ocrx_word' id='word_1_108' title='bbox 1306 1088 1436 1124; x_wconf 83' lang='lat' dir='ltr'>Nolite</span> <span class='ocrx_word' id='word_1_109' title='bbox 1468 1100 1556 1124; x_wconf 81' lang='lat' dir='ltr'>con-</span> 
     </span>
     <span class='ocr_line' id='line_1_15' title="bbox 226 1139 1557 1193; baseline 0.007 -19"><span class='ocrx_word' id='word_1_110' title='bbox 226 1139 359 1188; x_wconf 79' lang='lat' dir='ltr'>fidere</span> <span class='ocrx_word' id='word_1_111' title='bbox 390 1140 426 1175; x_wconf 86' lang='lat' dir='ltr'>in</span> <span class='ocrx_word' id='word_1_112' title='bbox 447 1141 688 1190; x_wconf 77' lang='lat' dir='ltr'>principibus</span> <span class='ocrx_word' id='word_1_113' title='bbox 710 1154 776 1177; x_wconf 81' lang='lat' dir='ltr'>nec</span> <span class='ocrx_word' id='word_1_114' title='bbox 798 1142 946 1192; x_wconf 80' lang='lat' dir='ltr'>infiliis</span> <span class='ocrx_word' id='word_1_115' title='bbox 969 1144 1164 1180; x_wconf 75' lang='lat' dir='ltr'>hominum</span> <span class='ocrx_word' id='word_1_116' title='bbox 1188 1145 1224 1180; x_wconf 82' lang='lat' dir='ltr'>in</span> <span class='ocrx_word' id='word_1_117' title='bbox 1248 1146 1383 1193; x_wconf 76' lang='lat' dir='ltr'>quibus</span> <span class='ocrx_word' id='word_1_118' title='bbox 1404 1159 1478 1182; x_wconf 85' lang='lat' dir='ltr'>non</span> <span class='ocrx_word' id='word_1_119' title='bbox 1502 1154 1557 1182; x_wconf 82' lang='lat' dir='ltr'>est</span> 
     </span>
    </p>

    <p class='ocr_par' dir='ltr' id='par_1_4' title="bbox 187 1197 1556 1483">
     <span class='ocr_line' id='line_1_16' title="bbox 187 1197 1556 1251; baseline 0.007 -20"><span class='ocrx_word' id='word_1_120' title='bbox 187 1211 221 1242; x_wconf 73' lang='lat'>15</span> <span class='ocrx_word' id='word_1_121' title='bbox 237 1197 357 1244; x_wconf 75' lang='lat' dir='ltr'>salus,</span> <span class='ocrx_word' id='word_1_122' title='bbox 372 1211 508 1245; x_wconf 84' lang='lat' dir='ltr'>ymmo</span> <span class='ocrx_word' id='word_1_123' title='bbox 525 1207 884 1248; x_wconf 87' lang='lat' dir='ltr'>quantumcunque</span> <span class='ocrx_word' id='word_1_124' title='bbox 899 1201 1014 1237; x_wconf 89' lang='lat' dir='ltr'>nobis</span> <span class='ocrx_word' id='word_1_125' title='bbox 1030 1201 1167 1248; x_wconf 84' lang='lat' dir='ltr'>assint,</span> <span class='ocrx_word' id='word_1_126' title='bbox 1186 1216 1274 1239; x_wconf 92' lang='lat' dir='ltr'>cum</span> <span class='ocrx_word' id='word_1_127' title='bbox 1292 1216 1373 1240; x_wconf 86' lang='lat' dir='ltr'>non</span> <span class='ocrx_word' id='word_1_128' title='bbox 1389 1214 1556 1251; x_wconf 84' lang='lat' dir='ltr'>possunt</span> 
     </span>
     <span class='ocr_line' id='line_1_17' title="bbox 238 1255 1556 1300; baseline 0.007 -10"><span class='ocrx_word' id='word_1_129' title='bbox 238 1255 354 1291; x_wconf 89' lang='lat' dir='ltr'>nobis</span> <span class='ocrx_word' id='word_1_130' title='bbox 378 1255 502 1300; x_wconf 84' lang='lat' dir='ltr'>illabi,</span> <span class='ocrx_word' id='word_1_131' title='bbox 527 1266 642 1293; x_wconf 83' lang='lat' dir='ltr'>erunt</span> <span class='ocrx_word' id='word_1_132' title='bbox 665 1258 780 1294; x_wconf 89' lang='lat' dir='ltr'>nobis</span> <span class='ocrx_word' id='word_1_133' title='bbox 804 1260 854 1294; x_wconf 87' lang='lat' dir='ltr'>ad</span> <span class='ocrx_word' id='word_1_134' title='bbox 878 1271 979 1295; x_wconf 89' lang='lat' dir='ltr'>onus</span> <span class='ocrx_word' id='word_1_135' title='bbox 1003 1259 1076 1296; x_wconf 89' lang='lat' dir='ltr'>nisi</span> <span class='ocrx_word' id='word_1_136' title='bbox 1103 1260 1278 1297; x_wconf 76' lang='lat' dir='ltr'>filialiter</span> <span class='ocrx_word' id='word_1_137' title='bbox 1304 1262 1556 1299; x_wconf 82' lang='lat' dir='ltr'>confidamus</span> 
     </span>
     <span class='ocr_line' id='line_1_18' title="bbox 238 1312 1553 1363; baseline 0.007 -15"><span class='ocrx_word' id='word_1_138' title='bbox 238 1312 277 1348; x_wconf 90' lang='lat' dir='ltr'>in</span> <span class='ocrx_word' id='word_1_139' title='bbox 311 1313 398 1361; x_wconf 87' lang='lat' dir='ltr'>ipso</span> <span class='ocrx_word' id='word_1_140' title='bbox 432 1314 499 1363; x_wconf 95' lang='lat' dir='ltr'>qui</span> <span class='ocrx_word' id='word_1_141' title='bbox 528 1323 664 1363; x_wconf 74' lang='lat' dir='ltr'>portat</span> <span class='ocrx_word' id='word_1_142' title='bbox 696 1317 822 1352; x_wconf 76' lang='lat' dir='ltr'>onznia</span> <span class='ocrx_word' id='word_1_143' title='bbox 859 1318 973 1353; x_wconf 71' lang='lat' dir='ltr'>verbo</span> <span class='ocrx_word' id='word_1_144' title='bbox 1008 1318 1160 1354; x_wconf 69' lang='lat' dir='ltr'>virtutis</span> <span class='ocrx_word' id='word_1_145' title='bbox 1191 1332 1258 1355; x_wconf 80' lang='lat' dir='ltr'>sue</span> <span class='ocrx_word' id='word_1_146' title='bbox 1290 1321 1410 1356; x_wconf 90' lang='lat' dir='ltr'>Hebr.</span> <span class='ocrx_word' id='word_1_147' title='bbox 1442 1322 1491 1361; x_wconf 66' lang='grc' dir='ltr'>Γ),</span> <span class='ocrx_word' id='word_1_148' title='bbox 1520 1321 1553 1357; x_wconf 83' lang='lat'>3.</span> 
     </span>
     <span class='ocr_line' id='line_1_19' title="bbox 236 1371 1555 1421; baseline 0.007 -15"><span class='ocrx_word' id='word_1_149' title='bbox 236 1371 380 1407; x_wconf 89' lang='lat' dir='ltr'>Tercio</span> <span class='ocrx_word' id='word_1_150' title='bbox 414 1374 547 1420; x_wconf 91' lang='lat' dir='ltr'>quoad</span> <span class='ocrx_word' id='word_1_151' title='bbox 581 1373 832 1421; x_wconf 79' lang='lat' dir='ltr'>qualitatem,</span> <span class='ocrx_word' id='word_1_152' title='bbox 868 1388 957 1411; x_wconf 88' lang='lat' dir='ltr'>cum</span> <span class='ocrx_word' id='word_1_153' title='bbox 999 1376 1117 1412; x_wconf 88' lang='lat' dir='ltr'>amici</span> <span class='ocrx_word' id='word_1_154' title='bbox 1151 1376 1228 1413; x_wconf 87' lang='lat' dir='ltr'>sint</span> <span class='ocrx_word' id='word_1_155' title='bbox 1264 1378 1430 1415; x_wconf 89' lang='lat' dir='ltr'>mobiles</span> <span class='ocrx_word' id='word_1_156' title='bbox 1472 1379 1555 1415; x_wconf 89' lang='lat' dir='ltr'>sine</span> 
     </span>
     <span class='ocr_line' id='line_1_20' title="bbox 238 1429 1553 1483; baseline 0.007 -19"><span class='ocrx_word' id='word_1_157' title='bbox 238 1429 437 1466; x_wconf 88' lang='lat' dir='ltr'>demerito</span> <span class='ocrx_word' id='word_1_158' title='bbox 483 1439 623 1467; x_wconf 89' lang='lat' dir='ltr'>nostro</span> <span class='ocrx_word' id='word_1_159' title='bbox 668 1432 898 1469; x_wconf 84' lang='lat' dir='ltr'>amiciciam</span> <span class='ocrx_word' id='word_1_160' title='bbox 945 1435 1174 1471; x_wconf 84' lang='lat' dir='ltr'>deserentes</span> <span class='ocrx_word' id='word_1_161' title='bbox 1224 1444 1261 1472; x_wconf 91' lang='lat' dir='ltr'>et</span> <span class='ocrx_word' id='word_1_162' title='bbox 1306 1449 1350 1472; x_wconf 78' lang='lat' dir='ltr'>ex</span> <span class='ocrx_word' id='word_1_163' title='bbox 1389 1436 1553 1483; x_wconf 80' lang='lat' dir='ltr'>invidia,</span> 
     </span>
    </p>

    <p class='ocr_par' dir='ltr' id='par_1_5' title="bbox 180 1487 1555 1776">
     <span class='ocr_line' id='line_1_21' title="bbox 180 1487 1553 1543; baseline 0.007 -21"><span class='ocrx_word' id='word_1_164' title='bbox 180 1512 220 1532; x_wconf 76' lang='lat'>20</span> <span class='ocrx_word' id='word_1_165' title='bbox 237 1487 459 1535; x_wconf 87' lang='lat' dir='ltr'>cupiditate</span> <span class='ocrx_word' id='word_1_166' title='bbox 478 1489 539 1524; x_wconf 78' lang='lat' dir='ltr'>vel</span> <span class='ocrx_word' id='word_1_167' title='bbox 562 1502 701 1526; x_wconf 89' lang='lat' dir='ltr'>amore</span> <span class='ocrx_word' id='word_1_168' title='bbox 726 1491 877 1527; x_wconf 88' lang='lat' dir='ltr'>carnali</span> <span class='ocrx_word' id='word_1_169' title='bbox 902 1491 1165 1529; x_wconf 85' lang='lat' dir='ltr'>inimiciciam</span> <span class='ocrx_word' id='word_1_170' title='bbox 1190 1493 1416 1541; x_wconf 78' lang='lat' dir='ltr'>induentes,</span> <span class='ocrx_word' id='word_1_171' title='bbox 1442 1504 1553 1543; x_wconf 83' lang='lat' dir='ltr'>patet</span> 
     </span>
     <span class='ocr_line' id='line_1_22' title="bbox 237 1548 1554 1599; baseline 0.006 -18"><span class='ocrx_word' id='word_1_172' title='bbox 237 1558 356 1594; x_wconf 91' lang='lat' dir='ltr'>quam</span> <span class='ocrx_word' id='word_1_173' title='bbox 381 1559 485 1582; x_wconf 75' lang='lat' dir='ltr'>vana</span> <span class='ocrx_word' id='word_1_174' title='bbox 509 1556 565 1583; x_wconf 90' lang='lat' dir='ltr'>est</span> <span class='ocrx_word' id='word_1_175' title='bbox 589 1548 841 1585; x_wconf 82' lang='lat' dir='ltr'>confidencia</span> <span class='ocrx_word' id='word_1_176' title='bbox 867 1562 945 1598; x_wconf 87' lang='lat' dir='ltr'>qua</span> <span class='ocrx_word' id='word_1_177' title='bbox 969 1550 1009 1586; x_wconf 87' lang='lat' dir='ltr'>in</span> <span class='ocrx_word' id='word_1_178' title='bbox 1032 1551 1128 1599; x_wconf 85' lang='lat' dir='ltr'>ipsis</span> <span class='ocrx_word' id='word_1_179' title='bbox 1154 1552 1392 1595; x_wconf 63' lang='lat' dir='ltr'>confiditur-3</span> <span class='ocrx_word' id='word_1_180' title='bbox 1426 1553 1554 1589; x_wconf 89' lang='lat' dir='ltr'>immo</span> 
     </span>
     <span class='ocr_line' id='line_1_23' title="bbox 236 1604 1554 1657; baseline 0.007 -18"><span class='ocrx_word' id='word_1_181' title='bbox 236 1604 432 1652; x_wconf 82' lang='lat' dir='ltr'>contingit</span> <span class='ocrx_word' id='word_1_182' title='bbox 465 1605 573 1652; x_wconf 89' lang='lat' dir='ltr'>ipsos</span> <span class='ocrx_word' id='word_1_183' title='bbox 607 1607 793 1644; x_wconf 80' lang='lat' dir='ltr'>devenire</span> <span class='ocrx_word' id='word_1_184' title='bbox 827 1607 1071 1656; x_wconf 86' lang='lat' dir='ltr'>impotentes</span> <span class='ocrx_word' id='word_1_185' title='bbox 1105 1611 1155 1646; x_wconf 85' lang='lat' dir='ltr'>ad</span> <span class='ocrx_word' id='word_1_186' title='bbox 1178 1610 1410 1647; x_wconf 84' lang='lat' dir='ltr'>iuvandum.</span> <span class='ocrx_word' id='word_1_187' title='bbox 1447 1613 1554 1657; x_wconf 80' lang='lat' dir='ltr'>Quo—</span> 
     </span>
     <span class='ocr_line' id='line_1_24' title="bbox 237 1663 1555 1717; baseline 0.007 -20"><span class='ocrx_word' id='word_1_188' title='bbox 237 1671 376 1698; x_wconf 86' lang='lat' dir='ltr'>contra</span> <span class='ocrx_word' id='word_1_189' title='bbox 415 1672 472 1699; x_wconf 88' lang='lat' dir='ltr'>est</span> <span class='ocrx_word' id='word_1_190' title='bbox 505 1664 553 1699; x_wconf 90' lang='lat' dir='ltr'>de</span> <span class='ocrx_word' id='word_1_191' title='bbox 591 1663 668 1700; x_wconf 90' lang='lat' dir='ltr'>illis</span> <span class='ocrx_word' id='word_1_192' title='bbox 702 1665 771 1713; x_wconf 91' lang='lat' dir='ltr'>qui</span> <span class='ocrx_word' id='word_1_193' title='bbox 811 1666 1017 1703; x_wconf 84' lang='lat' dir='ltr'>confidunt</span> <span class='ocrx_word' id='word_1_194' title='bbox 1050 1667 1089 1703; x_wconf 89' lang='lat' dir='ltr'>in</span> <span class='ocrx_word' id='word_1_195' title='bbox 1124 1668 1298 1705; x_wconf 85' lang='lat' dir='ltr'>Domino</span> <span class='ocrx_word' id='word_1_196' title='bbox 1331 1669 1434 1705; x_wconf 80' lang='lat' dir='ltr'>sicut</span> <span class='ocrx_word' id='word_1_197' title='bbox 1467 1683 1555 1717; x_wconf 87' lang='lat' dir='ltr'>pre-</span> 
     </span>
     <span class='ocr_line' id='line_1_25' title="bbox 235 1721 1554 1776; baseline 0.007 -21"><span class='ocrx_word' id='word_1_198' title='bbox 235 1721 423 1756; x_wconf 85' lang='lat' dir='ltr'>destinati</span> <span class='ocrx_word' id='word_1_199' title='bbox 457 1721 636 1758; x_wconf 87' lang='lat' dir='ltr'>ecclesie.</span> <span class='ocrx_word' id='word_1_200' title='bbox 673 1725 778 1759; x_wconf 87' lang='lat' dir='ltr'>Deus</span> <span class='ocrx_word' id='word_1_201' title='bbox 813 1724 918 1760; x_wconf 88' lang='lat' dir='ltr'>enim</span> <span class='ocrx_word' id='word_1_202' title='bbox 954 1734 1114 1761; x_wconf 87' lang='lat' dir='ltr'>eternus</span> <span class='ocrx_word' id='word_1_203' title='bbox 1148 1739 1230 1762; x_wconf 90' lang='lat' dir='ltr'>non</span> <span class='ocrx_word' id='word_1_204' title='bbox 1264 1736 1398 1775; x_wconf 88' lang='lat' dir='ltr'>potest</span> <span class='ocrx_word' id='word_1_205' title='bbox 1421 1729 1554 1776; x_wconf 86' lang='lat' dir='ltr'>quoad</span> 
     </span>
    </p>

    <p class='ocr_par' dir='ltr' id='par_1_6' title="bbox 178 1779 1554 2064">
     <span class='ocr_line' id='line_1_26' title="bbox 178 1779 1553 1834; baseline 0.007 -21"><span class='ocrx_word' id='word_1_206' title='bbox 178 1794 216 1824; x_wconf 68' lang='lat'>25</span> <span class='ocrx_word' id='word_1_207' title='bbox 237 1787 397 1826; x_wconf 86' lang='lat' dir='ltr'>tempus</span> <span class='ocrx_word' id='word_1_208' title='bbox 444 1779 629 1824; x_wconf 84' lang='lat' dir='ltr'>deficere,</span> <span class='ocrx_word' id='word_1_209' title='bbox 676 1783 745 1817; x_wconf 85' lang='lat' dir='ltr'>sed</span> <span class='ocrx_word' id='word_1_210' title='bbox 794 1782 899 1818; x_wconf 90' lang='lat' dir='ltr'>idem</span> <span class='ocrx_word' id='word_1_211' title='bbox 935 1785 1041 1819; x_wconf 88' lang='lat' dir='ltr'>Deus</span> <span class='ocrx_word' id='word_1_212' title='bbox 1088 1785 1155 1832; x_wconf 92' lang='lat' dir='ltr'>qui</span> <span class='ocrx_word' id='word_1_213' title='bbox 1201 1785 1372 1832; x_wconf 80' lang='lat' dir='ltr'>protexit</span> <span class='ocrx_word' id='word_1_214' title='bbox 1418 1795 1553 1834; x_wconf 88' lang='lat' dir='ltr'>patres</span> 
     </span>
     <span class='ocr_line' id='line_1_27' title="bbox 236 1837 1554 1888; baseline 0.007 -16"><span class='ocrx_word' id='word_1_215' title='bbox 236 1837 379 1873; x_wconf 78' lang='lat' dir='ltr'>veteris</span> <span class='ocrx_word' id='word_1_216' title='bbox 419 1838 651 1874; x_wconf 84' lang='lat' dir='ltr'>testamenti</span> <span class='ocrx_word' id='word_1_217' title='bbox 691 1840 892 1876; x_wconf 87' lang='lat' dir='ltr'>coassistit</span> <span class='ocrx_word' id='word_1_218' title='bbox 931 1842 1151 1888; x_wconf 81' lang='lat' dir='ltr'>graciosius</span> <span class='ocrx_word' id='word_1_219' title='bbox 1186 1843 1369 1880; x_wconf 76' lang='lat' dir='ltr'>fidelibus</span> <span class='ocrx_word' id='word_1_220' title='bbox 1403 1844 1482 1880; x_wconf 92' lang='lat' dir='ltr'>suis</span> <span class='ocrx_word' id='word_1_221' title='bbox 1515 1845 1554 1881; x_wconf 91' lang='lat' dir='ltr'>in</span> 
     </span>
     <span class='ocr_line' id='line_1_28' title="bbox 236 1894 1551 1939; baseline 0.007 -9"><span class='ocrx_word' id='word_1_222' title='bbox 236 1894 317 1931; x_wconf 72' lang='lat' dir='ltr'>vita</span> <span class='ocrx_word' id='word_1_223' title='bbox 350 1903 387 1931; x_wconf 83' lang='lat' dir='ltr'>et</span> <span class='ocrx_word' id='word_1_224' title='bbox 421 1905 548 1932; x_wconf 90' lang='lat' dir='ltr'>morte</span> <span class='ocrx_word' id='word_1_225' title='bbox 590 1905 626 1932; x_wconf 92' lang='lat' dir='ltr'>et</span> <span class='ocrx_word' id='word_1_226' title='bbox 667 1897 740 1933; x_wconf 91' lang='lat' dir='ltr'>erit</span> <span class='ocrx_word' id='word_1_227' title='bbox 772 1898 812 1933; x_wconf 91' lang='lat' dir='ltr'>in</span> <span class='ocrx_word' id='word_1_228' title='bbox 846 1898 908 1934; x_wconf 89' lang='lat' dir='ltr'>die</span> <span class='ocrx_word' id='word_1_229' title='bbox 942 1899 1071 1935; x_wconf 79' lang='lat' dir='ltr'>finalis</span> <span class='ocrx_word' id='word_1_230' title='bbox 1105 1900 1243 1937; x_wconf 90' lang='lat' dir='ltr'>iudicii</span> <span class='ocrx_word' id='word_1_231' title='bbox 1275 1902 1390 1938; x_wconf 86' lang='lat' dir='ltr'>nobis</span> <span class='ocrx_word' id='word_1_232' title='bbox 1423 1902 1551 1939; x_wconf 85' lang='lat' dir='ltr'>iudex.</span> 
     </span>
     <span class='ocr_line' id='line_1_29' title="bbox 237 1953 1551 2006; baseline 0.008 -19"><span class='ocrx_word' id='word_1_233' title='bbox 237 1953 361 2000; x_wconf 83' lang='lat' dir='ltr'>Igitur</span> <span class='ocrx_word' id='word_1_234' title='bbox 401 1953 525 1990; x_wconf 88' lang='lat' dir='ltr'>solius</span> <span class='ocrx_word' id='word_1_235' title='bbox 560 1955 723 1991; x_wconf 90' lang='lat' dir='ltr'>Domini</span> <span class='ocrx_word' id='word_1_236' title='bbox 764 1964 821 1991; x_wconf 89' lang='lat' dir='ltr'>est</span> <span class='ocrx_word' id='word_1_237' title='bbox 860 1957 980 1993; x_wconf 85' lang='lat' dir='ltr'>salus.</span> <span class='ocrx_word' id='word_1_238' title='bbox 1027 1958 1068 1994; x_wconf 85' lang='lat' dir='ltr'>Si</span> <span class='ocrx_word' id='word_1_239' title='bbox 1108 1959 1219 1995; x_wconf 88' lang='lat' dir='ltr'>locus</span> <span class='ocrx_word' id='word_1_240' title='bbox 1259 1960 1551 2006; x_wconf 81' lang='lat' dir='ltr'>consideratur,</span> 
     </span>
     <span class='ocr_line' id='line_1_30' title="bbox 237 2012 1553 2064; baseline 0.007 -18"><span class='ocrx_word' id='word_1_241' title='bbox 237 2012 342 2047; x_wconf 92' lang='lat' dir='ltr'>Deus</span> <span class='ocrx_word' id='word_1_242' title='bbox 382 2024 463 2047; x_wconf 90' lang='lat' dir='ltr'>non</span> <span class='ocrx_word' id='word_1_243' title='bbox 509 2021 643 2060; x_wconf 87' lang='lat' dir='ltr'>potest</span> <span class='ocrx_word' id='word_1_244' title='bbox 687 2013 835 2050; x_wconf 87' lang='lat' dir='ltr'>alicubi</span> <span class='ocrx_word' id='word_1_245' title='bbox 879 2028 973 2051; x_wconf 86' lang='lat' dir='ltr'>suos</span> <span class='ocrx_word' id='word_1_246' title='bbox 1015 2017 1213 2064; x_wconf 89' lang='lat' dir='ltr'>deserere,</span> <span class='ocrx_word' id='word_1_247' title='bbox 1261 2030 1351 2054; x_wconf 89' lang='lat' dir='ltr'>cum</span> <span class='ocrx_word' id='word_1_248' title='bbox 1392 2019 1553 2055; x_wconf 86' lang='lat' dir='ltr'>Psalmo</span> 
     </span>
    </p>

    <p class='ocr_par' dir='ltr' id='par_1_7' title="bbox 178 2070 1553 2356">
     <span class='ocr_line' id='line_1_31' title="bbox 178 2070 1552 2120; baseline 0.007 -17"><span class='ocrx_word' id='word_1_249' title='bbox 178 2070 499 2116; x_wconf 74' lang='lat' dir='ltr'>30CXXXV1110‚</span> <span class='ocrx_word' id='word_1_250' title='bbox 536 2071 557 2106; x_wconf 86' lang='lat'>8</span> <span class='ocrx_word' id='word_1_251' title='bbox 599 2071 764 2107; x_wconf 84' lang='lat' dir='ltr'>dicitur:</span> <span class='ocrx_word' id='word_1_252' title='bbox 812 2073 855 2107; x_wconf 84' lang='lat' dir='ltr'>Si</span> <span class='ocrx_word' id='word_1_253' title='bbox 891 2075 1102 2110; x_wconf 80' lang='lat' dir='ltr'>ascendero</span> <span class='ocrx_word' id='word_1_254' title='bbox 1141 2075 1176 2110; x_wconf 83' lang='lat' dir='ltr'>in</span> <span class='ocrx_word' id='word_1_255' title='bbox 1216 2077 1352 2120; x_wconf 71' lang='lat' dir='ltr'>celum,</span> <span class='ocrx_word' id='word_1_256' title='bbox 1394 2084 1433 2112; x_wconf 83' lang='lat' dir='ltr'>tn</span> <span class='ocrx_word' id='word_1_257' title='bbox 1473 2077 1552 2113; x_wconf 83' lang='lat' dir='ltr'>illic</span> 
     </span>
     <span class='ocr_line' id='line_1_32' title="bbox 235 2128 1553 2182; baseline 0.007 -20"><span class='ocrx_word' id='word_1_258' title='bbox 235 2139 286 2170; x_wconf 79' lang='lat' dir='ltr'>es,</span> <span class='ocrx_word' id='word_1_259' title='bbox 323 2128 357 2163; x_wconf 80' lang='lat' dir='ltr'>si</span> <span class='ocrx_word' id='word_1_260' title='bbox 388 2128 622 2164; x_wconf 77' lang='lat' dir='ltr'>descendero</span> <span class='ocrx_word' id='word_1_261' title='bbox 654 2131 706 2165; x_wconf 80' lang='lat' dir='ltr'>ad</span> <span class='ocrx_word' id='word_1_262' title='bbox 738 2130 947 2179; x_wconf 76' lang='lat' dir='ltr'>infernum,</span> <span class='ocrx_word' id='word_1_263' title='bbox 980 2133 1084 2170; x_wconf 78' lang='lat' dir='ltr'>ades.</span> <span class='ocrx_word' id='word_1_264' title='bbox 1132 2133 1172 2169; x_wconf 84' lang='lat' dir='ltr'>Si</span> <span class='ocrx_word' id='word_1_265' title='bbox 1213 2134 1385 2182; x_wconf 86' lang='lat' dir='ltr'>qualitas</span> <span class='ocrx_word' id='word_1_266' title='bbox 1425 2144 1553 2171; x_wconf 85' lang='lat' dir='ltr'>atten-</span> 
     </span>
     <span class='ocr_line' id='line_1_33' title="bbox 235 2185 1553 2240; baseline 0.007 -20"><span class='ocrx_word' id='word_1_267' title='bbox 235 2185 355 2230; x_wconf 86' lang='lat' dir='ltr'>ditur,</span> <span class='ocrx_word' id='word_1_268' title='bbox 391 2188 496 2222; x_wconf 86' lang='lat' dir='ltr'>Deus</span> <span class='ocrx_word' id='word_1_269' title='bbox 529 2200 609 2223; x_wconf 90' lang='lat' dir='ltr'>non</span> <span class='ocrx_word' id='word_1_270' title='bbox 642 2196 772 2235; x_wconf 85' lang='lat' dir='ltr'>potest</span> <span class='ocrx_word' id='word_1_271' title='bbox 806 2188 987 2226; x_wconf 86' lang='lat' dir='ltr'>desinere</span> <span class='ocrx_word' id='word_1_272' title='bbox 1020 2203 1265 2240; x_wconf 80' lang='lat' dir='ltr'>quemquam</span> <span class='ocrx_word' id='word_1_273' title='bbox 1301 2192 1466 2240; x_wconf 77' lang='lat' dir='ltr'>diligere</span> <span class='ocrx_word' id='word_1_274' title='bbox 1493 2194 1553 2229; x_wconf 86' lang='lat' dir='ltr'>vel</span> 
     </span>
     <span class='ocr_line' id='line_1_34' title="bbox 236 2243 1550 2297; baseline 0.007 -19"><span class='ocrx_word' id='word_1_275' title='bbox 236 2243 406 2279; x_wconf 87' lang='lat' dir='ltr'>fideliter</span> <span class='ocrx_word' id='word_1_276' title='bbox 438 2244 625 2281; x_wconf 81' lang='lat' dir='ltr'>servienti</span> <span class='ocrx_word' id='word_1_277' title='bbox 658 2246 731 2282; x_wconf 89' lang='lat' dir='ltr'>sibi</span> <span class='ocrx_word' id='word_1_278' title='bbox 766 2247 948 2292; x_wconf 77' lang='lat' dir='ltr'>deficere,</span> <span class='ocrx_word' id='word_1_279' title='bbox 985 2249 1078 2296; x_wconf 90' lang='lat' dir='ltr'>quia</span> <span class='ocrx_word' id='word_1_280' title='bbox 1108 2250 1359 2287; x_wconf 60' lang='lat' dir='ltr'>11³¹Timoth.</span> <span class='ocrx_word' id='word_1_281' title='bbox 1385 2253 1451 2297; x_wconf 83' lang='lat'>110,</span> <span class='ocrx_word' id='word_1_282' title='bbox 1485 2252 1550 2287; x_wconf 79' lang='lat'>13:</span> 
     </span>
     <span class='ocr_line' id='line_1_35' title="bbox 234 2301 1550 2356; baseline 0.007 -20"><span class='ocrx_word' id='word_1_283' title='bbox 234 2301 342 2337; x_wconf 76' lang='lat' dir='ltr'>Deus</span> <span class='ocrx_word' id='word_1_284' title='bbox 362 2302 499 2351; x_wconf 77' lang='lat' dir='ltr'>fidelis</span> <span class='ocrx_word' id='word_1_285' title='bbox 532 2311 566 2339; x_wconf 82' lang='lat' dir='ltr'>et</span> <span class='ocrx_word' id='word_1_286' title='bbox 598 2316 637 2340; x_wconf 78' lang='lat' dir='ltr'>se</span> <span class='ocrx_word' id='word_1_287' title='bbox 669 2305 793 2353; x_wconf 76' lang='lat' dir='ltr'>ipsum</span> <span class='ocrx_word' id='word_1_288' title='bbox 828 2318 975 2356; x_wconf 73' lang='lat' dir='ltr'>negare</span> <span class='ocrx_word' id='word_1_289' title='bbox 1007 2319 1079 2344; x_wconf 81' lang='lat' dir='ltr'>non</span> <span class='ocrx_word' id='word_1_290' title='bbox 1110 2315 1248 2356; x_wconf 74' lang='lat' dir='ltr'>potest.</span> <span class='ocrx_word' id='word_1_291' title='bbox 1282 2309 1426 2345; x_wconf 87' lang='lat' dir='ltr'>Tercio</span> <span class='ocrx_word' id='word_1_292' title='bbox 1461 2322 1550 2345; x_wconf 90' lang='lat' dir='ltr'>cum</span> 
     </span>
    </p>

    <p class='ocr_par' dir='ltr' id='par_1_8' title="bbox 178 2358 1550 2647">
     <span class='ocr_line' id='line_1_36' title="bbox 178 2358 1546 2410; baseline 0.006 -16"><span class='ocrx_word' id='word_1_293' title='bbox 178 2371 216 2404; x_wconf 70' lang='lat'>35</span> <span class='ocrx_word' id='word_1_294' title='bbox 236 2358 414 2396; x_wconf 87' lang='lat' dir='ltr'>medicus</span> <span class='ocrx_word' id='word_1_295' title='bbox 437 2370 574 2397; x_wconf 87' lang='lat' dir='ltr'>noster</span> <span class='ocrx_word' id='word_1_296' title='bbox 597 2362 766 2398; x_wconf 88' lang='lat' dir='ltr'>remittit</span> <span class='ocrx_word' id='word_1_297' title='bbox 790 2373 957 2410; x_wconf 86' lang='lat' dir='ltr'>peccata</span> <span class='ocrx_word' id='word_1_298' title='bbox 973 2367 1206 2401; x_wconf 79' lang='lat' dir='ltr'>evacuando</span> <span class='ocrx_word' id='word_1_299' title='bbox 1224 2379 1385 2403; x_wconf 83' lang='lat' dir='ltr'>causam</span> <span class='ocrx_word' id='word_1_300' title='bbox 1405 2368 1546 2409; x_wconf 75' lang='lat' dir='ltr'>morbi,</span> 
     </span>
     <span class='ocr_line' id='line_1_37' title="bbox 233 2420 1550 2474; baseline 0.008 -22"><span class='ocrx_word' id='word_1_301' title='bbox 233 2429 322 2464; x_wconf 87' lang='lat' dir='ltr'>spes</span> <span class='ocrx_word' id='word_1_302' title='bbox 356 2426 413 2454; x_wconf 89' lang='lat' dir='ltr'>est</span> <span class='ocrx_word' id='word_1_303' title='bbox 436 2420 543 2466; x_wconf 88' lang='lat' dir='ltr'>quod</span> <span class='ocrx_word' id='word_1_304' title='bbox 568 2420 761 2467; x_wconf 79' lang='lat' dir='ltr'>perficiet,</span> <span class='ocrx_word' id='word_1_305' title='bbox 796 2422 826 2457; x_wconf 90' lang='lat' dir='ltr'>si</span> <span class='ocrx_word' id='word_1_306' title='bbox 851 2434 987 2458; x_wconf 83' lang='lat' dir='ltr'>sumus</span> <span class='ocrx_word' id='word_1_307' title='bbox 1014 2422 1106 2459; x_wconf 89' lang='lat' dir='ltr'>boni</span> <span class='ocrx_word' id='word_1_308' title='bbox 1130 2424 1337 2472; x_wconf 68' lang='lat' dir='ltr'>regiminis</span> <span class='ocrx_word' id='word_1_309' title='bbox 1361 2427 1469 2474; x_wconf 88' lang='lat' dir='ltr'>quod</span> <span class='ocrx_word' id='word_1_310' title='bbox 1494 2425 1550 2461; x_wconf 91' lang='lat' dir='ltr'>in-</span> 
     </span>
     <span class='ocr_line' id='line_1_38' title="bbox 234 2475 1549 2527; baseline 0.007 -16"><span class='ocrx_word' id='word_1_311' title='bbox 234 2475 357 2522; x_wconf 77' lang='lat' dir='ltr'>cepit3</span> <span class='ocrx_word' id='word_1_312' title='bbox 383 2485 420 2512; x_wconf 87' lang='lat' dir='ltr'>et</span> <span class='ocrx_word' id='word_1_313' title='bbox 443 2476 498 2512; x_wconf 92' lang='lat' dir='ltr'>sic</span> <span class='ocrx_word' id='word_1_314' title='bbox 521 2478 773 2524; x_wconf 85' lang='lat' dir='ltr'>sperabimus</span> <span class='ocrx_word' id='word_1_315' title='bbox 797 2481 903 2527; x_wconf 89' lang='lat' dir='ltr'>quod</span> <span class='ocrx_word' id='word_1_316' title='bbox 927 2481 1062 2517; x_wconf 80' lang='lat' dir='ltr'>onmia</span> <span class='ocrx_word' id='word_1_317' title='bbox 1087 2482 1247 2518; x_wconf 88' lang='lat' dir='ltr'>celestia</span> <span class='ocrx_word' id='word_1_318' title='bbox 1271 2492 1308 2519; x_wconf 88' lang='lat' dir='ltr'>et</span> <span class='ocrx_word' id='word_1_319' title='bbox 1332 2483 1549 2524; x_wconf 80' lang='lat' dir='ltr'>terrestria,</span> 
     </span>
     <span class='ocr_line' id='line_1_39' title="bbox 232 2533 1548 2590; baseline 0.008 -22"><span class='ocrx_word' id='word_1_320' title='bbox 232 2533 369 2569; x_wconf 86' lang='lat' dir='ltr'>omnia</span> <span class='ocrx_word' id='word_1_321' title='bbox 402 2535 591 2582; x_wconf 88' lang='lat' dir='ltr'>preterita</span> <span class='ocrx_word' id='word_1_322' title='bbox 617 2545 653 2572; x_wconf 89' lang='lat' dir='ltr'>et</span> <span class='ocrx_word' id='word_1_323' title='bbox 677 2537 811 2573; x_wconf 83' lang='lat' dir='ltr'>futura</span> <span class='ocrx_word' id='word_1_324' title='bbox 835 2547 950 2574; x_wconf 85' lang='lat' dir='ltr'>erunt</span> <span class='ocrx_word' id='word_1_325' title='bbox 974 2539 1088 2575; x_wconf 87' lang='lat' dir='ltr'>nobis</span> <span class='ocrx_word' id='word_1_326' title='bbox 1112 2540 1316 2577; x_wconf 80' lang='lat' dir='ltr'>salutifera</span> <span class='ocrx_word' id='word_1_327' title='bbox 1340 2550 1548 2590; x_wconf 85' lang='lat' dir='ltr'>tamquam</span> 
     </span>
     <span class='ocr_line' id='line_1_40' title="bbox 232 2593 1550 2647; baseline 0.008 -21"><span class='ocrx_word' id='word_1_328' title='bbox 232 2600 407 2639; x_wconf 85' lang='lat' dir='ltr'>quatuor</span> <span class='ocrx_word' id='word_1_329' title='bbox 439 2593 610 2640; x_wconf 86' lang='lat' dir='ltr'>parietes</span> <span class='ocrx_word' id='word_1_330' title='bbox 645 2604 793 2630; x_wconf 91' lang='lat' dir='ltr'>tectum</span> <span class='ocrx_word' id='word_1_331' title='bbox 828 2596 1049 2644; x_wconf 82' lang='lat' dir='ltr'>spiritualis</span> <span class='ocrx_word' id='word_1_332' title='bbox 1084 2599 1228 2634; x_wconf 86' lang='lat' dir='ltr'>domus</span> <span class='ocrx_word' id='word_1_333' title='bbox 1267 2608 1550 2647; x_wconf 76' lang='lat' dir='ltr'>supportantes</span> 
     </span>
    </p>

    <p class='ocr_par' dir='ltr' id='par_1_9' title="bbox 172 2650 1549 2764">
     <span class='ocr_line' id='line_1_41' title="bbox 172 2650 1549 2703; baseline 0.007 -19"><span class='ocrx_word' id='word_1_334' title='bbox 172 2672 217 2702; x_wconf 72' lang='lat'>40</span> <span class='ocrx_word' id='word_1_335' title='bbox 230 2650 291 2685; x_wconf 73' lang='lat' dir='ltr'>vel</span> <span class='ocrx_word' id='word_1_336' title='bbox 315 2658 489 2697; x_wconf 88' lang='lat' dir='ltr'>quatuor</span> <span class='ocrx_word' id='word_1_337' title='bbox 512 2652 623 2687; x_wconf 87' lang='lat' dir='ltr'>dotes</span> <span class='ocrx_word' id='word_1_338' title='bbox 657 2654 852 2701; x_wconf 87' lang='lat' dir='ltr'>corporis,</span> <span class='ocrx_word' id='word_1_339' title='bbox 888 2655 1056 2701; x_wconf 73' lang='lat' dir='ltr'>agilitas,</span> <span class='ocrx_word' id='word_1_340' title='bbox 1091 2656 1302 2703; x_wconf 86' lang='lat' dir='ltr'>subtilitas,</span> <span class='ocrx_word' id='word_1_341' title='bbox 1329 2658 1488 2694; x_wconf 83' lang='lat' dir='ltr'>claritas</span> <span class='ocrx_word' id='word_1_342' title='bbox 1513 2667 1549 2694; x_wconf 90' lang='lat' dir='ltr'>et</span> 
     </span>
     <span class='ocr_line' id='line_1_42' title="bbox 232 2706 1496 2764; baseline 0.008 -22"><span class='ocrx_word' id='word_1_343' title='bbox 232 2706 535 2753; x_wconf 83' lang='lat' dir='ltr'>immortalitas;</span> <span class='ocrx_word' id='word_1_344' title='bbox 569 2710 713 2758; x_wconf 91' lang='lat' dir='ltr'>quibus</span> <span class='ocrx_word' id='word_1_345' title='bbox 748 2712 870 2748; x_wconf 86' lang='lat' dir='ltr'>homo</span> <span class='ocrx_word' id='word_1_346' title='bbox 904 2712 1098 2749; x_wconf 81' lang='lat' dir='ltr'>ditabitur</span> <span class='ocrx_word' id='word_1_347' title='bbox 1130 2715 1246 2761; x_wconf 81' lang='lat' dir='ltr'>plene</span> <span class='ocrx_word' id='word_1_348' title='bbox 1280 2715 1319 2751; x_wconf 86' lang='lat' dir='ltr'>in</span> <span class='ocrx_word' id='word_1_349' title='bbox 1354 2716 1496 2764; x_wconf 79' lang='lat' dir='ltr'>patria.</span> 
     </span>
    </p>
   </div>
   <div class='ocr_carea' id='block_1_3' title="bbox 229 2830 1547 2966">
    <p class='ocr_par' dir='ltr' id='par_1_10' title="bbox 229 2830 1547 2966">
     <span class='ocr_line' id='line_1_43' title="bbox 300 2830 1546 2871; baseline 0.007 -15"><span class='ocrx_word' id='word_1_350' title='bbox 300 2839 326 2861; x_wconf 56' lang='lat'>4.</span> <span class='ocrx_word' id='word_1_351' title='bbox 349 2830 422 2858; x_wconf 76' lang='lat' dir='ltr'>DG:</span> <span class='ocrx_word' id='word_1_352' title='bbox 449 2830 565 2858; x_wconf 62' lang='grc' dir='ltr'>Αηείιζι</span> <span class='ocrx_word' id='word_1_353' title='bbox 588 2833 722 2860; x_wconf 70' lang='lat' dir='ltr'>Buemz&#39;a.</span> <span class='ocrx_word' id='word_1_354' title='bbox 808 2834 831 2861; x_wconf 76' lang='lat'>5.</span> <span class='ocrx_word' id='word_1_355' title='bbox 855 2835 928 2861; x_wconf 62' lang='lat' dir='ltr'>DC:</span> <span class='ocrx_word' id='word_1_356' title='bbox 956 2836 1100 2870; x_wconf 69' lang='lat' dir='ltr'>operibus</span> <span class='ocrx_word' id='word_1_357' title='bbox 1121 2837 1263 2864; x_wconf 72' lang='lat' dir='ltr'>hominis.</span> <span class='ocrx_word' id='word_1_358' title='bbox 1351 2847 1391 2871; x_wconf 57' lang='lat'>14.</span> <span class='ocrx_word' id='word_1_359' title='bbox 1415 2839 1488 2865; x_wconf 81' lang='lat'>1›(;.-</span> <span class='ocrx_word' id='word_1_360' title='bbox 1517 2839 1546 2865; x_wconf 54' lang='lat'>17¹2</span> 
     </span>
     <span class='ocr_line' id='line_1_44' title="bbox 229 2864 1545 2908; baseline 0.002 -10"><span class='ocrx_word' id='word_1_361' title='bbox 229 2864 336 2898; x_wconf 54' lang='lat' dir='ltr'>⁸l&#39;m&#39;bus</span> <span class='ocrx_word' id='word_1_362' title='bbox 363 2881 393 2883; x_wconf 97' lang='lat'><strong>—</strong></span> <span class='ocrx_word' id='word_1_363' title='bbox 419 2869 466 2892; x_wconf 72' lang='lat' dir='ltr'>est</span> <span class='ocrx_word' id='word_1_364' title='bbox 491 2867 584 2895; x_wconf 66' lang='lat' dir='ltr'>dcc-st.</span> <span class='ocrx_word' id='word_1_365' title='bbox 727 2876 769 2895; x_wconf 73' lang='lat'><em>2¹2.</em></span> <span class='ocrx_word' id='word_1_366' title='bbox 798 2869 870 2896; x_wconf 65' lang='lat'><strong>1›‹‡.·</strong></span> <span class='ocrx_word' id='word_1_367' title='bbox 903 2871 1047 2898; x_wconf 53' lang='lat' dir='ltr'>devenire</span> <span class='ocrx_word' id='word_1_368' title='bbox 1073 2875 1172 2900; x_wconf 58' lang='lat' dir='ltr'>dec-st:</span> <span class='ocrx_word' id='word_1_369' title='bbox 1205 2874 1244 2898; x_wconf 76' lang='lat' dir='ltr'>ib.</span> <span class='ocrx_word' id='word_1_370' title='bbox 1274 2873 1316 2900; x_wconf 76' lang='lat' dir='ltr'>G:</span> <span class='ocrx_word' id='word_1_371' title='bbox 1346 2874 1545 2908; x_wconf 58' lang='lat' dir='ltr'>inzponentm.</span> 
     </span>
     <span class='ocr_line' id='line_1_45' title="bbox 230 2899 1547 2943; baseline 0.006 -17"><span class='ocrx_word' id='word_1_372' title='bbox 230 2900 275 2932; x_wconf 66' lang='lat'>34.</span> <span class='ocrx_word' id='word_1_373' title='bbox 294 2900 333 2925; x_wconf 79' lang='lat' dir='ltr'>D:</span> <span class='ocrx_word' id='word_1_374' title='bbox 355 2899 456 2931; x_wconf 68' lang='lat' dir='ltr'>fidelis</span> <span class='ocrx_word' id='word_1_375' title='bbox 470 2905 522 2928; x_wconf 26' lang='lat' dir='ltr'>est*</span> <span class='ocrx_word' id='word_1_376' title='bbox 578 2901 623 2929; x_wconf 20' lang='lat'>30⁷</span> <span class='ocrx_word' id='word_1_377' title='bbox 642 2902 715 2929; x_wconf 73' lang='lat' dir='ltr'>DC:</span> <span class='ocrx_word' id='word_1_378' title='bbox 733 2903 906 2938; x_wconf 63' lang='lat' dir='ltr'>perficeret.</span> <span class='ocrx_word' id='word_1_379' title='bbox 963 2914 1012 2938; x_wconf 64' lang='lat'>40.</span> <span class='ocrx_word' id='word_1_380' title='bbox 1030 2906 1101 2933; x_wconf 63' lang='lat' dir='ltr'>lm:</span> <span class='ocrx_word' id='word_1_381' title='bbox 1124 2907 1286 2943; x_wconf 60' lang='lat' dir='ltr'>alligatus.</span> <span class='ocrx_word' id='word_1_382' title='bbox 1343 2917 1385 2941; x_wconf 59' lang='lat'>41.</span> <span class='ocrx_word' id='word_1_383' title='bbox 1402 2910 1444 2935; x_wconf 73' lang='lat' dir='ltr'>A:</span> <span class='ocrx_word' id='word_1_384' title='bbox 1469 2917 1547 2934; x_wconf 68' lang='lat' dir='ltr'>mar-</span> 
     </span>
     <span class='ocr_line' id='line_1_46' title="bbox 229 2934 783 2966; baseline 0.009 -6"><span class='ocrx_word' id='word_1_385' title='bbox 229 2934 357 2966; x_wconf 68' lang='lat' dir='ltr'>talitas,·</span> <span class='ocrx_word' id='word_1_386' title='bbox 383 2935 423 2962; x_wconf 89' lang='lat' dir='ltr'>ib.</span> <span class='ocrx_word' id='word_1_387' title='bbox 447 2936 490 2963; x_wconf 69' lang='lat' dir='ltr'>G:</span> <span class='ocrx_word' id='word_1_388' title='bbox 518 2936 666 2964; x_wconf 71' lang='lat' dir='ltr'>dilabitur</span> <span class='ocrx_word' id='word_1_389' title='bbox 687 2938 783 2965; x_wconf 47' lang='grc' dir='ltr'>ἁκεῖ.</span> 
     </span>
    </p>
   </div>
   <div class='ocr_carea' id='block_1_4' title="bbox 1337 2981 1402 2990">
    <p class='ocr_par' dir='ltr' id='par_1_11' title="bbox 1337 2981 1402 2990">
     <span class='ocr_line' id='line_1_47' title="bbox 1337 2981 1402 2990; baseline 0 -5"><span class='ocrx_word' id='word_1_390' title='bbox 1337 2981 1351 2990; x_wconf 46' lang='lat' dir='ltr'>f,</span> <span class='ocrx_word' id='word_1_391' title='bbox 1391 2982 1402 2985; x_wconf 91' lang='lat'>..</span> 
     </span>
    </p>
   </div>
   <div class='ocr_carea' id='block_1_5' title="bbox 1337 2988 1407 3012">
    <p class='ocr_par' dir='ltr' id='par_1_12' title="bbox 1337 2988 1407 3012">
     <span class='ocr_line' id='line_1_48' title="bbox 1337 2988 1407 3012; baseline 0 0"><span class='ocrx_word' id='word_1_392' title='bbox 1337 2993 1352 3012; x_wconf 60' lang='grc' dir='ltr'><em>ο</em></span> <span class='ocrx_word' id='word_1_393' title='bbox 1359 2993 1379 3010; x_wconf 81' lang='grc' dir='ltr'>υ</span> <span class='ocrx_word' id='word_1_394' title='bbox 1387 2988 1407 2999; x_wconf 71' lang='lat'>⁷³</span> 
     </span>
    </p>
   </div>
   <div class='ocr_carea' id='block_1_6' title="bbox 1768 284 1847 328">
    <p class='ocr_par' dir='ltr' id='par_1_13' title="bbox 1768 284 1847 328">
     <span class='ocr_line' id='line_1_49' title="bbox 1768 284 1847 328; baseline 0.025 -2"><span class='ocrx_word' id='word_1_395' title='bbox 1768 284 1847 328; x_wconf 72' lang='lat'>467</span> 
     </span>
    </p>
   </div>
   <div class='ocr_carea' id='block_1_7' title="bbox 1623 402 1814 467">
    <p class='ocr_par' dir='ltr' id='par_1_14' title="bbox 1623 402 1814 467">
     <span class='ocr_line' id='line_1_50' title="bbox 1623 402 1814 441; baseline 0.01 -14"><span class='ocrx_word' id='word_1_396' title='bbox 1623 410 1642 427; x_wconf 74' lang='lat' dir='ltr'>xx</span> <span class='ocrx_word' id='word_1_397' title='bbox 1654 402 1692 441; x_wconf 73' lang='lat' dir='ltr'>ho</span> <span class='ocrx_word' id='word_1_398' title='bbox 1715 402 1762 429; x_wconf 73' lang='lat' dir='ltr'>fail</span> <span class='ocrx_word' id='word_1_399' title='bbox 1786 403 1814 429; x_wconf 83' lang='lat' dir='ltr'>iu</span> 
     </span>
     <span class='ocr_line' id='line_1_51' title="bbox 1670 442 1752 467; baseline 0.012 -4"><span class='ocrx_word' id='word_1_400' title='bbox 1670 442 1752 467; x_wconf 71' lang='lat' dir='ltr'>time,</span> 
     </span>
    </p>
   </div>
   <div class='ocr_carea' id='block_1_8' title="bbox 1671 853 1755 888">
    <p class='ocr_par' dir='ltr' id='par_1_15' title="bbox 1671 853 1755 888">
     <span class='ocr_line' id='line_1_52' title="bbox 1671 853 1755 888; baseline 0.012 -9"><span class='ocrx_word' id='word_1_401' title='bbox 1671 853 1755 888; x_wconf 81' lang='lat' dir='ltr'>place</span> 
     </span>
    </p>
   </div>
   <div class='ocr_carea' id='block_1_9' title="bbox 1602 1373 1810 1411">
    <p class='ocr_par' dir='ltr' id='par_1_16' title="bbox 1602 1373 1810 1411">
     <span class='ocr_line' id='line_1_53' title="bbox 1602 1373 1810 1411; baseline 0.005 -11"><span class='ocrx_word' id='word_1_402' title='bbox 1602 1373 1662 1401; x_wconf 79' lang='lat' dir='ltr'>and</span> <span class='ocrx_word' id='word_1_403' title='bbox 1684 1375 1810 1411; x_wconf 73' lang='lat' dir='ltr'>quality.</span> 
     </span>
    </p>
   </div>
   <div class='ocr_carea' id='block_1_10' title="bbox 1587 1780 1830 1845">
    <p class='ocr_par' dir='ltr' id='par_1_17' title="bbox 1587 1780 1830 1845">
     <span class='ocr_line' id='line_1_54' title="bbox 1606 1780 1815 1808; baseline 0 -1"><span class='ocrx_word' id='word_1_404' title='bbox 1606 1780 1674 1807; x_wconf 83' lang='lat' dir='ltr'>God</span> <span class='ocrx_word' id='word_1_405' title='bbox 1696 1780 1765 1807; x_wconf 82' lang='lat' dir='ltr'>fails</span> <span class='ocrx_word' id='word_1_406' title='bbox 1785 1780 1815 1808; x_wconf 87' lang='lat' dir='ltr'>iu</span> 
     </span>
     <span class='ocr_line' id='line_1_55' title="bbox 1587 1816 1830 1845; baseline 0.016 -4"><span class='ocrx_word' id='word_1_407' title='bbox 1587 1823 1666 1842; x_wconf 77' lang='lat' dir='ltr'>none</span> <span class='ocrx_word' id='word_1_408' title='bbox 1687 1816 1721 1843; x_wconf 82' lang='lat' dir='ltr'>of</span> <span class='ocrx_word' id='word_1_409' title='bbox 1737 1817 1830 1845; x_wconf 78' lang='lat' dir='ltr'>these.</span> 
     </span>
    </p>
   </div>
  </div>
 </body>
</html>
