2062 3276
221 244 357 272 SERMO
380 235 499 292 mint]
702 249 892 286 QUARTA
922 250 1047 280 PARS.
1737 256 1815 290 497

222 353 374 402 respuit
406 355 572 391 verbum
606 354 843 402 preteritum
882 355 942 390 vel
983 354 1175 400 futurum,
1217 364 1259 392 ut
1297 368 1434 392 verum
1474 366 1531 393 est

222 414 329 461 quod
364 415 469 449 Deus
502 424 661 460 semper
694 412 766 448 fuit
799 421 836 448 et
870 424 1027 459 semper
1061 413 1150 458 erit,
1184 413 1275 450 licet
1309 414 1430 451 fuicio
1464 423 1531 450 aut

222 470 410 507 futuricio
444 483 524 506 non
557 469 781 507 formaliter
813 469 863 506 sit
896 469 935 505 in
969 471 1065 506 Deo.

278 530 327 564 Et
361 537 651 577 consequenter
684 528 862 564 declarat
895 539 916 563 a
950 527 1093 576 quibus
1126 528 1396 565 incommodis
1427 529 1532 566 beati
1576 535 1643 575 Tire
1665 537 1784 564 blessed

189 586 262 623 §in
306 586 437 635 patria
488 587 724 623 liberantur:
780 586 1000 636 Absterget,
1044 585 1189 634 inquit,
1233 587 1340 622 Deus
1384 572 1820 641 omnemSllffi¹0¹clt¹¹ssttebJI-5,

221 645 425 680 lacrimam
457 645 504 680 ab
537 644 656 680 oculis
687 651 924 688 sanctorum,
964 650 999 679 et
1037 656 1144 680 mors
1189 644 1292 679 ultra
1333 657 1406 680 non
1446 646 1532 692 erit,
1571 642 1800 704 ‘IUPtssJJJsJ'IffU

221 714 339 751 neque
382 703 506 738 luctus
538 714 656 751 neque
693 702 844 738 clamor
881 713 998 750 neque
1036 703 1151 738 dolor
1187 702 1261 738 erit
1293 702 1411 750 ultra,
1445 703 1531 751 quia
1571 684 1651 745 (πέος
1672 686 1790 738 ³3:³¹6.

215 761 347 810 prima
379 760 566 796 abierunt.
600 760 653 796 Et
685 760 786 796 dixit
817 760 881 809 qui
910 760 1065 796 sedebat
1087 760 1122 796 in
1145 767 1278 797 trono:
1310 760 1412 797 Ecce
1434 773 1531 797 nova

209 818 321 867 facio
345 818 483 854 omnia.
519 817 655 854 Primo
689 830 783 866 ergo
817 826 955 855 narrat
987 819 1189 866 propheta
1222 818 1531 855 evacuacionem

167 886 204 907 10
220 875 496 925 cuiuscunque
529 876 681 913 doloris
715 875 938 922 extrinseci,
982 889 1072 912 cum
1107 878 1213 913 Deus
1246 876 1302 913 sic
1334 878 1533 928 absterget

124 923 367 986 fngomnem
413 934 618 970 lacrimam
657 935 703 970 ab
744 935 864 971 oculis
907 931 1159 987 beatorunzl‚·
1203 947 1292 971 eum
1333 934 1440 972 enim
1474 947 1532 972 se-

124 980 188 1010 ³4³
220 995 397 1030 cundum
430 993 634 1029 naturales
667 992 833 1029 lacrima
858 1001 1047 1030 causatur
1070 1005 1113 1029 ex
1136 992 1354 1041 frigiditate
1379 993 1531 1030 cerebri

219 1051 389 1087 fluidum
435 1051 646 1087 humidum
692 1050 939 1099 congelantis
985 1060 1249 1088 concurrente
1294 1051 1436 1100 spiritu
1482 1053 1532 1088 ad

220 1122 289 1146 cor
312 1108 476 1145 inferius
500 1109 825 1156 confortandum,
859 1117 967 1158 patet
989 1111 1097 1158 quod
1121 1110 1347 1146 confortata
1370 1109 1532 1146 racione

166 1167 257 1204 15et
296 1167 514 1204 affeccione
546 1177 588 1204 ut
623 1167 755 1216 capite
793 1167 1018 1204 intellectus
1064 1167 1311 1216 impossibile
1352 1177 1409 1204 est
1448 1168 1532 1204 eius

219 1227 428 1262 cerebrum
463 1225 649 1262 desolari.
683 1227 870 1263 Secundo
904 1225 1163 1262 evacuabitur
1196 1225 1329 1262 omnis
1364 1226 1532 1263 materia

220 1296 320 1332 pene
358 1283 556 1321 sensibilis
595 1297 641 1321 eo
680 1285 788 1333 quod
825 1292 956 1320 stante
995 1285 1086 1321 dote
1125 1284 1442 1321 immortalitatis
1474 1284 1532 1320 in-

221 1342 503 1391 compossibile
552 1351 609 1379 est
654 1351 826 1379 mortem
871 1342 1017 1378 talibus
1062 1342 1230 1379 evenire.
1279 1345 1327 1379 Et
1370 1350 1532 1391 oportet

220 1402 329 1449 quod
382 1409 596 1437 evacuetur
648 1402 920 1449 quodcunque
965 1402 1073 1449 quod
1125 1401 1273 1437 faceret
1324 1400 1530 1437 hominem

163 1467 204 1489 20
218 1468 480 1505 veterascere,
520 1468 564 1495 ut
596 1467 693 1507 puta
727 1459 851 1495 luctus
883 1460 1017 1506 quoad
1051 1459 1232 1495 dolorem
1266 1459 1530 1495 intrinsecum

220 1526 257 1554 et
301 1517 529 1554 sensibilem
571 1525 608 1554 et
646 1518 796 1553 clamor
840 1518 975 1565 quoad
1020 1518 1202 1554 dolorem
1251 1517 1530 1563 extrinsecum,

219 1588 292 1612 nec
330 1575 404 1613 erit
443 1576 558 1612 dolor
596 1575 635 1611 in
676 1575 882 1622 membris,
928 1587 1018 1611 cum
1063 1576 1161 1612 tales
1206 1575 1413 1624 passiones
1455 1588 1532 1624 que

218 1633 327 1683 prius
371 1633 564 1683 premisse
610 1643 722 1670 erant
766 1642 810 1670 ut
854 1633 1024 1670 materia
1067 1634 1203 1682 gaudii
1250 1633 1532 1683 consequentis

218 1705 300 1729 non
333 1692 691 1739 resuscitabuntur,
737 1704 828 1728 curn
863 1691 1021 1728 deficiet
1055 1704 1173 1729 causa
1207 1701 1403 1741 perpetuo
1436 1691 1532 1729 talia

162 1750 402 1788 25iterandi.
459 1752 507 1787 Et
550 1750 676 1787 tercio
720 1759 840 1799 atque
885 1749 1058 1786 finaliter
1103 1751 1308 1787 concludit
1354 1750 1531 1787 divinam

218 1809 466 1846 sentenciam
506 1809 714 1857 quomodo
752 1808 792 1844 in
832 1807 1078 1845 beatitudine
1116 1818 1205 1857 post
1245 1808 1351 1845 diem
1392 1808 1531 1845 iudicii

219 1877 334 1904 erunt
357 1866 494 1904 omnia
517 1866 721 1913 innovata,
754 1879 836 1903 non
865 1866 994 1903 solum
1018 1879 1135 1914 spera
1158 1867 1386 1903 sublunaris
1411 1868 1532 1904 modo

218 1938 298 1974 quo
344 1925 490 1962 dicitur
534 1926 603 1961 sed
648 1924 774 1962 eciam
822 1933 908 1961 tota
952 1937 1068 1972 spera
1113 1925 1394 1974 supracelestis
1440 1938 1530 1962 cum

217 1984 406 2021 omnibus
440 1984 480 2020 in
513 1996 558 2020 ea
597 1983 808 2020 contentis.
855 1983 1007 2020 Omnes
1050 1983 1155 2019 enim
1196 1992 1379 2020 creature
1417 1985 1532 2020 beate

161 2042 202 2074 3’0
218 2051 334 2079 erunt
366 2051 462 2079 tunc
494 2051 577 2078 tam
618 2043 838 2078 secundum
880 2042 991 2078 dotes
1027 2041 1208 2090 corporis
1242 2055 1364 2090 quam
1400 2041 1532 2078 anime

217 2100 418 2137 innovate.
451 2101 500 2137 Et
533 2100 609 2136 ista
642 2108 699 2136 est
731 2099 827 2136 satis
860 2099 1049 2136 notabilis
1083 2099 1238 2136 novitas
1271 2099 1530 2148 sempiterna.

275 2158 392 2196 Circa
425 2160 528 2195 hanc
562 2158 774 2206 epistolam
809 2157 1017 2194 dubitatur
1049 2166 1092 2194 ut
1124 2171 1257 2206 supra,
1291 2167 1425 2194 utrum
1458 2170 1531 2206 pro

216 2217 470 2266 adquirendo
508 2225 705 2265 perpetuo
745 2215 892 2264 gaudio
932 2225 1022 2264 post
1061 2215 1165 2252 diem
1201 2215 1339 2252 iudicii
1372 2224 1531 2264 oportet

216 2288 404 2323 sponsam
425 2287 710 2324 quamcunque
733 2287 925 2323 sponsum
942 2273 1145 2311 Christum
1171 2287 1328 2311 summe
1351 2273 1528 2322 diligere.

160 2331 199 2364 33
218 2335 266 2369 Et
304 2333 462 2370 videtur
503 2334 612 2381 quod
651 2346 745 2378 non,
792 2332 886 2381 quia
926 2333 1053 2369 clerus
1093 2332 1309 2380 precipuus
1350 2341 1387 2369 et
1420 2345 1530 2380 reges
1545 2335 1821 2377 Wessannptgain

215 2391 348 2440 ipsum
395 2399 606 2440 sequentes
639 2404 661 2427 a
693 2392 780 2439 lege
813 2390 962 2427 Christi
1003 2399 1039 2426 et
1078 2403 1148 2438 per
1193 2402 1443 2439 consequens
1481 2391 1530 2427 ab
1569 2373 1800 2441 ιιέξῖᾗέἅιζῗιῖξ

217 2448 299 2486 eius
324 2449 544 2486 dileccione
568 2448 806 2496 exorbitant,
831 2457 869 2485 et
892 2461 982 2484 cum
1006 2461 1088 2484 non
1112 2448 1204 2485 licet
1227 2461 1403 2485 asserere
1422 2449 1531 2497 quod
1602 2442 1699 2469 above
1719 2442 1767 2468 ³¹¹·

217 2520 239 2544 a
262 2507 511 2544 beatitudine
537 2507 665 2555 patrie
698 2508 1011 2552 frustrabuntur,
1047 2519 1141 2554 ergo
1174 2506 1340 2542 dubium
1372 2506 1530 2542 falsum.

275 2568 318 2601 In
351 2565 425 2602 isto
458 2565 580 2601 dubio
615 2574 767 2602 certum
802 2573 860 2602 est
892 2565 999 2613 quod
1033 2565 1215 2601 absolute
1237 2564 1476 2611 necessario,
1501 2564 1532 2600 si

157 2623 340 2672 40aliqui
380 2624 596 2671 gustabunt
642 2636 780 2660 cenam
821 2622 1098 2669 novissimam,
1144 2631 1304 2670 oportet
1344 2624 1452 2670 quod
1492 2622 1531 2658 in

285 2766 311 2792 7,
330 2757 358 2785 8.
379 2757 472 2784 Cod.:
500 2765 558 2795 que
573 2758 686 2792 prima.
795 2765 823 2792 9.
846 2757 877 2784 ln
899 2764 1014 2791 marga
1042 2764 1064 2782 l.
1173 2764 1211 2783 12.
1233 2756 1264 2783 In
1287 2764 1400 2791 marg:
1432 2756 1533 2783 Caum

215 2794 422 2820 lacrimarum.
479 2798 520 2819 ιο.
537 2792 568 2819 In
585 2800 698 2827 marg:
720 2800 747 2819 2.
810 2792 852 2819 25.
870 2793 900 2819 ln
918 2800 1031 2826 marg:
1052 2799 1084 2826 3.
1147 2790 1189 2817 32.
1207 2792 1238 2818 In
1255 2799 1366 2826 marg:
1391 2791 1530 2818 Dubium.

290 2876 318 2908 3.
346 2877 455 2917 Apoc.
483 2876 568 2913 XXI,
594 2885 627 2915 4.

1351 2932 1390 2961 22
