<?xml version="1.0" encoding="UTF-8"?>
<!DOCTYPE html PUBLIC "-//W3C//DTD XHTML 1.0 Transitional//EN"
    "http://www.w3.org/TR/xhtml1/DTD/xhtml1-transitional.dtd">
<html xmlns="http://www.w3.org/1999/xhtml" xml:lang="en" lang="en">
 <head>
  <title>
</title>
<meta http-equiv="Content-Type" content="text/html;charset=utf-8" />
  <meta name='ocr-system' content='tesseract 3.04.00' />
  <meta name='ocr-capabilities' content='ocr_page ocr_carea ocr_par ocr_line ocrx_word'/>
</head>
<body>
  <div class='ocr_page' id='page_1' title='image "./iohanniswyclifse0704wycl_0067.png"; bbox 0 0 2062 3276; ppageno 0'>
   <div class='ocr_carea' id='block_1_1' title="bbox 172 884 209 905">
    <p class='ocr_par' dir='ltr' id='par_1_1' title="bbox 172 884 209 905">
     <span class='ocr_line' id='line_1_1' title="bbox 172 884 209 905; baseline -0.027 0"><span class='ocrx_word' id='word_1_1' title='bbox 172 884 209 905; x_wconf 91' lang='lat'>10</span> 
     </span>
    </p>
   </div>
   <div class='ocr_carea' id='block_1_2' title="bbox 170 1165 207 1197">
    <p class='ocr_par' dir='ltr' id='par_1_2' title="bbox 170 1165 207 1197">
     <span class='ocr_line' id='line_1_2' title="bbox 170 1165 207 1197; baseline 0.027 -1"><span class='ocrx_word' id='word_1_2' title='bbox 170 1165 207 1197; x_wconf 82' lang='lat'>15</span> 
     </span>
    </p>
   </div>
   <div class='ocr_carea' id='block_1_3' title="bbox 231 227 1830 285">
    <p class='ocr_par' dir='ltr' id='par_1_3' title="bbox 231 227 1830 285">
     <span class='ocr_line' id='line_1_3' title="bbox 231 227 1830 285; baseline 0.011 -19"><span class='ocrx_word' id='word_1_3' title='bbox 231 237 366 266; x_wconf 68' lang='lat' dir='ltr'>samio</span> <span class='ocrx_word' id='word_1_4' title='bbox 387 227 441 285; x_wconf 89' lang='lat' dir='ltr'>v.]</span> <span class='ocrx_word' id='word_1_5' title='bbox 707 242 897 281; x_wconf 72' lang='lat' dir='ltr'><strong>QUARTA</strong></span> <span class='ocrx_word' id='word_1_6' title='bbox 926 243 1052 275; x_wconf 63' lang='lat' dir='ltr'>mas.</span> <span class='ocrx_word' id='word_1_7' title='bbox 1779 249 1830 284; x_wconf 81' lang='lat'>47</span> 
     </span>
    </p>
   </div>
   <div class='ocr_carea' id='block_1_4' title="bbox 224 346 1804 1139">
    <p class='ocr_par' dir='ltr' id='par_1_4' title="bbox 224 346 1804 1139">
     <span class='ocr_line' id='line_1_4' title="bbox 289 346 1789 398; baseline 0.003 -16"><span class='ocrx_word' id='word_1_8' title='bbox 289 349 341 383; x_wconf 81' lang='lat' dir='ltr'>Ex</span> <span class='ocrx_word' id='word_1_9' title='bbox 381 360 460 395; x_wconf 86' lang='lat' dir='ltr'>quo</span> <span class='ocrx_word' id='word_1_10' title='bbox 498 346 655 384; x_wconf 86' lang='lat' dir='ltr'>videtur</span> <span class='ocrx_word' id='word_1_11' title='bbox 693 349 799 396; x_wconf 88' lang='lat' dir='ltr'>quod</span> <span class='ocrx_word' id='word_1_12' title='bbox 841 348 979 385; x_wconf 78' lang='lat' dir='ltr'>effusio</span> <span class='ocrx_word' id='word_1_13' title='bbox 1027 348 1262 385; x_wconf 83' lang='lat' dir='ltr'>oracionum</span> <span class='ocrx_word' id='word_1_14' title='bbox 1313 362 1403 385; x_wconf 91' lang='lat' dir='ltr'>cum</span> <span class='ocrx_word' id='word_1_15' title='bbox 1452 364 1543 398; x_wconf 81' lang='lat' dir='ltr'>pro-</span> <span class='ocrx_word' id='word_1_16' title='bbox 1599 358 1789 397; x_wconf 57' lang='lat' dir='ltr'>vaelrites</span> 
     </span>
     <span class='ocr_line' id='line_1_5' title="bbox 231 393 1804 462; baseline 0.002 -20"><span class='ocrx_word' id='word_1_17' title='bbox 231 405 476 442; x_wconf 87' lang='lat' dir='ltr'>cessionibus</span> <span class='ocrx_word' id='word_1_18' title='bbox 509 414 546 442; x_wconf 90' lang='lat' dir='ltr'>et</span> <span class='ocrx_word' id='word_1_19' title='bbox 576 405 657 442; x_wconf 88' lang='lat' dir='ltr'>vita</span> <span class='ocrx_word' id='word_1_20' title='bbox 690 406 904 452; x_wconf 84' lang='lat' dir='ltr'>contraria,</span> <span class='ocrx_word' id='word_1_21' title='bbox 952 406 1241 455; x_wconf 88' lang='lat' dir='ltr'>multiplicacio</span> <span class='ocrx_word' id='word_1_22' title='bbox 1285 409 1540 444; x_wconf 81' lang='lat' dir='ltr'>sacerdotum</span> <span class='ocrx_word' id='word_1_23' title='bbox 1593 393 1804 462; x_wconf 51' lang='grc' dir='ltr'>ρ’ὲᾋξῖεᾏςῃζξε</span> 
     </span>
     <span class='ocr_line' id='line_1_6' title="bbox 229 462 1762 513; baseline 0.002 -14"><span class='ocrx_word' id='word_1_24' title='bbox 229 464 458 500; x_wconf 89' lang='lat' dir='ltr'>dotatorum</span> <span class='ocrx_word' id='word_1_25' title='bbox 499 476 572 511; x_wconf 89' lang='lat' dir='ltr'>pro</span> <span class='ocrx_word' id='word_1_26' title='bbox 610 463 853 501; x_wconf 85' lang='lat' dir='ltr'>bellantibus</span> <span class='ocrx_word' id='word_1_27' title='bbox 894 465 1183 512; x_wconf 88' lang='lat' dir='ltr'>deprecantum</span> <span class='ocrx_word' id='word_1_28' title='bbox 1223 473 1259 501; x_wconf 93' lang='lat' dir='ltr'>et</span> <span class='ocrx_word' id='word_1_29' title='bbox 1305 466 1543 513; x_wconf 83' lang='lat' dir='ltr'>generaliter</span> <span class='ocrx_word' id='word_1_30' title='bbox 1627 462 1762 491; x_wconf 69' lang='lat' dir='ltr'>clun-ch.</span> 
     </span>
     <span class='ocr_line' id='line_1_7' title="bbox 229 521 1543 571; baseline 0.003 -14"><span class='ocrx_word' id='word_1_31' title='bbox 229 521 406 558; x_wconf 81' lang='lat' dir='ltr'>servacio</span> <span class='ocrx_word' id='word_1_32' title='bbox 440 521 588 557; x_wconf 90' lang='lat' dir='ltr'>rituum</span> <span class='ocrx_word' id='word_1_33' title='bbox 629 522 898 558; x_wconf 87' lang='lat' dir='ltr'>humanorum</span> <span class='ocrx_word' id='word_1_34' title='bbox 933 522 1097 560; x_wconf 89' lang='lat' dir='ltr'>dimissa</span> <span class='ocrx_word' id='word_1_35' title='bbox 1136 524 1221 571; x_wconf 79' lang='lat' dir='ltr'>lege</span> <span class='ocrx_word' id='word_1_36' title='bbox 1260 523 1423 559; x_wconf 86' lang='lat' dir='ltr'>Domini</span> <span class='ocrx_word' id='word_1_37' title='bbox 1462 537 1543 561; x_wconf 93' lang='lat' dir='ltr'>non</span> 
     </span>
     <span class='ocr_line' id='line_1_8' title="bbox 229 579 1542 629; baseline 0.002 -14"><span class='ocrx_word' id='word_1_38' title='bbox 229 579 457 627; x_wconf 85' lang='lat' dir='ltr'>proficiunt,</span> <span class='ocrx_word' id='word_1_39' title='bbox 503 580 571 615; x_wconf 88' lang='lat' dir='ltr'>sed</span> <span class='ocrx_word' id='word_1_40' title='bbox 616 581 776 616; x_wconf 86' lang='lat' dir='ltr'>tardant</span> <span class='ocrx_word' id='word_1_41' title='bbox 814 582 873 616; x_wconf 73' lang='lat' dir='ltr'>vel</span> <span class='ocrx_word' id='word_1_42' title='bbox 918 580 1145 629; x_wconf 89' lang='lat' dir='ltr'>impediunt</span> <span class='ocrx_word' id='word_1_43' title='bbox 1189 593 1329 629; x_wconf 80' lang='lat' dir='ltr'>pacem</span> <span class='ocrx_word' id='word_1_44' title='bbox 1378 582 1542 618; x_wconf 80' lang='lat' dir='ltr'>ecclesie</span> 
     </span>
     <span class='ocr_line' id='line_1_9' title="bbox 229 639 1543 688; baseline 0.002 -15"><span class='ocrx_word' id='word_1_45' title='bbox 229 650 458 685; x_wconf 85' lang='lat' dir='ltr'>procurare.</span> <span class='ocrx_word' id='word_1_46' title='bbox 493 639 605 673; x_wconf 82' lang='lat' dir='ltr'>Patet</span> <span class='ocrx_word' id='word_1_47' title='bbox 639 651 682 674; x_wconf 81' lang='lat' dir='ltr'>ex</span> <span class='ocrx_word' id='word_1_48' title='bbox 715 639 790 674; x_wconf 91' lang='lat' dir='ltr'>hoc</span> <span class='ocrx_word' id='word_1_49' title='bbox 824 639 931 687; x_wconf 88' lang='lat' dir='ltr'>quod</span> <span class='ocrx_word' id='word_1_50' title='bbox 965 652 1045 675; x_wconf 86' lang='lat' dir='ltr'>non</span> <span class='ocrx_word' id='word_1_51' title='bbox 1078 640 1242 676; x_wconf 87' lang='lat' dir='ltr'>daretur</span> <span class='ocrx_word' id='word_1_52' title='bbox 1274 651 1348 687; x_wconf 86' lang='lat' dir='ltr'>pax</span> <span class='ocrx_word' id='word_1_53' title='bbox 1372 639 1448 676; x_wconf 90' lang='lat' dir='ltr'>nisi</span> <span class='ocrx_word' id='word_1_54' title='bbox 1472 652 1543 688; x_wconf 88' lang='lat' dir='ltr'>per</span> 
     </span>
     <span class='ocr_line' id='line_1_10' title="bbox 229 695 1539 743; baseline 0.002 -12"><span class='ocrx_word' id='word_1_55' title='bbox 229 695 431 732; x_wconf 78' lang='lat' dir='ltr'>Christum</span> <span class='ocrx_word' id='word_1_56' title='bbox 472 695 539 743; x_wconf 90' lang='lat' dir='ltr'>qui</span> <span class='ocrx_word' id='word_1_57' title='bbox 580 708 623 732; x_wconf 80' lang='lat' dir='ltr'>ex</span> <span class='ocrx_word' id='word_1_58' title='bbox 663 695 850 732; x_wconf 90' lang='lat' dir='ltr'>omnibus</span> <span class='ocrx_word' id='word_1_59' title='bbox 890 696 1121 733; x_wconf 91' lang='lat' dir='ltr'>huiusmodi</span> <span class='ocrx_word' id='word_1_60' title='bbox 1166 697 1308 733; x_wconf 87' lang='lat' dir='ltr'>ritibus</span> <span class='ocrx_word' id='word_1_61' title='bbox 1347 696 1539 734; x_wconf 88' lang='lat' dir='ltr'>irritatur.</span> 
     </span>
     <span class='ocr_line' id='line_1_11' title="bbox 228 753 1539 800; baseline 0.002 -11"><span class='ocrx_word' id='word_1_62' title='bbox 228 755 441 799; x_wconf 82' lang='lat' dir='ltr'>Quomodo</span> <span class='ocrx_word' id='word_1_63' title='bbox 475 766 570 800; x_wconf 86' lang='lat' dir='ltr'>rogo</span> <span class='ocrx_word' id='word_1_64' title='bbox 602 767 683 790; x_wconf 89' lang='lat' dir='ltr'>non</span> <span class='ocrx_word' id='word_1_65' title='bbox 716 753 956 791; x_wconf 81' lang='lat' dir='ltr'>irasceretur</span> <span class='ocrx_word' id='word_1_66' title='bbox 989 757 1095 791; x_wconf 91' lang='lat' dir='ltr'>Deus</span> <span class='ocrx_word' id='word_1_67' title='bbox 1135 757 1185 791; x_wconf 86' lang='lat' dir='ltr'>ad</span> <span class='ocrx_word' id='word_1_68' title='bbox 1219 754 1423 792; x_wconf 90' lang='lat' dir='ltr'>hominem</span> <span class='ocrx_word' id='word_1_69' title='bbox 1458 765 1539 792; x_wconf 90' lang='lat' dir='ltr'>tam</span> 
     </span>
     <span class='ocr_line' id='line_1_12' title="bbox 229 811 1538 861; baseline 0.002 -14"><span class='ocrx_word' id='word_1_70' title='bbox 229 811 475 848; x_wconf 81' lang='lat' dir='ltr'>mendaciter</span> <span class='ocrx_word' id='word_1_71' title='bbox 508 821 736 848; x_wconf 80' lang='lat' dir='ltr'>exorantem</span> <span class='ocrx_word' id='word_1_72' title='bbox 770 812 838 861; x_wconf 91' lang='lat' dir='ltr'>qui</span> <span class='ocrx_word' id='word_1_73' title='bbox 871 813 910 848; x_wconf 94' lang='lat' dir='ltr'>in</span> <span class='ocrx_word' id='word_1_74' title='bbox 942 825 1037 849; x_wconf 90' lang='lat' dir='ltr'>voce</span> <span class='ocrx_word' id='word_1_75' title='bbox 1071 826 1143 861; x_wconf 89' lang='lat' dir='ltr'>per</span> <span class='ocrx_word' id='word_1_76' title='bbox 1166 813 1272 849; x_wconf 85' lang='lat' dir='ltr'>labia</span> <span class='ocrx_word' id='word_1_77' title='bbox 1296 812 1391 850; x_wconf 89' lang='lat' dir='ltr'>dicit</span> <span class='ocrx_word' id='word_1_78' title='bbox 1414 827 1538 850; x_wconf 89' lang='lat' dir='ltr'>unum</span> 
     </span>
     <span class='ocr_line' id='line_1_13' title="bbox 227 869 1540 908; baseline 0.002 -3"><span class='ocrx_word' id='word_1_79' title='bbox 227 879 263 906; x_wconf 91' lang='lat' dir='ltr'>et</span> <span class='ocrx_word' id='word_1_80' title='bbox 296 870 334 906; x_wconf 93' lang='lat' dir='ltr'>in</span> <span class='ocrx_word' id='word_1_81' title='bbox 368 882 408 906; x_wconf 83' lang='lat' dir='ltr'>re</span> <span class='ocrx_word' id='word_1_82' title='bbox 440 869 632 906; x_wconf 81' lang='lat' dir='ltr'>fallaciter</span> <span class='ocrx_word' id='word_1_83' title='bbox 654 870 747 906; x_wconf 86' lang='lat' dir='ltr'>facit</span> <span class='ocrx_word' id='word_1_84' title='bbox 771 870 1042 907; x_wconf 79' lang='lat' dir='ltr'>contrarium?</span> <span class='ocrx_word' id='word_1_85' title='bbox 1076 874 1216 908; x_wconf 88' lang='lat' dir='ltr'>Nonne</span> <span class='ocrx_word' id='word_1_86' title='bbox 1240 870 1335 907; x_wconf 88' lang='lat' dir='ltr'>dicit</span> <span class='ocrx_word' id='word_1_87' title='bbox 1360 871 1540 908; x_wconf 87' lang='lat' dir='ltr'>Christus</span> 
     </span>
     <span class='ocr_line' id='line_1_14' title="bbox 225 928 1539 977; baseline 0.002 -14"><span class='ocrx_word' id='word_1_88' title='bbox 225 929 365 964; x_wconf 79' lang='lat' dir='ltr'>Matth.</span> <span class='ocrx_word' id='word_1_89' title='bbox 389 929 492 973; x_wconf 58' lang='grc' dir='ltr'>ΧΨ),</span> <span class='ocrx_word' id='word_1_90' title='bbox 520 928 561 963; x_wconf 83' lang='lat'>8:</span> <span class='ocrx_word' id='word_1_91' title='bbox 597 929 768 977; x_wconf 79' lang='lat' dir='ltr'>Populus</span> <span class='ocrx_word' id='word_1_92' title='bbox 801 929 860 964; x_wconf 85' lang='lat' dir='ltr'>lzic</span> <span class='ocrx_word' id='word_1_93' title='bbox 892 929 1001 965; x_wconf 73' lang='lat' dir='ltr'>labiis</span> <span class='ocrx_word' id='word_1_94' title='bbox 1025 942 1084 965; x_wconf 83' lang='lat' dir='ltr'>me</span> <span class='ocrx_word' id='word_1_95' title='bbox 1106 931 1282 973; x_wconf 62' lang='lat' dir='ltr'>honorat,</span> <span class='ocrx_word' id='word_1_96' title='bbox 1317 942 1385 965; x_wconf 84' lang='lat' dir='ltr'>cor</span> <span class='ocrx_word' id='word_1_97' title='bbox 1413 938 1539 966; x_wconf 77' lang='lat' dir='ltr'>autem</span> 
     </span>
     <span class='ocr_line' id='line_1_15' title="bbox 225 986 1538 1036; baseline 0.002 -14"><span class='ocrx_word' id='word_1_98' title='bbox 225 999 357 1022; x_wconf 76' lang='lat' dir='ltr'>eorum</span> <span class='ocrx_word' id='word_1_99' title='bbox 391 986 507 1036; x_wconf 76' lang='lat' dir='ltr'>longe</span> <span class='ocrx_word' id='word_1_100' title='bbox 539 994 593 1023; x_wconf 80' lang='lat' dir='ltr'>est</span> <span class='ocrx_word' id='word_1_101' title='bbox 625 999 646 1022; x_wconf 88' lang='grc' dir='ltr'><em>α</em></span> <span class='ocrx_word' id='word_1_102' title='bbox 670 999 739 1023; x_wconf 86' lang='lat' dir='ltr'>me.</span> <span class='ocrx_word' id='word_1_103' title='bbox 776 989 824 1022; x_wconf 88' lang='lat' dir='ltr'>Et</span> <span class='ocrx_word' id='word_1_104' title='bbox 847 986 901 1023; x_wconf 90' lang='lat' dir='ltr'>sic</span> <span class='ocrx_word' id='word_1_105' title='bbox 926 987 1096 1024; x_wconf 87' lang='lat' dir='ltr'>breviter</span> <span class='ocrx_word' id='word_1_106' title='bbox 1118 987 1303 1024; x_wconf 90' lang='lat' dir='ltr'>videmur</span> <span class='ocrx_word' id='word_1_107' title='bbox 1326 989 1375 1024; x_wconf 88' lang='lat' dir='ltr'>ad</span> <span class='ocrx_word' id='word_1_108' title='bbox 1399 1000 1538 1036; x_wconf 87' lang='lat' dir='ltr'>pacem</span> 
     </span>
     <span class='ocr_line' id='line_1_16' title="bbox 224 1044 1539 1092; baseline 0.002 -12"><span class='ocrx_word' id='word_1_109' title='bbox 224 1056 366 1092; x_wconf 80' lang='lat' dir='ltr'>rogare</span> <span class='ocrx_word' id='word_1_110' title='bbox 398 1053 518 1092; x_wconf 88' lang='lat' dir='ltr'>atque</span> <span class='ocrx_word' id='word_1_111' title='bbox 551 1044 763 1092; x_wconf 88' lang='lat' dir='ltr'>disponere</span> <span class='ocrx_word' id='word_1_112' title='bbox 798 1053 834 1081; x_wconf 90' lang='lat' dir='ltr'>et</span> <span class='ocrx_word' id='word_1_113' title='bbox 866 1046 916 1081; x_wconf 90' lang='lat' dir='ltr'>ad</span> <span class='ocrx_word' id='word_1_114' title='bbox 950 1045 1196 1082; x_wconf 85' lang='lat' dir='ltr'>contrarium</span> <span class='ocrx_word' id='word_1_115' title='bbox 1232 1045 1392 1082; x_wconf 86' lang='lat' dir='ltr'>assidue</span> <span class='ocrx_word' id='word_1_116' title='bbox 1430 1046 1539 1083; x_wconf 86' lang='lat' dir='ltr'>labo-</span> 
     </span>
     <span class='ocr_line' id='line_1_17' title="bbox 225 1115 372 1139; baseline 0 -1"><span class='ocrx_word' id='word_1_117' title='bbox 225 1115 372 1139; x_wconf 83' lang='lat' dir='ltr'>ramus.</span> 
     </span>
    </p>
   </div>
   <div class='ocr_carea' id='block_1_5' title="bbox 220 1160 1820 1964">
    <p class='ocr_par' dir='ltr' id='par_1_5' title="bbox 220 1160 1820 1964">
     <span class='ocr_line' id='line_1_18' title="bbox 282 1160 1820 1209; baseline 0.001 -12"><span class='ocrx_word' id='word_1_118' title='bbox 282 1160 322 1197; x_wconf 84' lang='lat' dir='ltr'>Si</span> <span class='ocrx_word' id='word_1_119' title='bbox 356 1173 448 1209; x_wconf 86' lang='lat' dir='ltr'>ergo</span> <span class='ocrx_word' id='word_1_120' title='bbox 482 1174 649 1209; x_wconf 78' lang='lat' dir='ltr'>regnum</span> <span class='ocrx_word' id='word_1_121' title='bbox 682 1170 864 1198; x_wconf 86' lang='lat' dir='ltr'>nostrum</span> <span class='ocrx_word' id='word_1_122' title='bbox 910 1162 1074 1197; x_wconf 89' lang='lat' dir='ltr'>haberet</span> <span class='ocrx_word' id='word_1_123' title='bbox 1113 1160 1312 1209; x_wconf 84' lang='lat' dir='ltr'>sapientes</span> <span class='ocrx_word' id='word_1_124' title='bbox 1351 1162 1538 1209; x_wconf 86' lang='lat' dir='ltr'>prelatos,</span> <span class='ocrx_word' id='word_1_125' title='bbox 1564 1170 1623 1198; x_wconf 74' lang='lat' dir='ltr'>We</span> <span class='ocrx_word' id='word_1_126' title='bbox 1644 1176 1726 1198; x_wconf 77' lang='lat' dir='ltr'>want</span> <span class='ocrx_word' id='word_1_127' title='bbox 1746 1171 1820 1199; x_wconf 77' lang='lat' dir='ltr'>wise</span> 
     </span>
     <span class='ocr_line' id='line_1_19' title="bbox 225 1206 1798 1276; baseline 0.001 -22"><span class='ocrx_word' id='word_1_128' title='bbox 225 1227 384 1255; x_wconf 85' lang='lat' dir='ltr'>curatos</span> <span class='ocrx_word' id='word_1_129' title='bbox 423 1219 489 1267; x_wconf 90' lang='lat' dir='ltr'>qui</span> <span class='ocrx_word' id='word_1_130' title='bbox 529 1219 568 1254; x_wconf 91' lang='lat' dir='ltr'>in</span> <span class='ocrx_word' id='word_1_131' title='bbox 609 1219 884 1256; x_wconf 84' lang='lat' dir='ltr'>moderamine</span> <span class='ocrx_word' id='word_1_132' title='bbox 923 1219 1043 1267; x_wconf 90' lang='lat' dir='ltr'>positi</span> <span class='ocrx_word' id='word_1_133' title='bbox 1082 1219 1336 1267; x_wconf 86' lang='lat' dir='ltr'>predicarent</span> <span class='ocrx_word' id='word_1_134' title='bbox 1380 1219 1539 1256; x_wconf 88' lang='lat' dir='ltr'>assidue</span> <span class='ocrx_word' id='word_1_135' title='bbox 1587 1206 1798 1276; x_wconf 48' lang='lat' dir='ltr'>pgerleaatcelsiggd</span> 
     </span>
     <span class='ocr_line' id='line_1_20' title="bbox 223 1277 1810 1339; baseline 0.002 -27"><span class='ocrx_word' id='word_1_136' title='bbox 223 1285 304 1313; x_wconf 89' lang='lat' dir='ltr'>tam</span> <span class='ocrx_word' id='word_1_137' title='bbox 350 1278 471 1313; x_wconf 84' lang='lat' dir='ltr'>verbo</span> <span class='ocrx_word' id='word_1_138' title='bbox 515 1290 636 1325; x_wconf 87' lang='lat' dir='ltr'>quarn</span> <span class='ocrx_word' id='word_1_139' title='bbox 682 1290 802 1325; x_wconf 89' lang='lat' dir='ltr'>opere</span> <span class='ocrx_word' id='word_1_140' title='bbox 848 1278 977 1326; x_wconf 80' lang='lat' dir='ltr'>legem</span> <span class='ocrx_word' id='word_1_141' title='bbox 1011 1277 1174 1323; x_wconf 85' lang='lat' dir='ltr'>Christi,</span> <span class='ocrx_word' id='word_1_142' title='bbox 1220 1279 1295 1314; x_wconf 95' lang='lat' dir='ltr'>hoc</span> <span class='ocrx_word' id='word_1_143' title='bbox 1340 1277 1810 1339; x_wconf 34' lang='lat' dir='ltr'>(inquam)0¹1T¹Jesssltetssht20effi¹¹¹</span> 
     </span>
     <span class='ocr_line' id='line_1_21' title="bbox 222 1335 1752 1384; baseline 0.001 -13"><span class='ocrx_word' id='word_1_144' title='bbox 222 1336 323 1371; x_wconf 86' lang='lat' dir='ltr'>foret</span> <span class='ocrx_word' id='word_1_145' title='bbox 368 1335 545 1371; x_wconf 91' lang='lat' dir='ltr'>medium</span> <span class='ocrx_word' id='word_1_146' title='bbox 591 1336 640 1371; x_wconf 89' lang='lat' dir='ltr'>ad</span> <span class='ocrx_word' id='word_1_147' title='bbox 686 1348 825 1383; x_wconf 88' lang='lat' dir='ltr'>pacem</span> <span class='ocrx_word' id='word_1_148' title='bbox 866 1335 907 1372; x_wconf 93' lang='lat' dir='ltr'>in</span> <span class='ocrx_word' id='word_1_149' title='bbox 946 1336 1097 1384; x_wconf 88' lang='lat' dir='ltr'>populo</span> <span class='ocrx_word' id='word_1_150' title='bbox 1137 1337 1447 1383; x_wconf 83' lang='lat' dir='ltr'>procurandam.</span> <span class='ocrx_word' id='word_1_151' title='bbox 1498 1336 1538 1372; x_wconf 88' lang='lat' dir='ltr'>Si</span> <span class='ocrx_word' id='word_1_152' title='bbox 1629 1345 1752 1373; x_wconf 76' lang='lat' dir='ltr'>ot&#39;war.</span> 
     </span>
     <span class='ocr_line' id='line_1_22' title="bbox 223 1392 1538 1431; baseline 0.002 -3"><span class='ocrx_word' id='word_1_153' title='bbox 223 1392 327 1429; x_wconf 90' lang='lat' dir='ltr'>enim</span> <span class='ocrx_word' id='word_1_154' title='bbox 373 1394 558 1430; x_wconf 89' lang='lat' dir='ltr'>sacerdos</span> <span class='ocrx_word' id='word_1_155' title='bbox 597 1393 637 1429; x_wconf 90' lang='lat' dir='ltr'>in</span> <span class='ocrx_word' id='word_1_156' title='bbox 677 1393 824 1430; x_wconf 88' lang='lat' dir='ltr'>Christi</span> <span class='ocrx_word' id='word_1_157' title='bbox 862 1393 1026 1430; x_wconf 90' lang='lat' dir='ltr'>nomine</span> <span class='ocrx_word' id='word_1_158' title='bbox 1072 1402 1109 1430; x_wconf 88' lang='lat' dir='ltr'>et</span> <span class='ocrx_word' id='word_1_159' title='bbox 1152 1403 1290 1431; x_wconf 87' lang='lat' dir='ltr'>sancta</span> <span class='ocrx_word' id='word_1_160' title='bbox 1330 1406 1538 1431; x_wconf 89' lang='lat' dir='ltr'>conversa-</span> 
     </span>
     <span class='ocr_line' id='line_1_23' title="bbox 221 1450 1536 1501; baseline 0.002 -15"><span class='ocrx_word' id='word_1_161' title='bbox 221 1450 336 1487; x_wconf 90' lang='lat' dir='ltr'>cione</span> <span class='ocrx_word' id='word_1_162' title='bbox 380 1450 569 1487; x_wconf 89' lang='lat' dir='ltr'>vivaciter</span> <span class='ocrx_word' id='word_1_163' title='bbox 608 1451 757 1488; x_wconf 84' lang='lat' dir='ltr'>diceret</span> <span class='ocrx_word' id='word_1_164' title='bbox 794 1451 887 1488; x_wconf 85' lang='lat' dir='ltr'>viris</span> <span class='ocrx_word' id='word_1_165' title='bbox 927 1451 1168 1488; x_wconf 85' lang='lat' dir='ltr'>bellantibus</span> <span class='ocrx_word' id='word_1_166' title='bbox 1209 1453 1416 1501; x_wconf 91' lang='lat' dir='ltr'>quomodo</span> <span class='ocrx_word' id='word_1_167' title='bbox 1454 1461 1536 1489; x_wconf 86' lang='lat' dir='ltr'>tam</span> 
     </span>
     <span class='ocr_line' id='line_1_24' title="bbox 220 1509 1538 1558; baseline 0.002 -13"><span class='ocrx_word' id='word_1_168' title='bbox 220 1509 326 1546; x_wconf 87' lang='lat' dir='ltr'>fama</span> <span class='ocrx_word' id='word_1_169' title='bbox 359 1510 553 1546; x_wconf 89' lang='lat' dir='ltr'>bellorum</span> <span class='ocrx_word' id='word_1_170' title='bbox 589 1522 709 1558; x_wconf 89' lang='lat' dir='ltr'>quam</span> <span class='ocrx_word' id='word_1_171' title='bbox 744 1509 918 1546; x_wconf 89' lang='lat' dir='ltr'>ambicio</span> <span class='ocrx_word' id='word_1_172' title='bbox 958 1510 1243 1558; x_wconf 84' lang='lat' dir='ltr'>temporalium</span> <span class='ocrx_word' id='word_1_173' title='bbox 1283 1519 1430 1547; x_wconf 87' lang='lat' dir='ltr'>nocent</span> <span class='ocrx_word' id='word_1_174' title='bbox 1469 1511 1538 1547; x_wconf 89' lang='lat' dir='ltr'>ho-</span> 
     </span>
     <span class='ocr_line' id='line_1_25' title="bbox 221 1566 1537 1617; baseline 0.002 -14"><span class='ocrx_word' id='word_1_175' title='bbox 221 1566 317 1603; x_wconf 91' lang='lat' dir='ltr'>mini</span> <span class='ocrx_word' id='word_1_176' title='bbox 363 1577 399 1604; x_wconf 90' lang='lat' dir='ltr'>et</span> <span class='ocrx_word' id='word_1_177' title='bbox 444 1569 649 1616; x_wconf 88' lang='lat' dir='ltr'>quomodo</span> <span class='ocrx_word' id='word_1_178' title='bbox 687 1567 980 1605; x_wconf 87' lang='lat' dir='ltr'>necessitantur</span> <span class='ocrx_word' id='word_1_179' title='bbox 1020 1581 1093 1616; x_wconf 90' lang='lat' dir='ltr'>pro</span> <span class='ocrx_word' id='word_1_180' title='bbox 1132 1577 1316 1617; x_wconf 92' lang='lat' dir='ltr'>tempore</span> <span class='ocrx_word' id='word_1_181' title='bbox 1360 1568 1435 1605; x_wconf 89' lang='lat' dir='ltr'>sibi</span> <span class='ocrx_word' id='word_1_182' title='bbox 1480 1568 1537 1604; x_wconf 91' lang='lat' dir='ltr'>in-</span> 
     </span>
     <span class='ocr_line' id='line_1_26' title="bbox 221 1625 1537 1675; baseline 0.002 -14"><span class='ocrx_word' id='word_1_183' title='bbox 221 1625 379 1673; x_wconf 82' lang='lat' dir='ltr'>cognito</span> <span class='ocrx_word' id='word_1_184' title='bbox 420 1626 561 1662; x_wconf 89' lang='lat' dir='ltr'>misere</span> <span class='ocrx_word' id='word_1_185' title='bbox 602 1625 703 1662; x_wconf 90' lang='lat' dir='ltr'>mori</span> <span class='ocrx_word' id='word_1_186' title='bbox 742 1635 779 1662; x_wconf 92' lang='lat' dir='ltr'>et</span> <span class='ocrx_word' id='word_1_187' title='bbox 810 1635 906 1663; x_wconf 91' lang='lat' dir='ltr'>tunc</span> <span class='ocrx_word' id='word_1_188' title='bbox 939 1635 1022 1663; x_wconf 88' lang='lat' dir='ltr'>tota</span> <span class='ocrx_word' id='word_1_189' title='bbox 1061 1639 1132 1663; x_wconf 87' lang='lat' dir='ltr'>sua</span> <span class='ocrx_word' id='word_1_190' title='bbox 1171 1626 1389 1675; x_wconf 87' lang='lat' dir='ltr'>occupacio</span> <span class='ocrx_word' id='word_1_191' title='bbox 1428 1627 1537 1663; x_wconf 87' lang='lat' dir='ltr'>labo—</span> 
     </span>
     <span class='ocr_line' id='line_1_27' title="bbox 220 1683 1538 1734; baseline 0.002 -15"><span class='ocrx_word' id='word_1_192' title='bbox 220 1683 324 1720; x_wconf 90' lang='lat' dir='ltr'>riosa</span> <span class='ocrx_word' id='word_1_193' title='bbox 346 1683 386 1720; x_wconf 92' lang='lat' dir='ltr'>in</span> <span class='ocrx_word' id='word_1_194' title='bbox 410 1683 521 1720; x_wconf 90' lang='lat' dir='ltr'>bellis</span> <span class='ocrx_word' id='word_1_195' title='bbox 543 1697 624 1720; x_wconf 90' lang='lat' dir='ltr'>non</span> <span class='ocrx_word' id='word_1_196' title='bbox 647 1684 825 1732; x_wconf 89' lang='lat' dir='ltr'>proderit</span> <span class='ocrx_word' id='word_1_197' title='bbox 848 1686 915 1721; x_wconf 91' lang='lat' dir='ltr'>sed</span> <span class='ocrx_word' id='word_1_198' title='bbox 940 1684 1117 1721; x_wconf 90' lang='lat' dir='ltr'>nocebit:</span> <span class='ocrx_word' id='word_1_199' title='bbox 1152 1685 1192 1721; x_wconf 86' lang='lat' dir='ltr'>Si</span> <span class='ocrx_word' id='word_1_200' title='bbox 1218 1684 1416 1734; x_wconf 84' lang='lat' dir='ltr'>(inquam)</span> <span class='ocrx_word' id='word_1_201' title='bbox 1439 1686 1538 1721; x_wconf 83' lang='lat' dir='ltr'>tales</span> 
     </span>
     <span class='ocr_line' id='line_1_28' title="bbox 221 1741 1536 1788; baseline 0.002 -11"><span class='ocrx_word' id='word_1_202' title='bbox 221 1741 521 1778; x_wconf 80' lang='lat' dir='ltr'>exhortaciones</span> <span class='ocrx_word' id='word_1_203' title='bbox 559 1742 707 1778; x_wconf 86' lang='lat' dir='ltr'>fuerint</span> <span class='ocrx_word' id='word_1_204' title='bbox 746 1742 786 1778; x_wconf 90' lang='lat' dir='ltr'>in</span> <span class='ocrx_word' id='word_1_205' title='bbox 826 1743 1064 1779; x_wconf 88' lang='lat' dir='ltr'>bellatorum</span> <span class='ocrx_word' id='word_1_206' title='bbox 1106 1743 1293 1779; x_wconf 87' lang='lat' dir='ltr'>cordibus</span> <span class='ocrx_word' id='word_1_207' title='bbox 1326 1743 1536 1788; x_wconf 82' lang='lat' dir='ltr'>seminate,</span> 
     </span>
     <span class='ocr_line' id='line_1_29' title="bbox 220 1800 1537 1849; baseline 0.002 -14"><span class='ocrx_word' id='word_1_208' title='bbox 220 1800 308 1848; x_wconf 87' lang='lat' dir='ltr'>plus</span> <span class='ocrx_word' id='word_1_209' title='bbox 341 1800 517 1836; x_wconf 88' lang='lat' dir='ltr'>facerent</span> <span class='ocrx_word' id='word_1_210' title='bbox 549 1802 599 1837; x_wconf 89' lang='lat' dir='ltr'>ad</span> <span class='ocrx_word' id='word_1_211' title='bbox 632 1813 771 1848; x_wconf 86' lang='lat' dir='ltr'>pacem</span> <span class='ocrx_word' id='word_1_212' title='bbox 805 1802 1070 1849; x_wconf 80' lang='lat' dir='ltr'>spargendam</span> <span class='ocrx_word' id='word_1_213' title='bbox 1112 1801 1151 1837; x_wconf 91' lang='lat' dir='ltr'>in</span> <span class='ocrx_word' id='word_1_214' title='bbox 1191 1801 1378 1838; x_wconf 88' lang='lat' dir='ltr'>cordibus</span> <span class='ocrx_word' id='word_1_215' title='bbox 1411 1801 1537 1838; x_wconf 91' lang='lat' dir='ltr'>homi-</span> 
     </span>
     <span class='ocr_line' id='line_1_30' title="bbox 222 1858 1537 1908; baseline 0.002 -14"><span class='ocrx_word' id='word_1_216' title='bbox 222 1871 316 1894; x_wconf 90' lang='lat' dir='ltr'>num</span> <span class='ocrx_word' id='word_1_217' title='bbox 352 1871 473 1907; x_wconf 85' lang='lat' dir='ltr'>quam</span> <span class='ocrx_word' id='word_1_218' title='bbox 507 1858 750 1895; x_wconf 85' lang='lat' dir='ltr'>tradiciones</span> <span class='ocrx_word' id='word_1_219' title='bbox 784 1859 994 1895; x_wconf 89' lang='lat' dir='ltr'>hominum</span> <span class='ocrx_word' id='word_1_220' title='bbox 1030 1859 1194 1896; x_wconf 84' lang='lat' dir='ltr'>dimissa</span> <span class='ocrx_word' id='word_1_221' title='bbox 1229 1859 1307 1896; x_wconf 91' lang='lat' dir='ltr'>fide</span> <span class='ocrx_word' id='word_1_222' title='bbox 1340 1859 1537 1908; x_wconf 83' lang='lat' dir='ltr'>scripture</span> 
     </span>
     <span class='ocr_line' id='line_1_31' title="bbox 222 1916 1537 1964; baseline 0.002 -12"><span class='ocrx_word' id='word_1_223' title='bbox 222 1916 339 1952; x_wconf 85' lang='lat' dir='ltr'>hodie</span> <span class='ocrx_word' id='word_1_224' title='bbox 382 1916 539 1952; x_wconf 87' lang='lat' dir='ltr'>usitate.</span> <span class='ocrx_word' id='word_1_225' title='bbox 590 1919 691 1953; x_wconf 87' lang='lat' dir='ltr'>Nam</span> <span class='ocrx_word' id='word_1_226' title='bbox 736 1921 794 1961; x_wconf 81' lang='lat' dir='ltr'>(ut</span> <span class='ocrx_word' id='word_1_227' title='bbox 838 1926 947 1964; x_wconf 88' lang='lat' dir='ltr'>patet</span> <span class='ocrx_word' id='word_1_228' title='bbox 997 1919 1102 1953; x_wconf 89' lang='lat' dir='ltr'>Luce</span> <span class='ocrx_word' id='word_1_229' title='bbox 1136 1919 1184 1953; x_wconf 80' lang='lat' dir='ltr'>IX</span> <span class='ocrx_word' id='word_1_230' title='bbox 1229 1926 1266 1954; x_wconf 89' lang='lat' dir='ltr'>et</span> <span class='ocrx_word' id='word_1_231' title='bbox 1310 1918 1537 1954; x_wconf 83' lang='lat' dir='ltr'>declaratur</span> 
     </span>
    </p>
   </div>
   <div class='ocr_carea' id='block_1_6' title="bbox 223 1975 1536 2021">
    <p class='ocr_par' dir='ltr' id='par_1_6' title="bbox 223 1975 1536 2021">
     <span class='ocr_line' id='line_1_32' title="bbox 223 1975 1536 2021; baseline 0.003 -12"><span class='ocrx_word' id='word_1_232' title='bbox 223 1976 416 2010; x_wconf 84' lang='lat' dir='ltr'>Sermone</span> <span class='ocrx_word' id='word_1_233' title='bbox 448 1975 531 2010; x_wconf 77' lang='lat' dir='ltr'>XVI</span> <span class='ocrx_word' id='word_1_234' title='bbox 572 1984 608 2010; x_wconf 86' lang='lat' dir='ltr'>et</span> <span class='ocrx_word' id='word_1_235' title='bbox 648 1976 695 2011; x_wconf 89' lang='lat' dir='ltr'>de</span> <span class='ocrx_word' id='word_1_236' title='bbox 734 1977 834 2011; x_wconf 86' lang='lat' dir='ltr'>Pace</span> <span class='ocrx_word' id='word_1_237' title='bbox 873 1975 961 2012; x_wconf 74' lang='lat' dir='ltr'>vide</span> <span class='ocrx_word' id='word_1_238' title='bbox 1000 1977 1193 2012; x_wconf 85' lang='lat' dir='ltr'>Sermone</span> <span class='ocrx_word' id='word_1_239' title='bbox 1230 1977 1367 2021; x_wconf 90' lang='lat' dir='ltr'>XXXI)</span> <span class='ocrx_word' id='word_1_240' title='bbox 1416 1978 1536 2013; x_wconf 86' lang='lat' dir='ltr'>corda</span> 
     </span>
    </p>
   </div>
   <div class='ocr_carea' id='block_1_7' title="bbox 164 2032 1536 2081">
    <p class='ocr_par' dir='ltr' id='par_1_7' title="bbox 164 2032 1536 2081">
     <span class='ocr_line' id='line_1_33' title="bbox 164 2032 1536 2081; baseline 0.002 -14"><span class='ocrx_word' id='word_1_241' title='bbox 164 2037 180 2068; x_wconf 65' lang='lat'><em>3</em></span> <span class='ocrx_word' id='word_1_242' title='bbox 221 2032 443 2068; x_wconf 75' lang='lat' dir='ltr'>vivencium</span> <span class='ocrx_word' id='word_1_243' title='bbox 478 2041 570 2068; x_wconf 89' lang='lat' dir='ltr'>sunt</span> <span class='ocrx_word' id='word_1_244' title='bbox 602 2042 708 2069; x_wconf 86' lang='lat' dir='ltr'>terra</span> <span class='ocrx_word' id='word_1_245' title='bbox 742 2046 818 2081; x_wconf 87' lang='lat' dir='ltr'>que</span> <span class='ocrx_word' id='word_1_246' title='bbox 852 2045 895 2069; x_wconf 81' lang='lat' dir='ltr'>ex</span> <span class='ocrx_word' id='word_1_247' title='bbox 927 2033 1075 2070; x_wconf 90' lang='lat' dir='ltr'>iniecto</span> <span class='ocrx_word' id='word_1_248' title='bbox 1108 2033 1259 2070; x_wconf 85' lang='lat' dir='ltr'>semine</span> <span class='ocrx_word' id='word_1_249' title='bbox 1282 2035 1428 2070; x_wconf 85' lang='lat' dir='ltr'>debent</span> <span class='ocrx_word' id='word_1_250' title='bbox 1452 2047 1536 2071; x_wconf 82' lang='lat' dir='ltr'>esse</span> 
     </span>
    </p>
   </div>
   <div class='ocr_carea' id='block_1_8' title="bbox 219 2090 1536 2314">
    <p class='ocr_par' dir='ltr' id='par_1_8' title="bbox 219 2090 1536 2314">
     <span class='ocr_line' id='line_1_34' title="bbox 221 2090 1533 2138; baseline 0.002 -12"><span class='ocrx_word' id='word_1_251' title='bbox 221 2090 437 2126; x_wconf 78' lang='lat' dir='ltr'>fructifera.</span> <span class='ocrx_word' id='word_1_252' title='bbox 473 2093 560 2138; x_wconf 89' lang='lat' dir='ltr'>Ipsa</span> <span class='ocrx_word' id='word_1_253' title='bbox 592 2100 725 2127; x_wconf 89' lang='lat' dir='ltr'>autem</span> <span class='ocrx_word' id='word_1_254' title='bbox 760 2100 866 2128; x_wconf 88' lang='lat' dir='ltr'>terra</span> <span class='ocrx_word' id='word_1_255' title='bbox 899 2092 1083 2128; x_wconf 85' lang='lat' dir='ltr'>fraudata</span> <span class='ocrx_word' id='word_1_256' title='bbox 1117 2105 1160 2128; x_wconf 85' lang='lat' dir='ltr'>ex</span> <span class='ocrx_word' id='word_1_257' title='bbox 1193 2091 1416 2128; x_wconf 86' lang='lat' dir='ltr'>inieccione</span> <span class='ocrx_word' id='word_1_258' title='bbox 1454 2093 1533 2129; x_wconf 86' lang='lat' dir='ltr'>veri</span> 
     </span>
     <span class='ocr_line' id='line_1_35' title="bbox 220 2148 1534 2197; baseline 0.002 -13"><span class='ocrx_word' id='word_1_259' title='bbox 220 2148 381 2185; x_wconf 84' lang='lat' dir='ltr'>seminis</span> <span class='ocrx_word' id='word_1_260' title='bbox 416 2157 451 2184; x_wconf 88' lang='lat' dir='ltr'>et</span> <span class='ocrx_word' id='word_1_261' title='bbox 485 2149 642 2185; x_wconf 88' lang='lat' dir='ltr'>cultura</span> <span class='ocrx_word' id='word_1_262' title='bbox 665 2158 926 2197; x_wconf 81' lang='lat' dir='ltr'>temporanea</span> <span class='ocrx_word' id='word_1_263' title='bbox 951 2149 1150 2197; x_wconf 74' lang='lat' dir='ltr'>diligentis</span> <span class='ocrx_word' id='word_1_264' title='bbox 1182 2150 1345 2186; x_wconf 88' lang='lat' dir='ltr'>cultoris</span> <span class='ocrx_word' id='word_1_265' title='bbox 1374 2163 1534 2187; x_wconf 78' lang='lat' dir='ltr'>necesse</span> 
     </span>
     <span class='ocr_line' id='line_1_36' title="bbox 221 2206 1535 2256; baseline 0.002 -14"><span class='ocrx_word' id='word_1_266' title='bbox 221 2216 277 2242; x_wconf 81' lang='lat' dir='ltr'>est</span> <span class='ocrx_word' id='word_1_267' title='bbox 310 2208 417 2255; x_wconf 83' lang='lat' dir='ltr'>quod</span> <span class='ocrx_word' id='word_1_268' title='bbox 453 2206 557 2243; x_wconf 87' lang='lat' dir='ltr'>dicta</span> <span class='ocrx_word' id='word_1_269' title='bbox 591 2216 697 2244; x_wconf 88' lang='lat' dir='ltr'>terra</span> <span class='ocrx_word' id='word_1_270' title='bbox 729 2209 926 2255; x_wconf 87' lang='lat' dir='ltr'>producat</span> <span class='ocrx_word' id='word_1_271' title='bbox 955 2208 1089 2256; x_wconf 83' lang='lat' dir='ltr'>spinas</span> <span class='ocrx_word' id='word_1_272' title='bbox 1114 2217 1182 2245; x_wconf 86' lang='lat' dir='ltr'>aut</span> <span class='ocrx_word' id='word_1_273' title='bbox 1207 2210 1348 2245; x_wconf 85' lang='lat' dir='ltr'>herbas</span> <span class='ocrx_word' id='word_1_274' title='bbox 1372 2209 1535 2246; x_wconf 72' lang='lat' dir='ltr'>nocivas</span> 
     </span>
     <span class='ocr_line' id='line_1_37' title="bbox 219 2264 1536 2314; baseline 0.002 -14"><span class='ocrx_word' id='word_1_275' title='bbox 219 2265 279 2301; x_wconf 87' lang='lat' dir='ltr'>vel</span> <span class='ocrx_word' id='word_1_276' title='bbox 318 2278 386 2312; x_wconf 85' lang='lat' dir='ltr'>per</span> <span class='ocrx_word' id='word_1_277' title='bbox 423 2264 523 2302; x_wconf 85' lang='lat' dir='ltr'>vicia</span> <span class='ocrx_word' id='word_1_278' title='bbox 563 2265 763 2302; x_wconf 83' lang='lat' dir='ltr'>contraria</span> <span class='ocrx_word' id='word_1_279' title='bbox 802 2266 1020 2303; x_wconf 86' lang='lat' dir='ltr'>sterilescat</span> <span class='ocrx_word' id='word_1_280' title='bbox 1061 2276 1096 2302; x_wconf 83' lang='lat' dir='ltr'>et</span> <span class='ocrx_word' id='word_1_281' title='bbox 1129 2267 1215 2314; x_wconf 84' lang='lat' dir='ltr'>ipsa</span> <span class='ocrx_word' id='word_1_282' title='bbox 1247 2266 1400 2303; x_wconf 88' lang='lat' dir='ltr'>inducit</span> <span class='ocrx_word' id='word_1_283' title='bbox 1435 2268 1536 2304; x_wconf 80' lang='lat' dir='ltr'>ferus</span> 
     </span>
    </p>
   </div>
   <div class='ocr_carea' id='block_1_9' title="bbox 164 2322 827 2371">
    <p class='ocr_par' dir='ltr' id='par_1_9' title="bbox 164 2322 827 2371">
     <span class='ocr_line' id='line_1_38' title="bbox 164 2322 827 2371; baseline 0.003 -13"><span class='ocrx_word' id='word_1_284' title='bbox 164 2327 197 2359; x_wconf 67' lang='lat'>3-</span> <span class='ocrx_word' id='word_1_285' title='bbox 220 2322 436 2359; x_wconf 83' lang='lat' dir='ltr'>indomitas</span> <span class='ocrx_word' id='word_1_286' title='bbox 468 2324 517 2359; x_wconf 84' lang='lat' dir='ltr'>ad</span> <span class='ocrx_word' id='word_1_287' title='bbox 552 2325 827 2371; x_wconf 84' lang='lat' dir='ltr'>pugnandum.</span> 
     </span>
    </p>
   </div>
   <div class='ocr_carea' id='block_1_10' title="bbox 220 2380 1823 2489">
    <p class='ocr_par' dir='ltr' id='par_1_10' title="bbox 220 2380 1823 2489">
     <span class='ocr_line' id='line_1_39' title="bbox 277 2380 1823 2429; baseline 0.003 -13"><span class='ocrx_word' id='word_1_288' title='bbox 277 2380 388 2417; x_wconf 83' lang='lat' dir='ltr'>Sicut</span> <span class='ocrx_word' id='word_1_289' title='bbox 423 2380 526 2417; x_wconf 87' lang='lat' dir='ltr'>enim</span> <span class='ocrx_word' id='word_1_290' title='bbox 561 2382 777 2429; x_wconf 77' lang='lat' dir='ltr'>agricultor</span> <span class='ocrx_word' id='word_1_291' title='bbox 810 2395 849 2418; x_wconf 86' lang='lat' dir='ltr'>se</span> <span class='ocrx_word' id='word_1_292' title='bbox 883 2381 1071 2419; x_wconf 85' lang='lat' dir='ltr'>sollicitat</span> <span class='ocrx_word' id='word_1_293' title='bbox 1104 2382 1209 2419; x_wconf 88' lang='lat' dir='ltr'>circa</span> <span class='ocrx_word' id='word_1_294' title='bbox 1243 2383 1394 2420; x_wconf 86' lang='lat' dir='ltr'>fructus</span> <span class='ocrx_word' id='word_1_295' title='bbox 1417 2384 1696 2420; x_wconf 75' lang='lat' dir='ltr'>utilesAcurate</span> <span class='ocrx_word' id='word_1_296' title='bbox 1715 2393 1823 2420; x_wconf 66' lang='lat' dir='ltr'>should</span> 
     </span>
     <span class='ocr_line' id='line_1_40' title="bbox 220 2428 1801 2489; baseline 0.003 -15"><span class='ocrx_word' id='word_1_297' title='bbox 220 2447 322 2475; x_wconf 81' lang='lat' dir='ltr'>terre</span> <span class='ocrx_word' id='word_1_298' title='bbox 368 2452 450 2485; x_wconf 87' lang='lat' dir='ltr'>sue,</span> <span class='ocrx_word' id='word_1_299' title='bbox 494 2439 548 2476; x_wconf 83' lang='lat' dir='ltr'>sic</span> <span class='ocrx_word' id='word_1_300' title='bbox 595 2440 712 2488; x_wconf 80' lang='lat' dir='ltr'>longe</span> <span class='ocrx_word' id='word_1_301' title='bbox 753 2440 877 2488; x_wconf 75' lang='lat' dir='ltr'>magis</span> <span class='ocrx_word' id='word_1_302' title='bbox 916 2442 1033 2477; x_wconf 77' lang='lat' dir='ltr'>debet</span> <span class='ocrx_word' id='word_1_303' title='bbox 1073 2450 1234 2477; x_wconf 84' lang='lat' dir='ltr'>curatus</span> <span class='ocrx_word' id='word_1_304' title='bbox 1273 2441 1408 2478; x_wconf 86' lang='lat' dir='ltr'>anime</span> <span class='ocrx_word' id='word_1_305' title='bbox 1453 2455 1536 2479; x_wconf 83' lang='lat' dir='ltr'>esse</span> <span class='ocrx_word' id='word_1_306' title='bbox 1575 2428 1801 2489; x_wconf 49' lang='lat' dir='ltr'>misebgnffii’fn.</span> 
     </span>
    </p>
   </div>
   <div class='ocr_carea' id='block_1_11' title="bbox 215 2574 1535 2819">
    <p class='ocr_par' dir='ltr' id='par_1_11' title="bbox 215 2574 1535 2819">
     <span class='ocr_line' id='line_1_41' title="bbox 290 2574 1534 2610; baseline 0.004 -10"><span class='ocrx_word' id='word_1_307' title='bbox 290 2582 308 2600; x_wconf 81' lang='grc' dir='ltr'>ι,</span> <span class='ocrx_word' id='word_1_308' title='bbox 331 2574 354 2600; x_wconf 80' lang='grc' dir='ltr'>Ι)</span> <span class='ocrx_word' id='word_1_309' title='bbox 377 2574 405 2601; x_wconf 84' lang='lat' dir='ltr'>in</span> <span class='ocrx_word' id='word_1_310' title='bbox 428 2582 543 2609; x_wconf 57' lang='lat' dir='ltr'>marg:</span> <span class='ocrx_word' id='word_1_311' title='bbox 566 2575 612 2601; x_wconf 85' lang='lat' dir='ltr'>De</span> <span class='ocrx_word' id='word_1_312' title='bbox 631 2575 840 2610; x_wconf 59' lang='lat' dir='ltr'>multtpll‘ffllix</span> <span class='ocrx_word' id='word_1_313' title='bbox 854 2576 1054 2603; x_wconf 71' lang='lat' dir='ltr'>oracionibus</span> <span class='ocrx_word' id='word_1_314' title='bbox 1064 2586 1072 2605; x_wconf 78' lang='grc'>,-</span> <span class='ocrx_word' id='word_1_315' title='bbox 1094 2576 1100 2602; x_wconf 92' lang='grc' dir='ltr'>Ι</span> <span class='ocrx_word' id='word_1_316' title='bbox 1124 2576 1152 2603; x_wconf 80' lang='lat' dir='ltr'>in</span> <span class='ocrx_word' id='word_1_317' title='bbox 1175 2584 1290 2610; x_wconf 59' lang='lat' dir='ltr'>marg:</span> <span class='ocrx_word' id='word_1_318' title='bbox 1312 2576 1484 2605; x_wconf 56' lang='lat' dir='ltr'>Orat-iones</span> <span class='ocrx_word' id='word_1_319' title='bbox 1504 2579 1534 2605; x_wconf 81' lang='lat' dir='ltr'>in</span> 
     </span>
     <span class='ocr_line' id='line_1_42' title="bbox 215 2609 1534 2646; baseline 0.004 -12"><span class='ocrx_word' id='word_1_320' title='bbox 215 2609 466 2643; x_wconf 69' lang='lat' dir='ltr'>proces-Sl&#39;m1ibus</span> <span class='ocrx_word' id='word_1_321' title='bbox 485 2609 638 2644; x_wconf 70' lang='lat' dir='ltr'>quomodo</span> <span class='ocrx_word' id='word_1_322' title='bbox 659 2609 830 2644; x_wconf 72' lang='lat' dir='ltr'>impediunt</span> <span class='ocrx_word' id='word_1_323' title='bbox 844 2618 963 2645; x_wconf 70' lang='lat' dir='ltr'>pacem.</span> <span class='ocrx_word' id='word_1_324' title='bbox 1106 2612 1134 2644; x_wconf 64' lang='grc' dir='ltr'>ι’),</span> <span class='ocrx_word' id='word_1_325' title='bbox 1156 2619 1182 2645; x_wconf 87' lang='lat'>7.</span> <span class='ocrx_word' id='word_1_326' title='bbox 1212 2611 1278 2638; x_wconf 78' lang='lat' dir='ltr'>DE:</span> <span class='ocrx_word' id='word_1_327' title='bbox 1303 2620 1361 2646; x_wconf 70' lang='lat' dir='ltr'>per</span> <span class='ocrx_word' id='word_1_328' title='bbox 1383 2612 1534 2640; x_wconf 62' lang='lat' dir='ltr'>Clu-selum</span> 
     </span>
     <span class='ocr_line' id='line_1_43' title="bbox 219 2644 1535 2680; baseline 0.004 -12"><span class='ocrx_word' id='word_1_329' title='bbox 219 2644 393 2670; x_wconf 67' lang='lat' dir='ltr'>huiusmodi</span> <span class='ocrx_word' id='word_1_330' title='bbox 411 2645 518 2670; x_wconf 75' lang='lat' dir='ltr'>ritibus</span> <span class='ocrx_word' id='word_1_331' title='bbox 538 2645 704 2671; x_wconf 74' lang='lat' dir='ltr'>irritatum.</span> <span class='ocrx_word' id='word_1_332' title='bbox 779 2654 806 2679; x_wconf 57' lang='grc' dir='ltr'>ι).</span> <span class='ocrx_word' id='word_1_333' title='bbox 830 2645 911 2672; x_wconf 64' lang='lat' dir='ltr'>mil:</span> <span class='ocrx_word' id='word_1_334' title='bbox 932 2646 987 2680; x_wconf 70' lang='lat' dir='ltr'>qni</span> <span class='ocrx_word' id='word_1_335' title='bbox 998 2645 1088 2672; x_wconf 80' lang='lat' dir='ltr'>enim.</span> <span class='ocrx_word' id='word_1_336' title='bbox 1163 2655 1196 2673; x_wconf 83' lang='lat'>11.</span> <span class='ocrx_word' id='word_1_337' title='bbox 1219 2646 1287 2673; x_wconf 69' lang='lat' dir='ltr'>bh:</span> <span class='ocrx_word' id='word_1_338' title='bbox 1311 2647 1418 2673; x_wconf 72' lang='lat' dir='ltr'>Mntth.</span> <span class='ocrx_word' id='word_1_339' title='bbox 1435 2647 1535 2676; x_wconf 78' lang='lat' dir='ltr'><em>XVII:</em></span> 
     </span>
     <span class='ocr_line' id='line_1_44' title="bbox 221 2677 1531 2714; baseline 0.003 -10"><span class='ocrx_word' id='word_1_340' title='bbox 221 2679 246 2704; x_wconf 86' lang='lat' dir='ltr'>l:</span> <span class='ocrx_word' id='word_1_341' title='bbox 267 2677 302 2705; x_wconf 83' lang='lat' dir='ltr'>X.</span> <span class='ocrx_word' id='word_1_342' title='bbox 386 2687 422 2712; x_wconf 84' lang='lat'>17-</span> <span class='ocrx_word' id='word_1_343' title='bbox 445 2680 489 2705; x_wconf 89' lang='lat' dir='ltr'>A:</span> <span class='ocrx_word' id='word_1_344' title='bbox 519 2679 548 2705; x_wconf 74' lang='lat' dir='ltr'>in</span> <span class='ocrx_word' id='word_1_345' title='bbox 570 2679 644 2707; x_wconf 80' lang='lat' dir='ltr'>hoc:</span> <span class='ocrx_word' id='word_1_346' title='bbox 671 2680 795 2714; x_wconf 69' lang='lat' dir='ltr'>inquam</span> <span class='ocrx_word' id='word_1_347' title='bbox 815 2680 909 2706; x_wconf 76' lang='lat' dir='ltr'>deest.</span> <span class='ocrx_word' id='word_1_348' title='bbox 993 2680 1034 2707; x_wconf 82' lang='lat'>23.</span> <span class='ocrx_word' id='word_1_349' title='bbox 1057 2681 1115 2707; x_wconf 86' lang='lat' dir='ltr'>Al:</span> <span class='ocrx_word' id='word_1_350' title='bbox 1142 2689 1197 2707; x_wconf 68' lang='lat' dir='ltr'>sua</span> <span class='ocrx_word' id='word_1_351' title='bbox 1220 2681 1313 2708; x_wconf 80' lang='lat' dir='ltr'>deest.</span> <span class='ocrx_word' id='word_1_352' title='bbox 1397 2682 1437 2709; x_wconf 78' lang='lat'>25.</span> <span class='ocrx_word' id='word_1_353' title='bbox 1460 2682 1483 2710; x_wconf 84' lang='lat' dir='ltr'>E</span> <span class='ocrx_word' id='word_1_354' title='bbox 1505 2683 1531 2708; x_wconf 80' lang='lat' dir='ltr'>iu</span> 
     </span>
     <span class='ocr_line' id='line_1_45' title="bbox 219 2712 1532 2750; baseline 0.003 -11"><span class='ocrx_word' id='word_1_355' title='bbox 219 2721 333 2750; x_wconf 41' lang='lat' dir='ltr'>murga</span> <span class='ocrx_word' id='word_1_356' title='bbox 350 2712 664 2748; x_wconf 70' lang='lat' dir='ltr'>Exlzorlacionespru</span> <span class='ocrx_word' id='word_1_357' title='bbox 680 2714 889 2741; x_wconf 71' lang='lat' dir='ltr'>bellatoribus.</span> <span class='ocrx_word' id='word_1_358' title='bbox 946 2722 988 2749; x_wconf 77' lang='lat'>27.</span> <span class='ocrx_word' id='word_1_359' title='bbox 1005 2716 1044 2742; x_wconf 80' lang='grc' dir='ltr'>ΑΙ</span> <span class='ocrx_word' id='word_1_360' title='bbox 1058 2725 1063 2742; x_wconf 86' lang='lat'>.·</span> <span class='ocrx_word' id='word_1_361' title='bbox 1080 2716 1219 2742; x_wconf 70' lang='lat' dir='ltr'>humane.</span> <span class='ocrx_word' id='word_1_362' title='bbox 1276 2717 1320 2743; x_wconf 70' lang='lat'>28.</span> <span class='ocrx_word' id='word_1_363' title='bbox 1336 2717 1364 2743; x_wconf 80' lang='lat'>1:</span> <span class='ocrx_word' id='word_1_364' title='bbox 1385 2716 1532 2743; x_wconf 68' lang='lat' dir='ltr'>declarat.</span> 
     </span>
     <span class='ocr_line' id='line_1_46' title="bbox 218 2747 1534 2781; baseline 0.003 -7"><span class='ocrx_word' id='word_1_365' title='bbox 218 2756 264 2780; x_wconf 63' lang='grc' dir='ltr'>ει).</span> <span class='ocrx_word' id='word_1_366' title='bbox 287 2747 370 2775; x_wconf 67' lang='lat' dir='ltr'>DEI:</span> <span class='ocrx_word' id='word_1_367' title='bbox 392 2748 422 2775; x_wconf 84' lang='lat' dir='ltr'>in</span> <span class='ocrx_word' id='word_1_368' title='bbox 442 2756 604 2781; x_wconf 76' lang='lat' dir='ltr'>sermone;</span> <span class='ocrx_word' id='word_1_369' title='bbox 628 2749 656 2775; x_wconf 87' lang='lat' dir='ltr'>l:</span> <span class='ocrx_word' id='word_1_370' title='bbox 683 2757 825 2776; x_wconf 80' lang='lat' dir='ltr'>sermone</span> <span class='ocrx_word' id='word_1_371' title='bbox 845 2749 942 2777; x_wconf 73' lang='lat' dir='ltr'>twice.</span> <span class='ocrx_word' id='word_1_372' title='bbox 1016 2749 1061 2777; x_wconf 82' lang='lat'>30.</span> <span class='ocrx_word' id='word_1_373' title='bbox 1084 2750 1112 2777; x_wconf 83' lang='lat' dir='ltr'>I:</span> <span class='ocrx_word' id='word_1_374' title='bbox 1139 2751 1301 2778; x_wconf 68' lang='lat' dir='ltr'>viam-ium.</span> <span class='ocrx_word' id='word_1_375' title='bbox 1376 2752 1414 2777; x_wconf 74' lang='lat'>31.</span> <span class='ocrx_word' id='word_1_376' title='bbox 1436 2752 1474 2778; x_wconf 77' lang='lat' dir='ltr'>E:</span> <span class='ocrx_word' id='word_1_377' title='bbox 1497 2760 1534 2778; x_wconf 67' lang='lat' dir='ltr'>ex</span> 
     </span>
     <span class='ocr_line' id='line_1_47' title="bbox 218 2782 1092 2819; baseline 0.003 -11"><span class='ocrx_word' id='word_1_378' title='bbox 218 2783 311 2809; x_wconf 73' lang='lat' dir='ltr'>deest.</span> <span class='ocrx_word' id='word_1_379' title='bbox 385 2782 431 2816; x_wconf 64' lang='lat'>34.</span> <span class='ocrx_word' id='word_1_380' title='bbox 454 2783 495 2810; x_wconf 80' lang='lat' dir='ltr'>D:</span> <span class='ocrx_word' id='word_1_381' title='bbox 517 2782 625 2810; x_wconf 76' lang='lat' dir='ltr'>indust.</span> <span class='ocrx_word' id='word_1_382' title='bbox 700 2782 745 2811; x_wconf 29' lang='lat'>36‘</span> <span class='ocrx_word' id='word_1_383' title='bbox 767 2784 791 2811; x_wconf 89' lang='lat' dir='ltr'>E</span> <span class='ocrx_word' id='word_1_384' title='bbox 812 2784 840 2811; x_wconf 87' lang='lat' dir='ltr'>in</span> <span class='ocrx_word' id='word_1_385' title='bbox 864 2792 977 2819; x_wconf 77' lang='lat' dir='ltr'>marg.:</span> <span class='ocrx_word' id='word_1_386' title='bbox 1000 2783 1092 2812; x_wconf 80' lang='lat' dir='ltr'>Nola.</span> 
     </span>
    </p>
   </div>
   <div class='ocr_carea' id='block_1_12' title="bbox 288 2867 1357 2912">
    <p class='ocr_par' dir='ltr' id='par_1_12' title="bbox 288 2867 1357 2912">
     <span class='ocr_line' id='line_1_48' title="bbox 288 2867 1357 2912; baseline 0.005 -16"><span class='ocrx_word' id='word_1_387' title='bbox 288 2876 341 2909; x_wconf 62' lang='lat'>²¹3·</span> <span class='ocrx_word' id='word_1_388' title='bbox 368 2867 455 2898; x_wconf 86' lang='lat' dir='ltr'>Vide</span> <span class='ocrx_word' id='word_1_389' title='bbox 482 2867 567 2898; x_wconf 82' lang='lat' dir='ltr'>infra</span> <span class='ocrx_word' id='word_1_390' title='bbox 594 2868 702 2899; x_wconf 84' lang='lat' dir='ltr'>Serm.</span> <span class='ocrx_word' id='word_1_391' title='bbox 728 2869 831 2899; x_wconf 73' lang='lat' dir='ltr'>XLIII</span> <span class='ocrx_word' id='word_1_392' title='bbox 861 2869 944 2900; x_wconf 74' lang='lat' dir='ltr'>Pax</span> <span class='ocrx_word' id='word_1_393' title='bbox 970 2868 1077 2908; x_wconf 48' lang='lat' dir='ltr'>vobi&amp;</span> <span class='ocrx_word' id='word_1_394' title='bbox 1101 2868 1179 2901; x_wconf 45' lang='lat' dir='ltr'>,vohi</span> <span class='ocrx_word' id='word_1_395' title='bbox 1206 2870 1275 2909; x_wconf 82' lang='lat' dir='ltr'>XX,</span> <span class='ocrx_word' id='word_1_396' title='bbox 1309 2880 1357 2912; x_wconf 66' lang='lat'>¹9·</span> 
     </span>
    </p>
   </div>
  </div>
 </body>
</html>
