2062 3276
233 255 369 284 SERMO
390 244 456 301 xi]
720 257 910 297 QUARTA
939 257 1064 288 mas.
1793 249 1844 296 89

235 368 314 402 Nec
351 365 464 400 dolor
496 372 563 400 aut
597 363 764 400 tristicia
804 363 991 399 flencium
1033 362 1341 399 christianorum
1383 362 1556 399 ostendit
1577 370 1645 398 The
1663 370 1796 411 §aquas-s
1817 371 1851 398 ot·

235 424 343 472 ipsos
386 421 541 459 virtutis
586 430 776 469 expertes,
818 433 908 457 cum
954 420 1088 457 anima
1121 419 1267 456 Christi
1317 419 1389 456 fuit
1434 420 1557 456 tristis
1587 405 1840 467 dgcsc‘iigtffissiissw

236 493 362 529 usque
406 481 456 517 ad
502 488 671 515 mortem
718 488 754 515 et
798 480 1003 527 operando
1050 477 1252 514 meritorie
1299 490 1390 526 sepe
1436 477 1557 524 flevit,
1594 474 1833 537 himvffnf‘gi'iss

235 547 512 575 verumtamen
564 537 595 573 si
648 538 768 573 homo
820 546 1009 585 operetur
1063 549 1185 584 opera
1236 535 1414 572 virtuosa
1467 548 1556 572 cum
1763 531 1768 536 ’

203 596 506 633 ὂάεὶθεωεὶοῃε
538 596 598 632 vel
631 594 797 631 tristicia
830 604 887 631 est
920 594 1125 631 evidencia
1157 593 1271 630 nobis
1305 606 1348 630 ex
1371 593 1560 642 operibus

237 656 345 703 quod
378 654 426 690 sit
451 653 655 690 moraliter
676 652 888 689 virtuosus.
924 654 1000 689 Sed
1034 661 1169 688 utrum
1194 664 1317 700 opera
1340 652 1561 700 procedant

238 726 281 749 ex
313 712 458 749 virtute
490 711 569 748 sive
602 710 789 759 ypocrisi,
824 719 880 747 est
914 710 1079 746 dubium
1114 711 1221 758 apud
1262 710 1429 754 multos3
1471 709 1560 745 ideo

238 771 277 807 in
300 770 446 807 talibus
481 782 570 806 cum
607 770 799 806 habemus
833 769 961 805 solum
996 767 1246 816 probabilem
1272 767 1561 813 coniecturam,

238 842 317 866 non
359 829 550 864 debemus
590 827 706 872 (sicut
745 839 817 863 nec
857 826 1027 875 apostoli
1068 827 1261 871 fecerunt)
1307 826 1560 871 contendere,

187 899 225 920 10
239 888 307 923 sed
340 886 446 922 iuxta
469 886 639 922 formam
673 884 870 933 scripture
903 893 1080 921 nostram
1123 883 1414 920 conscienciam
1449 896 1563 931 regu-

239 946 364 982 lantes
389 945 579 980 debemus
611 942 784 979 dimissis
808 942 953 979 talibus
976 942 1126 979 frivolis
1151 941 1371 978 instancius
1404 940 1562 990 operari

240 1012 277 1039 et
315 1003 350 1038 in
391 1002 563 1038 omnibus
606 1008 797 1038 sumentes
838 1008 988 1037 scutum
1020 1001 1124 1051 fidei
1164 1000 1380 1049 scriptur&
1424 1012 1561 1047 ymmo

240 1073 312 1110 pro
360 1060 525 1096 minimo
566 1060 757 1096 habentes
801 1060 909 1107 quod
954 1060 1002 1096 ab
1049 1057 1277 1094 hominibus
1323 1057 1561 1103 iudicemur,

240 1120 309 1155 sed
348 1118 515 1155 scientes
555 1131 597 1154 ex
638 1117 714 1154 fide
748 1118 855 1165 quod
890 1117 1070 1153 Christus
1112 1129 1247 1153 coram
1281 1129 1362 1164 quo
1394 1115 1563 1152 vivimus

189 1176 402 1214 15habebit
443 1189 568 1212 unum
609 1188 798 1223 magnum
833 1175 936 1212 diem
978 1175 1115 1211 iudicii
1155 1174 1195 1210 in
1228 1187 1308 1222 quo
1341 1174 1561 1210 secundum

241 1234 454 1283 qualitates
487 1233 761 1270 intencionum
796 1242 832 1270 et
856 1246 1023 1281 operum
1049 1246 1121 1269 nos
1146 1232 1323 1280 singulos
1347 1231 1560 1277 iudicabit;

242 1293 331 1329 ideo
383 1292 632 1328 dimittamus
682 1304 865 1340 pronunc
919 1291 1037 1328 flatus
1080 1303 1223 1328 vocum
1270 1289 1480 1327 hominum
1527 1298 1563 1325 et

243 1364 359 1387 suum
404 1350 612 1397 iudicium,
659 1363 750 1386 cum
795 1362 839 1386 ex
883 1349 960 1386 fide
1005 1349 1101 1386 certi
1146 1361 1284 1385 sumus
1329 1349 1436 1396 quod
1480 1347 1563 1384 sine

244 1409 387 1445 timore
427 1408 567 1445 mundi
606 1408 686 1444 sive
726 1407 886 1456 dyaboli
920 1407 1102 1444 Christus
1139 1416 1235 1443 tunc
1274 1419 1346 1443 nos
1385 1406 1562 1454 singulos

189 1479 230 1500 20
244 1467 449 1513 iudicabit,
474 1475 511 1503 et
535 1468 745 1503 credamus
784 1467 891 1514 quod
925 1465 1059 1502 oracio
1094 1475 1198 1502 recte
1230 1464 1308 1502 vite
1340 1465 1400 1501 vel
1432 1463 1563 1512 operis

245 1534 302 1562 est
336 1528 419 1561 Deo
452 1524 680 1574 placencior
712 1537 833 1572 quam
866 1523 1025 1561 vocalis.

757 1649 950 1689 SERMO
984 1649 1054 1689 XI.

310 1747 430 1783 Omne
463 1746 565 1795 quod
597 1747 664 1781 dat
696 1745 791 1781 mihi
816 1752 933 1794 pater
955 1745 1088 1780 adme
1112 1744 1245 1781 veniet.
1280 1745 1470 1789 Joh.V10‚
1498 1743 1561 1790 37.
1590 1749 1651 1777 Use
1671 1749 1838 1788 ostsuneral

304 1804 508 1852 Multiplex
540 1803 705 1852 ponitur
737 1816 857 1839 causa
890 1815 1014 1851 quare
1048 1802 1148 1838 fiunt
1187 1801 1226 1838 in
1267 1801 1433 1838 ecclesia
1479 1814 1563 1837 exe·
1643 1792 1787 1812 services.

190 1867 229 1899 25
247 1863 338 1911 quie
384 1872 652 1907 mortuorum,
697 1861 831 1909 aliqua
875 1873 968 1897 vera
1012 1869 1048 1896 et
1092 1859 1305 1896 laudabilis
1351 1869 1388 1896 et
1427 1859 1563 1907 aliqua

247 1920 464 1969 sophistica
498 1929 534 1956 et
568 1919 848 1968 dampnabilis.
885 1918 1115 1955 Laudabilis
1149 1927 1284 1954 autem
1320 1917 1500 1954 consistit
1523 1917 1562 1953 in

246 1979 386 2024 tribus,
420 1978 551 2027 primo
585 1979 692 2026 quod
727 1979 773 2013 de
808 1986 935 2013 morte
959 1976 1106 2013 Christi
1142 1986 1178 2012 et
1212 1978 1259 2012 de
1292 1989 1413 2013 causa
1436 1975 1561 2012 nostri

247 2037 399 2086 peccati
433 2035 619 2073 devocius
652 2036 890 2081 recolamus,
937 2036 1112 2071 secundo
1156 2043 1200 2070 ut
1233 2035 1479 2071 attendendo
1512 2034 1561 2070 ad

248 2094 426 2131 miserias
462 2093 608 2130 mortui
641 2103 798 2130 nosmet
830 2093 936 2141 ipsos
969 2093 1009 2128 in
1044 2092 1221 2129 moribus
1245 2091 1495 2140 corrigamus
1525 2100 1561 2128 et
1628 2098 1800 2137 Prevailing

190 2159 231 2190 ’ἆυ
246 2153 369 2190 tercio
402 2162 445 2189 ut
479 2151 665 2188 devocius
694 2153 848 2188 orando
871 2164 943 2199 pro
968 2150 1136 2187 mortuis
1161 2150 1376 2187 dormienti
1399 2149 1562 2187 ecclesie
1576 2135 1687 2162 abusos
1707 2141 1736 2161 ¹¹¹
1758 2133 1851 2160 them.

247 2210 490 2248 adiutorium
525 2210 818 2258 impendamus.
864 2209 1023 2257 Triplex
1068 2218 1201 2245 autem
1246 2208 1410 2257 ponitur
1442 2221 1563 2245 causa

247 2270 462 2318 nephanda
496 2268 654 2316 dyaboli
688 2280 812 2316 quare
847 2276 1100 2303 mortuorum
1135 2266 1298 2315 exequie
1331 2276 1423 2303 sunt
1447 2266 1564 2303 hodie

248 2327 302 2364 sic
335 2328 594 2375 sollempnes:
636 2325 765 2374 prima
804 2335 846 2362 ut
880 2327 987 2374 apud
1022 2326 1217 2361 mundum
1252 2337 1400 2361 nomen
1434 2324 1565 2361 divitis

320 2458 339 2477 1.
361 2449 444 2477 DEI:
466 2449 706 2476 christianorum
728 2448 822 2476 deest.
896 2455 922 2482 7.
944 2447 977 2474 In
1000 2455 1113 2483 marg:
1136 2447 1227 2474 Nota.
1301 2455 1342 2481 10,
1360 2455 1392 2475 ιι.
1409 2447 1451 2475 D:
1473 2455 1567 2483 regu-

248 2485 353 2513 lantis.
448 2492 481 2512 11.
502 2485 530 2512 I:
559 2483 730 2510 instanciis.
823 2490 859 2510 12.
883 2483 972 2510 ADI:
992 2490 1097 2517 ymmo
1118 2482 1212 2509 deest.
1304 2481 1342 2509 13.
1363 2483 1409 2510 A:
1436 2483 1509 2518 quia
1529 2482 1568 2510 ab

249 2520 396 2547 munibus.
454 2527 492 2554 ¹7-
514 2520 558 2546 A:
580 2518 649 2545 ideo
671 2519 766 2545 deest.
822 2525 861 2545 21.
878 2517 1009 2547 vocalis:
1031 2517 1071 2544 ib.
1095 2516 1161 2544 Ein
1178 2525 1292 2552 marg:
1309 2518 1457 2552 Sequitur
1469 2517 1566 2544 aliud.

250 2563 292 2582 22.
315 2554 372 2582 Hic
393 2562 495 2582 sermo
516 2554 545 2580 in
566 2553 656 2580 codd.
677 2553 762 2580 ΑΒΕ
782 2553 920 2580 habetur.
942 2553 970 2580 A
991 2552 1021 2579 in
1042 2560 1157 2587 marg.:
1181 2552 1290 2580 Sermo
1304 2552 1354 2580 XI.
1374 2552 1407 2579 In
1429 2552 1520 2580 codd.
1542 2552 1566 2579 l)

250 2595 277 2617 et
311 2590 332 2617 E
363 2590 444 2616 hunc
473 2596 648 2616 sermonem
679 2587 709 2615 in
740 2592 824 2623 parte
853 2587 989 2615 secunda
1018 2587 1075 2614 sub
1102 2595 1232 2614 numero
1262 2587 1316 2615 LV
1336 2587 1485 2615 invenies.
1518 2587 1565 2615 Cs.

250 2626 349 2653 Serm.
370 2624 408 2657 11,
430 2632 499 2658 pag.
522 2623 594 2657 445:
615 2622 657 2650 ib.
678 2622 703 2649 D
725 2622 755 2650 in
778 2630 892 2657 marg:
915 2621 1070 2659 E.teq141'e,·
1089 2621 1112 2648 Ε
1133 2621 1162 2648 in
1185 2629 1298 2657 marg:
1321 2622 1382 2649 Pro
1402 2621 1566 2658 defunctis.

250 2660 291 2693 25,
314 2661 358 2686 26.
380 2660 423 2686 A:
452 2661 481 2686 et
499 2658 607 2693 aliqua
629 2673 659 2676 —
679 2661 780 2685 autem
801 2657 895 2684 deest.
988 2662 1034 2684 20.
1056 2658 1100 2684 A:
1131 2659 1269 2689 constat‚·
1294 2657 1334 2684 ib.
1356 2657 1380 2685 E
1400 2657 1429 2684 in
1451 2665 1565 2692 marg:

253 2696 359 2756 (ἔκανε
378 2694 408 2721 in
429 2693 556 2720 ecclesia
568 2691 654 2727 fiunt
669 2700 727 2732 ¹exe·
750 2692 798 2719 uie
817 2695 889 2731 sun(
907 2700 1000 2719 cause
1019 2692 1118 2731 inulte.
1136 2699 1159 2722 l,
1175 2698 1201 2730 a,
1215 2700 1249 2725 3.
1305 2690 1344 2719 31.
1367 2691 1434 2730 Em
1452 2700 1565 2727 marg:

271 2730 356 2756 *ausa
377 2728 550 2764 nephanda.
666 2726 708 2754 53.
761 2727 801 2755 E:
825 2735 978 2763 prmzum;
1004 2726 1044 2753 12:
1071 2731 1220 2754 correxn:
1245 2727 1368 2762 primm
1395 2727 1434 2754 lb.
1456 2727 1511 2754 ΑΕ
1537 2727 1565 2754 in

252 2772 366 2799 marg:
394 2771 417 2791 1.

326 2847 374 2868 12.
393 2835 545 2878 Eph.VI,
569 2834 614 2867 16.
713 2844 765 2866 22.
785 2833 837 2866 Cf.
857 2834 948 2876 Opp.
966 2833 1132 2865 Johannis
1155 2834 1239 2875 Hus,
1258 2839 1344 2865 tom.
1364 2834 1400 2873 ΙΙ,
1422 2833 1479 2865 fol.
1493 2830 1564 2874 48¹&

253 2883 305 2916 23.
332 2884 424 2915 Mass
451 2882 502 2915 for
525 2881 582 2915 the
609 2881 707 2922 dead,
735 2881 899 2923 Tuesday
927 2880 1069 2922 Gospel.
