2062 3276
182 884 220 904 10

182 1163 217 1195 15

179 1463 220 1483 20

237 236 371 264 sumto
394 226 472 283 ix]
717 237 907 276 Quium
937 237 1061 267 mas.

236 346 398 393 servire,
437 345 529 382 licet
567 343 779 381 occasione
812 352 929 391 capta
961 355 982 379 a
1017 351 1182 390 peccato
1217 344 1321 378 Deus
1356 341 1545 377 bonilieet

237 414 453 442 creaturas.
488 402 553 439 Sic
586 402 690 439 enim
716 400 950 449 temporalis
974 399 1159 436 dominus
1192 399 1405 436 occasione
1429 408 1547 446 capta

236 465 283 501 de
317 464 431 499 hoste
463 461 679 498 iniuriante
711 459 806 496 facit
839 460 988 495 bonum
1023 457 1098 493 sibi
1131 466 1168 494 et
1202 457 1295 493 suis.

294 523 405 566 Item,
445 521 550 556 Deus
589 531 669 554 non
704 518 823 553 habet
856 515 1089 553 servitorem
1124 515 1199 551 nisi
1234 527 1353 563 quem
1387 514 1548 551 ordinat

235 579 309 615 sibi
354 577 500 615 servire
533 575 821 613 auctorizando
854 583 891 611 et
923 575 1198 610 conservando
1232 573 1315 609 eius
1349 585 1444 613 esse,
1479 574 1548 608 sed

236 640 341 674 Deus
386 649 466 673 non
514 643 645 683 potest
693 633 943 670 auctorizare
991 643 1076 668 esse
1120 630 1289 679 peccati,
1335 630 1426 666 ideo
1467 643 1548 666 non

235 704 366 744 potest
399 695 545 730 habere
578 700 789 740 peccatum
823 690 894 727 sibi
931 689 1118 727 serviens.

294 755 405 798 Item,
439 751 594 800 peccati
620 749 846 786 dominium
881 749 930 786 ad
964 756 1119 784 tantum
1146 755 1343 795 repugnat
1367 745 1547 782 dominio

236 810 369 847 divino
417 810 525 858 quod
571 817 724 857 quanto
770 807 859 856 quis
907 807 994 854 plus
1040 805 1160 842 servit
1205 814 1371 852 peccato
1418 803 1548 840 minus

234 869 353 906 servit
387 870 484 913 Deo,
534 867 589 904 sic
637 867 745 915 quod
791 879 836 902 eo
882 865 969 913 ipso
1009 877 1090 912 quo
1136 863 1255 899 servit
1295 871 1462 910 peccato
1503 875 1548 898 eo

234 927 321 975 ipso
367 925 500 962 deficit
545 938 566 961 a
606 924 771 961 servicio
806 923 875 960 Dei
911 922 1054 962 activo,
1094 922 1125 958 si
1164 930 1299 957 tamen
1338 929 1548 969 peccatum

235 994 337 1022 esset
369 983 543 1021 serviens
584 982 893 1019 subordinatum
930 983 1026 1026 Deo,
1061 989 1157 1016 tunc
1191 981 1239 1015 de
1275 988 1427 1028 quanto
1462 978 1550 1026 quis

235 1043 399 1080 serviret
432 1050 611 1090 peccato,
646 1042 694 1078 de
727 1049 839 1077 tanto
874 1038 1039 1076 serviret
1075 1040 1171 1074 Deo.

293 1100 604 1138 Consideremus
644 1099 764 1147 igitur
802 1111 923 1147 quam
965 1109 1148 1133 amarum
1190 1105 1227 1132 et
1267 1094 1466 1132 abiectum
1501 1093 1550 1130 sit

236 1159 382 1196 servire
421 1167 587 1206 peccato
622 1158 729 1206 quod
768 1165 924 1193 tantum
960 1155 1120 1202 elongat
1154 1162 1189 1190 et
1224 1153 1365 1190 dividit
1399 1166 1420 1189 a
1453 1154 1550 1188 Deo.

235 1220 335 1255 Nam
371 1218 477 1253 solus
511 1216 576 1252 ille
609 1215 727 1252 servit
760 1223 925 1262 peccato
959 1213 1026 1262 qui
1060 1212 1153 1249 facit
1186 1212 1285 1248 illud
1326 1219 1550 1259 peccatum,

236 1286 272 1312 et
312 1289 402 1312 cum
443 1287 562 1311 nemo
601 1273 694 1310 facit
727 1282 936 1321 peccatum
979 1270 1054 1307 nisi
1090 1270 1156 1318 qui
1198 1270 1347 1318 prefert
1379 1268 1476 1304 illud
1512 1267 1551 1303 in

235 1346 373 1371 amore
398 1335 481 1369 Deo
515 1345 599 1378 suo,
636 1340 744 1380 patet
768 1332 874 1379 quod
908 1329 1039 1366 omnis
1073 1337 1263 1377 peccator
1287 1336 1343 1364 est
1367 1327 1550 1374 ydolatra

236 1402 272 1429 et
317 1393 587 1439 blasphemus.
634 1390 838 1429 Ydolatra,
892 1387 985 1436 quia
1039 1387 1132 1423 colit
1187 1398 1289 1434 opus
1340 1384 1549 1433 proprium

235 1460 442 1498 tamquam
477 1451 625 1488 Deum:
673 1448 945 1495 blasphemuS‚
992 1445 1085 1493 quia
1130 1446 1342 1493 (quantum
1385 1443 1423 1478 in
1464 1443 1550 1490 ipso

236 1512 307 1551 θεῖ)
341 1507 470 1544 aufert
503 1519 524 1543 a
549 1509 632 1542 Deo
666 1505 825 1542 latriam
860 1504 933 1540 sibi
964 1503 1185 1552 propriam,
1219 1501 1313 1550 quia
1338 1504 1550 1549 (quantum

236 1567 275 1603 in
298 1566 385 1614 ipso
409 1574 480 1609 est)
505 1564 635 1601 innuit
658 1566 785 1600 Deum
811 1571 1017 1599 auctorem
1043 1561 1211 1609 peccati,
1237 1573 1327 1597 cum
1352 1558 1551 1607 pretendit

235 1638 274 1661 se
308 1623 453 1661 servire
487 1631 653 1671 peccato
676 1631 885 1670 tamquam
920 1620 1054 1657 medio
1087 1619 1253 1656 domino
1287 1617 1550 1653 subordinato

238 1686 332 1729 Deo,
387 1691 423 1718 et
474 1681 600 1718 tercio
651 1680 744 1729 quia
794 1680 922 1715 solum
976 1678 1158 1715 attribuit
1205 1680 1288 1713 Deo
1339 1675 1549 1724 proprium

179 1743 401 1790 25peccato
425 1741 533 1788 quod
567 1751 646 1775 non
682 1748 739 1774 est
773 1746 958 1775 creatura
991 1738 1058 1773 sed
1094 1749 1216 1772 unum
1252 1734 1374 1771 nichil
1400 1734 1548 1770 factum

180 2035 221 2066 'jo

235 1800 319 1836 sine
352 1799 439 1846 ipso
473 1799 522 1834 ab
556 1810 601 1833 eo
637 1795 967 1833 remotissimum.

294 1859 497 1893 Debemus
542 1856 718 1892 secundo
757 1855 920 1891 credere
959 1854 1006 1889 de
1046 1851 1200 1901 peccati
1243 1850 1402 1887 malicia
1443 1851 1550 1898 quod

236 1929 316 1952 non
350 1924 407 1951 est
431 1913 620 1962 possibile
644 1912 860 1962 quicquam
886 1911 1131 1948 deteriorare
1165 1909 1408 1946 racionalem
1444 1921 1552 1944 crea-

236 1984 367 2010 turam
413 1972 489 2009 nisi
534 1980 745 2020 peccatum
791 1971 851 2007 vel
893 1969 1096 2006 racionem
1138 1967 1305 2017 peccati.
1347 1966 1411 2003 Sic
1445 1966 1550 2002 enim

237 2031 345 2069 canit
380 2030 548 2068 ecclesia
581 2031 689 2078 quod

568 2088 688 2124 Nulla
722 2087 867 2123 nocebit
899 2085 1117 2122 adversitas

571 2146 614 2181 Si
645 2146 750 2181 nulla
784 2145 1002 2181 dominetur
1033 2143 1223 2191 iniquitas,

297 2209 411 2243 Patet
433 2204 508 2242 sic:
533 2207 660 2240 Nemo
676 2203 944 2240 deterioratur
966 2201 1041 2238 nisi
1065 2201 1271 2249 perdendo
1288 2199 1550 2235 dileccionem

238 2264 325 2311 Dei,
357 2276 477 2300 nemo
509 2262 641 2311 perdit
671 2261 934 2298 dileccionem
960 2260 1045 2306 Dei,
1078 2258 1154 2296 nisi
1187 2258 1349 2295 racione
1382 2257 1551 2305 peccati,

239 2335 332 2370 ergo
372 2321 589 2358 conclusio.
638 2320 747 2357 Licet
786 2319 892 2356 enim
932 2318 1020 2367 quis
1059 2318 1108 2354 sit
1147 2316 1442 2365 quantumlibet
1487 2317 1552 2351 de-

238 2389 496 2429 pauperatus,
514 2378 810 2428 quantumlibet
826 2377 865 2414 in
881 2389 1050 2425 corpore
1067 2375 1267 2412 cruciatus
1286 2384 1323 2411 et
1339 2383 1552 2423 quantum-

238 2438 335 2475 libet
368 2438 475 2486 apud
508 2438 706 2473 mundum
740 2436 919 2473 abiectus
953 2444 989 2471 et
1013 2435 1263 2482 reprobatus,
1298 2434 1391 2468 dum
1417 2441 1552 2468 tamen

239 2505 448 2534 conservat
492 2495 741 2544 pacienciam
789 2503 826 2530 et
865 2493 1089 2537 caritatem,
1135 2493 1183 2528 de
1222 2499 1335 2528 tanto
1381 2499 1436 2526 est
1469 2492 1553 2526 Deo

309 2651 329 2670 1.
352 2642 394 2670 D:
418 2642 499 2669 Deus
519 2641 618 2675 deest3
640 2641 680 2668 ib.
695 2642 740 2668 A:
762 2639 917 2671 bonificat.
991 2647 1020 2672 4.
1041 2639 1069 2666 A
1090 2638 1119 2664 in
1141 2645 1256 2672 marg:
1286 2644 1312 2663 2.
1385 2635 1409 2663 5.
1431 2637 1475 2663 A:
1496 2635 1557 2662 sihi

236 2678 341 2705 servis.
406 2676 432 2704 8.
448 2678 476 2704 A
490 2676 520 2703 in
536 2684 650 2715 marg.3
673 2684 707 2709 ς’,-
726 2676 766 2702 ib.
782 2674 854 2702 DG:
877 2676 994 2710 regnat
1013 2673 1154 2700 dominis.
1221 2680 1248 2703 Q.
1265 2671 1339 2699 DG:
1359 2670 1414 2698 sed
1426 2674 1552 2706 quanlo.

239 2721 281 2747 10,
312 2721 344 2740 ιι.
377 2712 449 2739 DG:
483 2718 542 2747 quo
574 2727 606 2730 —
637 2718 703 2746 tpso
736 2710 831 2737 deest.
976 2716 1010 2736 ιι.
1041 2708 1083 2735 D:
1117 2705 1248 2739 desint'l‚·
1278 2706 1319 2733 ib.
1348 2705 1422 2732 DG:
1455 2705 1552 2732 accio.

238 2755 277 2775 21.
300 2747 373 2774 DG:
400 2754 419 2774 a
440 2746 534 2773 deest.
619 2753 659 2777 21,
681 2753 723 2772 22.
744 2746 789 2772 A:
816 2745 888 2780 quia
912 2760 938 2763 --
961 2746 1006 2771 eet
1025 2743 1109 2770 deest
1211 2749 1253 2775 27.
1276 2742 1304 2768 A
1324 2741 1353 2767 in
1375 2748 1489 2775 marg:
1518 2740 1551 2767 B.

239 2783 285 2810 23.
307 2782 348 2809 D:
376 2782 515 2808 racione.
588 2778 632 2807 33
653 2781 681 2808 A
702 2780 730 2807 in
753 2788 866 2814 marg:
895 2787 918 2806 l.
992 2777 1036 2813 37.
1059 2778 1100 2805 D:
1129 2776 1241 2804 mundo
1260 2776 1404 2803 abiectus.

310 2866 362 2898 31.
392 2865 443 2896 Cf.
471 2866 579 2896 Serm.
607 2874 684 2906 pars
712 2864 763 2896 ΙΙΙ,
791 2873 868 2905 pag.
897 2865 926 2895 [³¹.

1581 752 1647 780 The
1669 761 1753 780 more
1775 761 1819 780 we

1591 796 1675 814 serve
1697 787 1742 814 sin
1765 788 1813 814 the

1587 823 1647 849 less
1669 831 1713 849 we
1735 831 1820 849 serve

1662 856 1742 884 God.

1567 1853 1703 1889 Nothing
1727 1856 1778 1882 but
1794 1855 1838 1882 εἰιι

1596 1899 1651 1918 can
1674 1891 1742 1917 liurt
1765 1900 1810 1918 us.
