2062 3276
171 260 220 300 30

191 663 279 700 They
300 664 416 699 impute

178 704 209 725 ιο
230 698 299 726 God
321 699 432 733 forget-

220 734 336 761 fulness
356 741 392 760 or

245 769 367 804 apathy.

748 271 972 304 JOHANNIS
992 269 1174 304 WYCLIF
1197 272 1451 305 SERMONUM
1541 258 1692 317 [SERMO
1715 268 1764 299 ΙΠ-

456 379 618 427 implebo
651 378 759 416 illud.
794 380 848 414 Ex
882 377 1025 427 quibus
1058 378 1214 415 videtur
1247 380 1354 427 quod
1388 388 1651 427 procurantes
1685 380 1760 417 sibi

456 449 573 472 suum
605 435 911 485 appropriatum
947 436 1180 484 suffragium
1213 445 1360 473 nocent
1392 436 1525 474 invide
1556 437 1629 474 sibi
1652 437 1762 486 ipsis,

456 507 547 531 cum
580 494 725 531 caritas
769 494 819 530 sit
862 493 1059 530 extensior
1103 507 1149 530 ac
1195 493 1349 540 melior,
1396 495 1491 530 dum
1536 497 1586 531 ad
1630 496 1764 544 plures

457 552 661 600 proximos
695 551 900 598 dilatatur,
942 551 1099 588 dicente
1132 552 1329 599 Apostolo
1362 553 1471 600 quod
1515 553 1659 589 caritas
1691 566 1763 589 non

457 610 582 660 querit
613 622 683 659 que
713 623 781 646 sua
814 617 913 646 sunt.
1782 615 1797 646 5

515 670 563 704 Et
607 676 802 716 quantum
849 668 898 703 ad
942 667 1160 703 secundam
1205 666 1511 703 similitudinem
1552 667 1763 713 simialem,

458 735 567 774 patet
620 727 727 774 quod
779 737 860 761 non
912 725 1076 761 haberet
1130 725 1306 761 colorem
1360 724 1436 761 nisi
1489 726 1538 762 ab
1587 726 1764 763 heretico

458 783 691 832 imponatur
735 785 819 819 Deo
863 791 1003 819 nostro
1048 782 1197 819 oblivio
1242 782 1397 830 negocii
1442 782 1606 819 viatoris
1649 783 1764 820 cuius

458 841 691 890 suffragium
726 849 784 877 est
817 840 1060 889 condignum
1094 841 1155 877 vel
1189 840 1320 877 mocio
1344 840 1416 877 Dei
1441 842 1491 877 ad
1513 842 1592 878 tale
1625 841 1764 878 suffra-

458 899 566 947 gium
600 899 923 935 memorandum.
973 899 1050 935 Sed
1095 910 1137 934 ex
1183 898 1260 935 fide
1298 899 1397 935 tales
1430 898 1763 948 imperfecciones
1786 914 1822 934 10

457 970 539 993 non
570 965 738 1005 possunt
771 959 854 993 Deo
887 956 1090 1002 accidere;
1135 955 1226 992 ideo
1266 958 1473 993 erubescat
1507 957 1765 1005 blasphemus

458 1016 506 1052 ad
541 1017 669 1051 Deum
702 1015 800 1051 Baal
832 1014 1063 1051 oracionem
1097 1027 1210 1051 suam
1245 1013 1440 1062 dirigens;
1474 1016 1522 1051 de
1555 1028 1634 1063 quo
1668 1014 1764 1052 dicit

460 1073 604 1121 Helyas
637 1075 699 1109 ΙΙΙ.
736 1075 827 1120 Reg.
860 1073 1021 1118 XV1110‚
1046 1083 1118 1120 27:
1148 1072 1322 1109 clamate
1355 1085 1445 1109 voce
1476 1073 1635 1109 maiori.-
1658 1074 1765 1109 Deus

458 1131 555 1167 enim
591 1138 718 1167 vester
737 1131 885 1180 forsan
919 1131 1088 1179 loquitur
1119 1138 1185 1166 aut
1216 1130 1252 1166 in
1287 1131 1504 1167 diversorio
1537 1139 1592 1167 est
1632 1138 1696 1166 aut
1728 1131 1764 1166 in

459 1189 594 1225 itinere
624 1196 690 1225 aut
724 1196 826 1225 certe
859 1188 1003 1224 dormit
1035 1196 1074 1224 ut
1106 1188 1307 1225 excitetur.
1343 1190 1447 1225 Deus
1471 1197 1605 1225 autem
1630 1197 1765 1225 noster
1785 1192 1821 1224 15

460 1259 503 1283 ex
537 1247 614 1283 fide
647 1255 705 1283 est
739 1245 989 1283 condicionis
1021 1245 1134 1282 istius
1167 1247 1275 1294 quod
1307 1245 1431 1282 nichil
1464 1248 1587 1283 donat
1611 1246 1764 1283 homini

459 1304 533 1341 nisi
567 1304 677 1341 cuius
711 1303 979 1353 quantitatem
1021 1313 1057 1340 et
1097 1303 1284 1340 meritum
1325 1303 1487 1341 ordinat
1520 1304 1763 1341 eternaliter.

460 1364 573 1399 Unde
606 1364 930 1411 quandocunque
964 1361 1059 1398 dicit
1092 1361 1279 1398 ecclesia:
1313 1362 1518 1413 Exsurge,
1550 1375 1670 1411 quare
1702 1363 1765 1398 ob-

460 1421 608 1457 dormis
639 1420 817 1465 Domine,
861 1420 999 1456 inclina
1043 1432 1177 1456 aurem
1216 1427 1319 1455 tuam
1358 1421 1410 1456 ad
1442 1432 1581 1470 preces
1613 1427 1767 1456 nostras

460 1491 550 1515 cum
584 1478 658 1514 sibi
691 1477 900 1524 similibus,
946 1478 1122 1515 intencio
1168 1479 1285 1514 debet
1330 1477 1446 1526 dirigi
1491 1479 1541 1514 ad
1583 1487 1763 1515 nostram
1783 1492 1824 1513 20

460 1535 734 1573 resistenciam
771 1545 808 1573 et
852 1535 1118 1573 obstinaciam
1149 1532 1152 1588 Ι
1182 1537 1470 1581 amovendam3
1517 1544 1558 1572 ut
1603 1537 1765 1584 quando
1781 1528 1863 1591 ¹³93}

459 1607 641 1631 oramus:
687 1595 890 1645 Exsurge,
929 1606 1048 1643 quare
1086 1594 1282 1630 obdormis
1322 1594 1485 1640 domine,
1518 1593 1764 1630 intendimus
1782 1585 1844 1618 ²9³

460 1654 569 1701 quod
604 1654 708 1689 Deus
741 1652 883 1689 excitet
916 1665 1029 1689 suam
1063 1651 1280 1688 iuvativam
1320 1651 1550 1700 potenciam
1591 1653 1641 1688 ad
1681 1664 1765 1688 am-

461 1712 703 1748 movendum
756 1719 937 1747 nostram
989 1709 1361 1758 indisposicionem,
1421 1711 1470 1746 ad
1524 1710 1765 1757 capiendum

460 1768 663 1817 copiosius
686 1768 769 1805 eius
791 1767 1122 1813 illustracionem,
1156 1767 1251 1816 quia
1273 1780 1343 1816 per
1367 1767 1674 1815 prevencionem
1697 1780 1766 1804 sue
1782 1772 1822 1803 25

460 1826 593 1874 gracie
616 1834 748 1875 potest
770 1826 985 1874 disponere
1007 1838 1080 1863 nos
1103 1834 1145 1861 ut
1169 1826 1259 1873 plus
1279 1825 1339 1862 sui
1362 1825 1524 1862 luminis
1543 1825 1763 1874 capiamus.

461 1887 508 1920 Et
541 1884 596 1920 sic
630 1885 790 1933 quando
824 1897 868 1921 ex
911 1892 1049 1921 nostra
1093 1883 1318 1920 obstinacia
1363 1883 1585 1920 resistimus
1630 1883 1765 1920 divino

461 1942 666 1988 iuvamini,
710 1951 806 1979 tunc
852 1941 1023 1978 dicimus
1069 1942 1177 1990 quod
1221 1950 1435 1990 propterea
1469 1944 1574 1977 Deus
1619 1943 1765 1986 tardat,

461 2000 515 2037 sic
549 2002 657 2049 quod
691 2009 821 2036 totum
856 2001 972 2036 debet
1011 1999 1148 2036 referri
1188 2001 1237 2035 ad
1278 2009 1457 2036 nostram
1498 1998 1766 2036 obstinaciam

461 2068 497 2094 et
531 2071 611 2094 non
644 2059 694 2095 ad
727 2057 799 2094 Dei
833 2057 1043 2094 desidiam.
1080 2056 1280 2106 Quicquid
1310 2070 1403 2105 ergo
1427 2057 1521 2093 boni
1545 2056 1767 2105 accipimus
1785 2062 1826 2095 30

461 2117 510 2152 ab
544 2128 590 2152 eo
630 2117 823 2152 habemus
857 2115 923 2164 qui
958 2128 1001 2152 ex
1034 2128 1134 2164 pura
1175 2114 1309 2162 gracia
1353 2123 1536 2151 nostrum
1583 2114 1768 2151 iuvamen

462 2174 692 2210 eternaliter
714 2173 928 2210 ordinavit.
953 2173 1217 2210 Excuciamus
1241 2185 1335 2221 ergo
1359 2174 1430 2209 has
1453 2173 1595 2209 stultas
1612 2173 1768 2209 hereses

462 2231 605 2280 quibus
639 2231 819 2268 infideles
853 2232 1020 2268 credunt
1053 2233 1180 2268 Deum
1215 2230 1363 2277 doceri,
1398 2230 1559 2267 excitari
1594 2231 1652 2267 vel
1686 2243 1769 2266 mo-

461 2289 541 2326 veri
575 2302 645 2338 per
677 2289 887 2326 oraciones
920 2297 1078 2326 nostras
1123 2290 1173 2326 ad
1217 2301 1289 2325 nos
1330 2288 1496 2325 miseros
1535 2288 1768 2335 iuvandum,

463 2356 499 2383 et
531 2347 725 2384 faciamus
758 2356 869 2385 actus
893 2347 1048 2384 iusticie
1072 2360 1117 2384 ac
1140 2348 1432 2394 suspendamus
1454 2359 1566 2395 spem
1589 2355 1768 2383 nostram
1787 2348 1826 2383 35

462 2405 500 2441 in
546 2405 764 2443 clemencia
809 2404 940 2442 divine
992 2405 1279 2442 misericordie.
1340 2407 1388 2441 Et
1432 2404 1488 2441 sic
1533 2406 1770 2441 horreamus

532 2549 556 2578 3.
578 2552 621 2579 A:
643 2559 708 2579 cum
728 2551 815 2579 ritas.
889 2552 916 2578 6.
938 2551 949 2577 Ι
970 2550 999 2577 in
1022 2559 1135 2586 marg:
1155 2549 1178 2577 I.
1199 2549 1270 2578 Cor.
1291 2548 1373 2577 XIII.
1447 2558 1472 2585 7.
1492 2550 1517 2577 D
1540 2550 1569 2577 in
1591 2558 1704 2584 marg:
1727 2549 1774 2577 Aa

462 2585 635 2613 secundum.
701 2594 734 2612 ιι.
756 2586 782 2612 1:
810 2585 953 2613 accidere
971 2585 1069 2612 homo.
1133 2593 1174 2620 ις).
1195 2585 1222 2611 1:
1251 2585 1365 2612 inclina
1386 2584 1533 2616 Dom1‘›1e;
1560 2584 1585 2611 E
1604 2584 1633 2611 iu
1657 2592 1769 2619 marg:

463 2621 544 2647 Deus
564 2620 676 2647 dicitur
695 2620 870 2647 obdormire
895 2620 1062 2654 quomodo.-
1092 2620 1103 2646 Ι
1125 2619 1153 2646 in
1177 2627 1289 2653 marg:
1320 2618 1476 2646 Dormit-io
1497 2619 1557 2646 Dei
1574 2622 1605 2646 et
1621 2619 1708 2646 auris
1728 2620 1770 2646 in-

463 2655 593 2682 clinacio
624 2654 773 2689 quomodo
803 2654 889 2681 debet
919 2654 1064 2687 intelligi.
1205 2661 1245 2681 21.
1276 2654 1318 2681 D:
1352 2654 1522 2681 resistimm
1558 2654 1769 2680 obstinaciam.

463 2689 505 2715 23.
529 2689 609 2716 DEI:
632 2689 817 2719 innativanm
845 2689 856 2716 Ι
876 2697 972 2716 corin:
993 2689 1167 2716 iurativam.
1240 2688 1284 2715 28.
1305 2689 1348 2715 A:
1369 2691 1439 2715 tunc
1458 2688 1603 2719 dicimus;
1625 2688 1664 2714 ib.
1688 2687 1769 2714 DEI:

463 2723 545 2750 Deus·
564 2724 657 2750 deest.
731 2731 780 2758 29.
800 2725 843 2750 A:
871 2723 953 2757 quod
971 2725 1014 2750 sic
1034 2723 1122 2758 quod.
1196 2721 1241 2749 30.
1262 2723 1290 2750 1:
1318 2723 1535 2757 acceperimus.
1607 2721 1650 2749 33.
1672 2722 1770 2749 ADE:

462 2757 587 2790 fidelem,-
616 2758 656 2785 ib.
678 2758 689 2785 Ι
722 2758 751 2785 in
779 2765 891 2791 marg:
919 2757 1061 2792 Instdeles
1086 2757 1216 2785 credunt
1239 2757 1334 2784 Deum
1362 2757 1496 2785 excitari
1514 2765 1574 2792 per
1597 2757 1770 2784 oraciones.

465 2792 504 2820 35.
527 2792 608 2820 DEI:
637 2796 666 2819 et
683 2792 914 2827 suspendamus.

523 2886 814 2926 ‹].I.C0r.xl11‚5.
868 2887 916 2919 13.
933 2886 1278 2926 Psa1m.1.xxxx',1.
1333 2884 1380 2925 18,
1392 2895 1444 2917 22.
1458 2885 1708 2925 ΡςτςιῐιηΧΙᾸΙΙ7
1720 2886 1772 2918 23.
