2062 3276
228 1601 286 1629 We
307 1602 417 1629 should

199 1637 321 1664 confess
342 1637 444 1672 sreclv,

195 1680 227 1698 as
248 1677 278 1698 to
298 1680 358 1698 one
379 1672 450 1699 who

217 1715 270 1733 can
294 1707 363 1742 help
385 1716 431 1734 us.

749 270 973 301 JOHANNIS
992 268 1177 300 WYCLIF
1195 268 1451 300 SERMONUM
1488 255 1638 312 [SERMO
1660 264 1782 292 XXXV-

761 376 767 382 .
832 377 838 383 .
1124 375 1130 380 .
1194 374 1201 381 .
1397 374 1404 379 .
1668 375 1674 380 .
1710 374 1716 379 .
1802 346 1876 377 Fol.

476 381 627 416 fumum
661 389 862 414 oracionis
895 385 931 413 et
964 376 1236 412 confessroms.
1285 375 1593 411 ConS1deremus
1630 371 1632 427 Ῑ
1667 383 1786 422 igitur
1803 391 1882 425 322⁴

475 436 759 485 gratitudinem
795 435 866 471 Dei
898 434 1023 470 nostri
1056 434 1096 469 in
1130 432 1352 479 creacione‚
1393 432 1432 468 in
1472 433 1670 469 bonorum
1704 432 1784 468 col-

476 495 632 532 lacione
677 502 714 530 et
757 492 938 541 graciosa
981 490 1298 540 preservacione,
1349 499 1447 539 quot
1484 489 1663 538 pericula
1710 502 1786 538 que

477 553 564 590 aliis
597 565 640 589 ex
672 551 774 600 igne,
816 564 933 599 aqua,
974 550 1093 596 furto,
1127 548 1360 585 infirmitate
1393 557 1429 584 et
1463 547 1549 584 aliis
1582 548 1786 584 eventibus

477 611 708 648 acciderant
740 622 761 646 a
795 609 939 657 quibus
972 607 1160 644 omnibus
1183 609 1289 642 Deus
1322 619 1394 642 nos
1427 605 1606 654 graciose
1631 608 1819 654 preses-5

475 669 599 714 ravin
666 677 703 704 et
761 676 855 703 tunc
913 666 1156 703 attendendo
1214 673 1392 701 nostram
1454 663 1783 711 ingratitudinem

477 736 513 763 et
546 726 617 762 Dei
650 725 777 762 nostri
823 732 1099 772 contemptum
1146 722 1289 759 merito
1329 722 1368 758 in
1408 722 1596 758 lacrimas
1635 721 1786 757 doloris

477 796 790 833 erumperemus‚
823 782 977 830 peccati
1008 780 1240 828 voraginem
1275 780 1488 816 devitando
1521 788 1558 816 et
1590 779 1784 816 viciorum

478 844 685 879 horrorem
720 841 969 885 detestando,
1004 839 1075 875 Dei
1109 838 1234 875 nostri
1258 838 1496 874 immensam
1522 837 1782 874 clemenciam

477 909 513 937 et
547 898 866 936 misericordiam
907 897 1111 934 humiliter
1149 897 1406 945 postulando.
1453 895 1492 932 Si
1532 895 1635 931 enim
1676 895 1845 943 peni-10

476 960 597 995 tendo
629 956 816 1006 displices
848 956 920 992 tibi
953 955 1027 1004 ipsi
1061 956 1108 991 de
1142 956 1217 991 hoc
1250 955 1356 1002 quod
1395 953 1619 990 offenderas
1652 965 1784 1001 regem

475 1017 535 1052 vel
580 1015 787 1052 dominum
833 1023 1051 1058 terrenum,
1100 1021 1251 1061 quanto
1297 1011 1422 1060 magis
1468 1013 1515 1047 de
1560 1012 1634 1048 hoc
1680 1012 1786 1059 quod

476 1073 678 1111 offendisti
726 1072 933 1109 dominum
988 1070 1245 1107 dominorum
1297 1069 1368 1105 tibi
1415 1068 1786 1117 graciosissimum?

478 1134 588 1178 Item,
621 1131 652 1168 si
676 1143 720 1167 ex
744 1143 865 1179 parva
890 1130 1007 1178 culpa
1030 1128 1221 1178 peniteas,
1246 1137 1398 1176 quanto
1423 1126 1549 1174 magis
1572 1139 1615 1163 ex
1639 1127 1784 1164 delicto

478 1190 652 1227 maximo
686 1197 826 1226 contra
859 1188 1009 1224 Deum?
1044 1189 1154 1232 Item,
1190 1186 1221 1222 si
1256 1198 1298 1222 ex
1337 1185 1551 1222 amissione
1585 1187 1782 1222 bonorum
1806 1188 1842 1220 15

476 1248 647 1286 fortune.
682 1246 865 1284 amicicie
897 1246 957 1282 vel
990 1254 1132 1282 nature
1165 1243 1357 1293 peniteaS,
1397 1252 1548 1292 quanto
1582 1243 1708 1291 magis
1742 1255 1785 1279 ex

477 1305 692 1343 amissione
725 1306 923 1341 bonorum
958 1302 1114 1352 gracie?
1147 1305 1222 1339 Iste
1255 1310 1428 1350 quatuor
1461 1301 1665 1338 evidencie
1698 1314 1783 1338 rno-

477 1373 612 1400 verent
636 1373 673 1400 te
696 1364 746 1400 ad
770 1362 1071 1409 recogitandum
1098 1373 1170 1409 pro
1195 1360 1265 1396 Dei
1299 1361 1451 1396 honore
1484 1371 1623 1396 omnes
1656 1372 1782 1396 annos

479 1435 568 1458 cum
614 1420 784 1457 Ezechia
828 1421 864 1456 in
907 1420 1167 1456 amaritudine
1203 1418 1328 1454 anime
1364 1426 1443 1454 tue.
1496 1419 1545 1453 Et
1579 1426 1784 1454 moverent

479 1482 528 1516 ad
569 1481 685 1528 plane
731 1478 1003 1515 confitendum
1044 1477 1083 1513 in
1118 1489 1211 1513 casu
1245 1480 1302 1521 (ut
1335 1484 1445 1524 patet
1485 1475 1594 1521 alibi)
1636 1475 1783 1511 Christi
1803 1487 1844 1508 20

477 1538 627 1574 vicario
661 1537 770 1574 racio
803 1536 1012 1582 naturalis,
1046 1544 1278 1583 preceptum
1320 1533 1486 1570 ecclesie
1526 1542 1563 1569 et
1597 1533 1783 1569 meritum

477 1595 724 1632 obediencie.
779 1596 871 1630 Ideo
923 1593 1014 1630 talis
1059 1592 1226 1641 quilibet
1280 1603 1525 1640 cognoscens
1577 1590 1782 1639 propriam

477 1653 746 1701 indigenciam
776 1653 836 1689 vel
869 1652 1066 1688 defectum
1102 1651 1332 1687 ostenderet
1364 1649 1474 1686 illam
1500 1649 1655 1697 potenti
1688 1650 1785 1685 rele-

475 1724 618 1748 vamen
651 1710 839 1755 tribuere,
873 1710 975 1746 sicut
999 1718 1107 1758 patet
1141 1710 1188 1745 de
1212 1709 1296 1756 lege
1319 1717 1461 1744 nature
1485 1707 1620 1743 bestiis
1643 1707 1782 1743 indita.

477 1771 554 1807 Sed
596 1769 763 1818 quilibet
807 1777 996 1816 peccator
1040 1768 1234 1804 accedens
1279 1767 1327 1802 ad
1367 1767 1617 1802 sacerdotem
1666 1766 1785 1801 habet
1803 1767 1842 1799 25

477 1828 674 1864 defectum
723 1826 940 1863 maximum
988 1834 1025 1861 et
1070 1834 1155 1873 eget
1200 1823 1399 1860 iuvamine
1444 1825 1552 1872 quod
1598 1825 1785 1859 sacerdos

475 1894 606 1934 potest
650 1884 724 1921 sibi
770 1882 1131 1920 instrumentaliter
1176 1882 1372 1927 conferre,
1418 1894 1511 1929 ergo
1551 1882 1669 1917 debet
1709 1880 1783 1917 sibi

474 1943 753 1980 necessitatem
788 1955 900 1979 suam
935 1942 1158 1978 ostendere.
1193 1939 1323 1977 Maior
1346 1948 1454 1988 patet
1478 1941 1526 1976 de
1550 1938 1685 1975 bestiis
1708 1951 1784 1987 que

475 2002 637 2047 famem,
653 2000 825 2037 insultus
850 2009 887 2037 et
902 2008 1147 2036 nocumenta
1164 1999 1343 2035 clamore
1361 1997 1535 2034 naturali
1554 1998 1783 2043 ostendunt,

475 2069 516 2096 ut
549 2059 640 2096 inde
674 2067 909 2095 moveantur
942 2056 1133 2094 animalia
1166 2069 1235 2093 sue
1258 2055 1405 2104 speciei
1436 2056 1496 2091 vel
1530 2054 1694 2091 alterius
1728 2054 1783 2091 eis
1801 2058 1843 2090 30

475 2129 721 2154 succurrere.
768 2119 816 2152 Et
856 2116 988 2152 minor
1021 2124 1130 2163 patet
1164 2127 1206 2151 ex
1240 2113 1337 2159 fide;
1381 2126 1475 2150 nam
1516 2112 1710 2161 apostolis
1747 2122 1783 2148 et

474 2175 750 2212 sacerdotibus
775 2187 911 2210 eorum
937 2172 1236 2210 successoribus
1261 2171 1369 2208 dedit
1393 2171 1575 2207 Christus
1608 2179 1782 2219 potesta-

474 2242 552 2269 tem
578 2232 728 2280 ligandi
761 2241 881 2280 atque
904 2230 1082 2268 solvendi
1107 2229 1422 2266 ministerialiter
1446 2238 1483 2265 et
1506 2228 1783 2265 commutandi

474 2300 682 2339 tamquam
707 2289 855 2327 Christi
886 2288 1044 2326 vicariis
1077 2301 1219 2336 penam
1254 2287 1294 2323 in
1327 2299 1420 2323 casu
1455 2290 1512 2327 (ut
1544 2294 1653 2335 patet
1686 2285 1783 2322 alias

475 2348 514 2385 in
538 2348 701 2397 speciali
734 2356 907 2384 tractatu
939 2346 1053 2383 istius
1086 2345 1280 2391 materie),
1314 2354 1547 2393 perpetuam
1574 2344 1614 2380 in
1638 2356 1781 2392 penam
1800 2346 1840 2378 35

544 2515 563 2534 1.
588 2506 628 2533 H:
656 2514 744 2542 ergo.
852 2514 880 2538 4.
902 2506 947 2533 A:
966 2505 1038 2540 fuit
1047 2505 1163 2540 sur-lm
1188 2503 1261 2531 DG:
1280 2504 1385 2538 sucta.
1493 2502 1517 2529 5.
1540 2501 1583 2529 H:
1611 2501 1781 2529 acciderat.

473 2543 500 2568 (ι.
524 2541 567 2568 G:
590 2544 619 2568 et
636 2541 689 2568 sic.
755 2549 781 2575 7.
803 2540 846 2567 G:
868 2543 1048 2575 conlqvium.
1114 2547 1153 2566 ιο,
1176 2538 1219 2566 G:
1237 2538 1406 2573 poscendo.
1473 2545 1514 2569 14.
1536 2538 1580 2564 A:
1602 2536 1716 2563 lterum
1736 2543 1782 2562 ex.

474 2581 515 2603 m.
537 2575 580 2603 H:
609 2576 719 2602 delicto
739 2590 771 2594 —
791 2583 829 2602 ex
848 2575 942 2602 deest.
1052 2583 1089 2608 17-
1112 2574 1136 2600 l)
1158 2574 1186 2600 in
1209 2581 1322 2608 marg:
1354 2572 1517 2607 Confessio
1537 2571 1626 2598 habet
1643 2570 1715 2602 sieri
1733 2578 1783 2597 ra-

473 2612 560 2638 cione
576 2610 716 2645 precepti
733 2610 858 2637 ecclesie
878 2612 906 2636 el
926 2609 1030 2636 meriti
1053 2608 1238 2636 obediencie.
1348 2615 1386 2641 ¹7⁷
1409 2608 1448 2634 ιδ’.
1477 2607 1521 2633 A:
1548 2608 1706 2632 moverunt
1731 2604 1782 2631 ad.

474 2646 512 2672 18.
537 2645 576 2672 H:
599 2653 664 2672 cum
684 2645 819 2677 lmnore;
839 2644 879 2671 ib.
902 2644 976 2671 ltG:
998 2652 1100 2670 omnes
1119 2643 1211 2670 alios.
1284 2649 1321 2669 ει.
1345 2642 1415 2668 HG:
1439 2641 1627 2672 raciotmlis‚·
1646 2640 1686 2667 ib.
1708 2639 1781 2666 Do:

472 2680 629 2707 naturalis
649 2679 741 2706 deest.
832 2686 875 2706 22.
897 2678 1000 2705 ADG:
1027 2678 1123 2705 Racio
1144 2678 1235 2705 talis:
1261 2676 1304 2703 G:
1331 2677 1403 2704 talis
1444 2676 1550 2707 uibar,-
1575 2675 1614 2702 ib.
1639 2674 1680 2700 H:
1709 2682 1782 2709 eog-

472 2722 599 2741 nascens
618 2722 715 2740 suam.
790 2712 822 2740 23
854 2715 896 2740 (iz
919 2713 1054 2740 evidere!
1073 2713 1177 2739 illam:
1197 2713 1240 2739 A:
1262 2712 1328 2738 illa.
1402 2711 1443 2741 ε’,
1459 2718 1504 2743 24.
1520 2711 1563 2737 A:
1587 2709 1784 2737 relevamini:

474 2750 514 2776 H:
538 2749 742 2776 relevamine:
762 2748 803 2775 l),-
825 2748 911 2775 debet
929 2748 1093 2774 ostendere
1112 2747 1196 2773 illam
1217 2746 1380 2773 secundum
1400 2745 1483 2780 quui
1496 2747 1595 2780 patet.
1668 2752 1714 2776 24.
1737 2743 1781 2769 G:

473 2784 528 2811 sed
543 2786 636 2818 patet.
710 2791 755 2817 27.
776 2783 849 2809 lm:
872 2783 983 2817 igilur.
1056 2781 1101 2809 30.
1123 2781 1166 2808 (j.-
1188 2781 1263 2807 eius.

548 2902 596 2933 19.
624 2890 675 2921 Cf.
702 2890 761 2923 ΕΖ.
787 2889 921 2930 XXVII,
950 2890 1002 2921 ¹31.
