2062 3276
165 684 239 716 Fol.

159 733 239 774 291c

203 892 240 912 10

203 1170 239 1203 15

203 2334 242 2368 35

201 2638 246 2668 40

254 247 389 276 smmo
410 237 448 295 1.]
737 251 927 290 QUARTA
958 252 1082 283 inias.

254 365 412 394 nostras
446 369 614 394 evacuas
648 365 716 393 aut
750 369 981 394 commoves
1014 357 1054 394 in
1087 358 1216 395 verbis
1249 358 1350 395 alios
1384 370 1425 395 ut
1454 372 1565 396 sane-

257 428 357 462 mur,
392 414 510 452 irasci
543 415 727 451 volumus
763 424 799 451 et
844 416 1050 452 residuum
1097 416 1262 453 ecclesie
1308 419 1565 463 conturbare,

255 473 357 510 sicut
395 473 591 521 contingit
631 474 740 521 quod
779 472 819 509 in
852 473 992 510 diebus
1032 473 1190 511 creticis
1235 476 1399 523 quando
1443 476 1565 512 homo

255 531 502 568 convertitur
524 532 574 568 ad
597 530 811 568 sanitatem
841 533 901 568 vel
935 540 1122 577 mortem,
1156 531 1371 569 infirmitas
1404 534 1566 570 acucius

255 589 474 635 invalescit,
519 590 587 626 sed
627 598 737 637 patet
770 601 814 626 ex
848 590 921 627 hae
955 589 1213 627 conclusione
1246 592 1423 628 secunda
1457 592 1565 640 quod

255 647 512 695 perturbacio
560 659 775 695 regnorum
825 657 903 684 stat
951 648 991 684 in
1040 657 1207 696 peccato
1255 648 1453 686 induratis
1499 649 1566 698 qui

254 706 395 742 nolunt
429 704 633 742 humiliter
665 718 687 742 a
720 705 916 743 fermento
948 706 1071 743 veteri
1100 703 1104 760 Ι
1135 706 1357 755 expurgari.

313 765 361 800 Et
394 775 437 800 ex
470 763 555 800 istis
588 772 724 812 posset
756 763 883 800 fidelis
908 764 1035 813 magis
1058 765 1262 813 loquendo
1286 766 1336 802 ad
1360 765 1566 802 hominem

255 834 432 858 asserere
463 821 558 858 satis
591 821 789 858 catholice
833 824 941 871 quod
987 824 1036 859 ad
1080 823 1378 871 pacificandum
1411 824 1472 860 vel
1504 836 1566 860 sa-

254 881 433 917 nandum
479 879 690 916 ecclesiam
736 889 896 928 oportet
940 880 997 917 uti
1049 881 1225 918 naturali
1281 881 1483 918 medicina
1529 890 1566 918 et

256 937 398 975 ordine
431 937 471 974 in
505 938 722 975 sanacione
755 938 929 975 hominis
962 938 1171 976 infirmati.
1217 940 1318 976 Cum
1364 939 1470 976 enim
1509 952 1568 976 se-

256 997 431 1033 cundum
466 996 760 1033 Crisostomum
807 997 936 1033 clerus
981 997 1021 1033 in
1066 997 1197 1045 regnis
1242 997 1292 1034 sit
1336 999 1567 1034 stomachus

255 1054 322 1103 qui
356 1056 474 1091 debet
506 1054 715 1103 spirituale
748 1054 986 1092 alimentum
1022 1054 1202 1104 digerere
1235 1064 1273 1092 et
1307 1055 1382 1092 toti
1406 1056 1567 1092 residuo

256 1113 438 1161 corporis
471 1125 704 1161 preparare,
738 1121 848 1161 patet
871 1115 979 1162 quod
1002 1113 1136 1162 primo
1160 1113 1341 1150 omnium
1366 1116 1568 1151 sanandus

257 1180 315 1208 est
355 1170 419 1208 hic
457 1172 690 1208 stomachus
724 1170 819 1220 quia
853 1173 995 1218 clerus,
1030 1181 1067 1209 et
1101 1185 1192 1209 cum
1226 1172 1332 1209 idem
1357 1172 1485 1209 clerus
1518 1172 1567 1209 sit

257 1230 480 1266 secundum
514 1229 719 1266 racionem
753 1229 873 1266 aliam
908 1239 1028 1279 caput
1063 1230 1244 1279 corporis
1290 1230 1456 1267 ecclesie
1489 1230 1569 1267 sive

256 1287 380 1336 regni,
415 1300 495 1336 quo
534 1300 651 1324 sensu
691 1296 728 1324 et
767 1287 973 1325 intellectu
1004 1288 1160 1337 vigente
1204 1288 1245 1324 in
1289 1288 1420 1337 capite
1453 1290 1570 1325 debet

258 1345 520 1382 conformiter
569 1347 619 1382 ad
663 1346 788 1393 legem
832 1346 902 1383 Dei
948 1359 1084 1395 regere
1132 1346 1263 1395 ipsum
1304 1359 1486 1395 regnum,
1532 1355 1569 1383 et

258 1416 349 1440 cum
383 1403 432 1440 sit
466 1405 693 1440 membrum
718 1403 842 1441 alcius
866 1407 1001 1454 quoad
1025 1407 1167 1450 Deum,
1203 1406 1320 1441 debet
1343 1404 1568 1442 invasiones

257 1461 421 1498 hostiles
444 1461 665 1499 distancius
698 1462 896 1510 speculari
930 1472 967 1499 et
1000 1476 1022 1500 a
1055 1462 1233 1511 periculo
1266 1462 1448 1499 subditos
1481 1475 1569 1512 pre-

259 1519 427 1556 munire.
463 1522 596 1568 Ipsum
632 1533 726 1568 ergo
760 1530 882 1570 caput
913 1520 1177 1570 principalius
1226 1530 1283 1557 est
1328 1522 1567 1567 sanandum,

257 1578 350 1627 quia
383 1578 415 1614 si
447 1579 586 1615 oculus
618 1580 802 1616 turbatus
835 1579 952 1616 fuerit
985 1580 1148 1628 pulvere
1180 1579 1467 1628 temporalium
1502 1579 1569 1616 fiet

258 1649 386 1682 cecus,
421 1645 457 1673 et
490 1636 521 1673 si
555 1646 675 1685 caput
707 1637 928 1674 bestialiter
960 1637 1219 1675 declinaverit
1250 1650 1386 1674 versus
1418 1647 1566 1674 terram

259 1704 295 1732 et
327 1707 408 1732 non
440 1704 616 1732 erectum
650 1695 768 1732 fuerit
801 1697 851 1732 acl
885 1695 1047 1733 celestia
1080 1695 1183 1733 sicut
1207 1695 1403 1742 Christus,
1437 1696 1566 1733 solum

258 1762 418 1790 terrena
450 1753 624 1802 sapiens,
648 1766 728 1790 non
753 1753 826 1790 erit
850 1754 1015 1791 ecclesie
1038 1755 1268 1803 speculator
1292 1755 1341 1791 ab
1365 1754 1568 1799 hereticis;

261 1824 354 1859 ergo
387 1811 427 1848 in
459 1813 670 1848 stomacho
704 1821 741 1848 et
775 1811 905 1860 capite
938 1822 1145 1861 oporteret
1184 1811 1361 1861 incipere
1400 1814 1450 1849 ad
1484 1825 1568 1860 reg-

257 1883 353 1906 num
398 1870 458 1907 vel
504 1870 713 1907 ecclesiam
761 1872 1075 1919 expurgandum,
1121 1870 1350 1920 specialiter
1395 1883 1484 1907 cum
1530 1870 1570 1907 in

259 1929 366 1965 clero
399 1928 476 1965 sint
509 1928 635 1976 magis
668 1928 886 1976 periculosi
922 1929 1101 1966 heretici.

318 1988 430 2023 Unde
465 1987 523 2034 (ut
555 1986 618 2023 hic
651 1999 836 2035 suppono
871 1999 913 2024 ex
937 1987 1053 2024 dictis
1077 1987 1189 2035 alibi)
1215 1986 1346 2023 omnis
1371 1986 1569 2023 hereticus

202 2046 216 2077 ζ’
258 2053 316 2081 est
347 2044 605 2091 simoniacus,
639 2054 826 2093 apostata
857 2046 918 2082 vel
951 2046 1223 2094 blasphemus,
1263 2053 1300 2081 et
1333 2057 1569 2093 correspon-

259 2104 399 2139 denter
430 2102 674 2151 principales
708 2103 873 2140 heretici
905 2112 996 2140 sunt
1029 2105 1077 2140 de
1109 2103 1235 2140 tribus
1268 2102 1450 2152 partibus
1474 2102 1569 2140 cleri

259 2161 399 2208 nostri,
444 2170 487 2197 ut
519 2162 566 2198 de
611 2161 857 2199 secularibus
890 2162 1135 2208 simoniacis,
1181 2163 1229 2198 de
1261 2161 1569 2210 possessionatis

259 2219 509 2268 regularibus
543 2228 750 2268 tamquam
785 2220 980 2269 apostatis
1014 2229 1050 2257 et
1083 2221 1131 2257 de
1165 2219 1487 2257 mendicantibus
1509 2220 1570 2256 vel

260 2278 527 2326 blasphemis;
561 2279 667 2314 unde
701 2278 732 2314 si
756 2291 922 2327 regnum
948 2287 1130 2315 nostrum
1154 2279 1257 2315 foret
1282 2279 1399 2327 plene
1422 2279 1471 2315 ab
1495 2277 1570 2315 hiis

259 2335 385 2372 tribus
431 2335 615 2373 hereticis
660 2345 938 2385 expurgatum,
982 2337 1085 2374 foret
1135 2336 1409 2385 propinquum
1450 2336 1570 2373 statui

261 2393 496 2431 innocencie
529 2403 565 2431 et
599 2407 783 2431 securum
819 2408 841 2432 a
879 2395 1189 2444 perturbacione
1233 2394 1468 2443 multiplicis
1512 2394 1571 2431 in-

260 2452 391 2498 imici;
437 2454 542 2489 unde
586 2452 764 2501 religiosi
808 2453 953 2502 privati
997 2462 1089 2490 sunt
1132 2463 1174 2490 ut
1213 2462 1386 2502 quatuor
1417 2452 1570 2490 semina

262 2510 415 2547 maiora
448 2520 485 2547 et
518 2519 692 2559 quatuor
714 2511 868 2548 semina
892 2511 1064 2558 minora,
1099 2524 1174 2560 que
1197 2512 1417 2548 secundum
1441 2511 1570 2560 philo-

261 2570 410 2617 sophos
454 2578 545 2605 sunt
588 2570 704 2606 valde
750 2569 960 2607 diuretica.
1015 2572 1198 2615 Quatuor
1244 2578 1377 2606 autem
1418 2569 1571 2606 semina

262 2626 417 2664 maiora
450 2636 541 2664 sunt
574 2627 763 2664 monachi
796 2627 899 2676 nigri
933 2637 970 2664 et
1003 2627 1083 2665 albi
1117 2637 1154 2665 et
1188 2627 1371 2665 canonici
1403 2626 1507 2676 nigri
1531 2636 1568 2664 et

262 2685 354 2731 albi,
402 2694 575 2734 quatuor
619 2694 753 2723 autem
800 2686 958 2723 minora
1002 2686 1154 2723 semina
1198 2687 1286 2735 plus
1331 2694 1448 2723 acuta
1480 2694 1571 2722 sunt

329 2818 354 2846 3.
383 2820 428 2847 A:
457 2823 488 2847 et
512 2819 609 2853 sicut;
637 2820 677 2847 ib.
708 2820 969 2860 eret-icisrrecte:
998 2820 1147 2860 criticis„
1265 2820 1289 2849 5.
1319 2820 1359 2848 F:
1389 2820 1448 2847 hac
1476 2820 1570 2846 deest.

258 2862 299 2919 ἒξ
320 2853 470 2919 ξετιριὶιῗοῂά
479 2862 626 2917 &ensa-38
656 2855 1018 2926 Ρ.ι9ᾁαιᾶιίιινιαέ;ογιὶιὲἶένξτ
1045 2863 1228 2883 mansmnes.
1337 2862 1383 2889 24.
1404 2855 1449 2884 A:
1476 2854 1568 2888 solus.

296 2910 301 2916 .
378 2911 384 2923 ,
445 2911 451 2916 .
512 2910 518 2916 .
631 2910 636 2915 .
691 2911 697 2917 .
1004 2911 1009 2916 .

1642 494 1709 522 The
1730 499 1795 522 true

1607 529 1779 556 disturbers
1799 530 1833 557 os

1604 564 1652 591 the
1674 564 1767 591 realm
1789 573 1838 591 arc

1607 600 1656 626 the
1677 599 1831 626 hardencd

1651 633 1783 661 sinners.

1633 772 1797 807 Purgation

1608 807 1717 834 should
1739 806 1827 842 begin

1581 841 1653 869 with
1675 842 1724 869 the
1745 842 1856 878 clergy.

1590 1991 1692 2019 Three
1712 1992 1802 2020 kinds
1822 1993 1856 2020 of

1591 2027 1720 2054 heretics
1740 2036 1854 2063 among

1628 2061 1677 2089 the
1697 2062 1816 2099 clergy:

1639 2167 1806 2195 simoniacs

1646 2203 1797 2236 seculars;

1646 2241 1801 2272 apostatos.

1598 2272 1844 2307 possessioners;

1617 2307 1830 2342 blasphemers

1622 2342 1823 2370 mendicants.

1593 2574 1660 2602 The
1679 2574 1787 2602 orders
1809 2582 1859 2602 are

1622 2610 1680 2637 like
1701 2608 1830 2648 di11rctic

1665 2652 1779 2679 grains.
