2062 3276
206 259 280 306 148

216 439 283 467 The
305 438 456 466 ‘virtuous

210 473 345 501 woman*
366 473 392 500 is
412 473 461 500 the

230 508 366 539 Cliurch,
388 508 446 535 and

225 544 331 571 Christ
351 543 376 570 is
397 543 450 570 her

263 577 413 605 husband.

202 1078 261 1107 We
282 1083 364 1106 must
385 1079 475 1105 know

264 1115 346 1141 what
365 1114 414 1141 the

221 1149 344 1176 Church
366 1149 402 1181 is,
424 1156 459 1175 or

212 1193 258 1211 we
278 1188 390 1211 cannot
410 1184 476 1210 love

251 1220 305 1246 her
325 1227 358 1246 as
379 1227 424 1245 wc

290 1254 395 1287 ought.

257 1603 318 1631 She
339 1602 364 1629 is
386 1601 435 1628 the

218 1638 318 1665 whole
340 1637 421 1672 body
443 1636 477 1663 of

206 1673 255 1700 the
268 1672 482 1706 predestinate.

212 2239 280 2267 Tlie
304 2238 428 2266 Church
450 2238 475 2265 is

274 2273 422 2302 scattered

228 2317 249 2337 1.
271 2317 304 2336 as
325 2314 354 2335 to
376 2308 471 2343 place.

777 264 1000 297 JOHANNIS
1018 262 1202 295 WYCLIF
1222 261 1477 293 SERMONUM
1515 247 1666 305 [SERMO
1688 257 1797 285 XVIII.

489 371 649 408 Christo
682 383 830 419 sponso
865 369 1029 407 ecclesie
1063 378 1099 406 et
1133 377 1272 405 sancta
1307 377 1434 405 matre
1459 366 1626 404 ecclesia
1650 378 1798 415 sponsa

488 442 572 467 sua.
606 429 785 466 Ecclesia
818 437 951 465 autem
992 436 1049 464 est
1083 428 1154 464 hec
1200 426 1343 462 mulier
1388 425 1501 462 fortis
1546 434 1584 462 et
1617 424 1799 461 Christus

489 496 546 524 est
585 487 731 524 nobilis
776 499 946 535 sponsus
990 498 1103 531 suus;
1149 484 1281 533 primo
1327 496 1420 532 ergo
1466 483 1596 532 querit
1641 482 1799 531 sapiens

489 558 559 594 per
601 547 765 582 modum
812 543 1035 593 questionis
1080 544 1161 593 quis
1193 543 1357 579 inveniet
1389 543 1485 578 hanc
1506 541 1700 590 feminam
1745 539 1801 576 sic

490 603 738 652 dispersam?
784 604 882 639 Cum
930 602 1036 638 enim
1082 600 1213 638 omnis
1259 599 1522 648 congregacio
1555 597 1833 647 predestina-5

490 671 623 699 torum
657 661 706 698 sit
739 669 876 697 sancta
911 669 1038 697 mater
1071 658 1239 696 ecclesia
1272 668 1309 695 et
1352 658 1408 694 illi
1454 655 1717 706 predestinati
1763 656 1802 691 in

490 720 590 766 celo,
626 719 665 756 in
698 718 932 768 purgatorio
968 727 1005 755 et
1038 717 1078 754 in
1110 726 1248 754 nostra
1281 716 1491 753 habitabili
1525 715 1603 752 sint
1633 712 1802 762 dispersi

491 787 528 815 et
575 778 631 814 illi
677 789 788 814 more
834 776 1038 825 spicarum
1085 783 1176 824 post
1222 775 1461 811 messionem
1507 772 1719 821 autumpni
1764 771 1803 807 in

492 836 626 873 multis
671 834 1056 884 congregacionibus
1102 833 1311 870 hominum
1360 832 1436 869 sint
1482 832 1597 868 valde
1642 829 1722 867 rari
1767 837 1804 865 et

490 894 606 931 nobis
650 893 789 942 ignoti,
843 892 1090 941 pertinenter
1135 891 1316 941 queritur
1359 891 1441 940 quis
1493 890 1655 926 inveniet
1708 888 1862 924 hanam

492 953 691 989 mulierem
725 951 780 988 sic
815 950 1061 998 incognitam
1096 958 1133 986 et
1167 949 1403 998 dispersam,
1451 957 1487 985 et
1536 949 1594 995 (ut
1632 946 1804 991 videtur)

491 1010 682 1060 supponit
715 1018 757 1046 ut
791 1009 910 1045 fidem
945 1008 1043 1045 istos
1078 1007 1280 1056 coniuges.

551 1068 648 1113 Quis
671 1081 768 1116 rogo
791 1067 893 1103 foret
916 1067 1043 1103 fidelis
1067 1065 1133 1115 qui
1156 1079 1237 1102 non
1260 1073 1519 1113 cognosceret
1542 1063 1659 1100 istam
1685 1062 1804 1098 fidem

492 1127 685 1164 creditam
711 1128 759 1162 de
782 1125 856 1163 ista
882 1124 1067 1170 muliere,
1093 1137 1182 1161 cum
1208 1123 1352 1171 singuli
1376 1122 1619 1160 confitentur
1644 1122 1806 1158 credere

493 1185 701 1222 ecclesiam
736 1193 917 1220 sanctam
953 1182 1222 1219 catholicam?
1261 1183 1339 1218 Aut
1378 1181 1584 1230 quomodo
1625 1178 1861 1227 diligeret15

493 1244 609 1280 istam
646 1242 867 1288 mulierem,
903 1241 969 1290 qui
1009 1253 1096 1277 eam
1130 1242 1178 1277 ab
1212 1239 1300 1276 aliis
1332 1238 1503 1276 nesciret
1538 1235 1806 1285 distinguere?

493 1304 571 1338 Aut
593 1301 718 1338 tercio
738 1301 944 1349 quomodo
967 1300 1114 1336 zelaret
1137 1311 1210 1347 pro
1234 1297 1484 1334 libertatibus
1507 1297 1567 1333 vel
1590 1293 1806 1344 privilegiis

494 1360 610 1396 huius
656 1358 820 1395 ecclesie
860 1357 927 1407 qui
959 1370 1041 1394 non
1074 1365 1335 1404 cognosceret
1369 1354 1464 1404 quid
1498 1363 1555 1391 est
1589 1354 1668 1399 illa,
1715 1365 1806 1389 cum

494 1419 715 1455 secundum
760 1416 1024 1465 philosophos
1070 1414 1219 1451 noticia
1265 1413 1472 1462 quiditatis
1516 1410 1684 1449 subiecti
1717 1422 1806 1459 pre-

496 1476 664 1524 exigitur
708 1484 799 1512 ante
842 1473 1034 1511 noticiam
1080 1471 1291 1521 passionis.
1345 1471 1456 1508 Sicut
1500 1470 1620 1518 igitur
1674 1476 1807 1505 errant
1824 1478 1866 1500 20

496 1533 661 1571 heretici
695 1533 735 1569 in
769 1532 941 1569 materia
974 1533 1021 1568 de
1055 1530 1252 1580 quiditate
1286 1529 1451 1566 ecclesie
1476 1527 1681 1566 Christum
1716 1539 1806 1563 cum

498 1592 661 1629 diabolo
696 1593 999 1639 desponsantes‚
1033 1589 1089 1625 sic
1122 1588 1313 1624 nimirum
1348 1596 1482 1624 errant
1505 1586 1545 1623 in
1570 1584 1737 1622 materia
1762 1585 1810 1620 de

498 1649 750 1699 passionibus
785 1648 923 1685 matris
957 1647 1134 1684 ecclesie.
1168 1648 1394 1683 Teneamus
1426 1645 1547 1693 igitur
1582 1644 1690 1692 quod
1722 1641 1808 1679 uni-

498 1708 662 1746 versitas
695 1707 1062 1756 predestinatorum
1098 1714 1134 1742 et
1166 1705 1297 1741 nullus
1332 1703 1597 1752 prescitorum
1645 1709 1702 1738 est
1748 1712 1809 1737 ec-

499 1766 619 1804 clesia
654 1775 782 1802 mater
814 1773 965 1801 nostra.
1826 1758 1865 1791 25

557 1823 774 1873 Supposito
809 1836 903 1871 ergo
938 1823 1013 1858 hoc
1039 1820 1219 1857 subiecto
1243 1820 1426 1869 procedit
1449 1820 1656 1864 Salomon,
1680 1817 1810 1854 decla-

496 1884 623 1920 rando
669 1882 801 1931 primo
846 1881 951 1917 istud
997 1879 1242 1927 coniugium,
1287 1879 1463 1915 secundo
1503 1876 1585 1914 eius
1631 1875 1809 1912 officium

496 1950 533 1978 et
577 1940 702 1977 tercio
756 1939 839 1976 eius
891 1937 1141 1987 preconium.
1196 1938 1296 1973 Cum
1351 1945 1484 1972 autem
1534 1933 1717 1971 Christus
1761 1932 1812 1969 sit

497 1998 685 2036 dominus
719 1997 833 2034 fortis
869 2006 906 2033 et
939 2005 1083 2045 potens
1117 1995 1156 2031 in
1189 1994 1329 2043 prelio,
1365 2002 1474 2042 patet
1509 1994 1617 2042 quod
1651 1999 1812 2040 oportet

497 2057 627 2106 ipsum
662 2057 809 2093 habere
844 2054 1050 2091 mulierem
1085 2054 1229 2090 fortem
1271 2053 1310 2088 in
1350 2051 1584 2100 coniugem3
1630 2062 1702 2086 nec
1742 2050 1812 2085 du·
1829 2050 1871 2083 30

498 2115 606 2152 bium
641 2114 738 2163 quin
776 2125 895 2149 nemo
929 2111 1004 2149 nisi
1036 2111 1094 2148 vir
1128 2111 1243 2148 huius
1278 2109 1458 2158 coniugis
1490 2109 1551 2146 vel
1584 2120 1627 2145 ex
1659 2106 1812 2144 noticia

498 2186 618 2222 quam
652 2172 736 2221 ipse
771 2170 979 2208 donaverit
1012 2171 1114 2206 hanc
1148 2169 1356 2205 mulierem
1391 2166 1539 2217 poterit
1563 2165 1752 2202 invenire.

556 2233 626 2267 Est
659 2238 792 2267 autem
833 2229 974 2277 procul
1018 2228 1153 2277 quoad
1198 2228 1346 2272 locum,
1393 2225 1528 2274 quoad
1572 2233 1730 2272 tempus
1775 2231 1812 2258 et

500 2290 634 2338 quoad
667 2286 1001 2336 disposicionem3
1036 2286 1169 2334 quoad
1203 2285 1351 2327 locum,
1386 2296 1475 2320 cum
1500 2295 1579 2319 una
1602 2294 1694 2330 pars
1728 2279 1811 2317 eius

499 2347 719 2384 secundum
753 2346 916 2393 angelos
948 2353 985 2381 et
1017 2345 1154 2380 beatas
1187 2342 1342 2380 animas
1366 2342 1415 2379 sit
1438 2341 1478 2377 in
1504 2341 1603 2385 celo,
1638 2339 1812 2376 secunda
1829 2338 1870 2371 35

499 2418 591 2454 pars
624 2404 664 2441 in
698 2403 933 2452 purgatorio
969 2411 1006 2439 et
1039 2401 1165 2439 tercia
1211 2413 1302 2450 pars
1348 2399 1528 2448 dispersa
1574 2398 1613 2434 in
1657 2396 1812 2441 seculo;

570 2559 589 2578 1.
613 2550 655 2577 G:
678 2548 808 2577 ecclesia
830 2548 924 2575 deest.
986 2546 1013 2575 8.
1037 2546 1080 2573 G:
1101 2554 1215 2573 amore.
1278 2552 1305 2579 9.
1329 2543 1372 2572 G:
1393 2547 1471 2571 sunt.
1529 2542 1567 2571 13.
1587 2544 1632 2571 A:
1657 2540 1814 2579 Quomodo

502 2593 602 2622 rogo:
629 2584 672 2611 G:
703 2584 769 2619 Quo
789 2591 879 2619 rogo.
1006 2590 1047 2613 ¹4-
1069 2582 1113 2610 A:
1141 2579 1320 2614 confitemur
1340 2579 1443 2606 credo.
1570 2578 1612 2605 16.
1632 2578 1678 2605 A:
1705 2577 1813 2612 ipsam.

501 2628 546 2648 20.
567 2621 611 2648 A:
633 2619 720 2646 Sicut
737 2625 825 2658 ergo.
881 2624 924 2643 22.
947 2616 991 2643 G:
1011 2615 1237 2651 desponsantis.
1294 2613 1335 2641 23.
1351 2615 1395 2641 A:
1418 2612 1526 2640 matris
1546 2616 1670 2644 ποεῖν-ε,-
1689 2611 1728 2638 ib.
1745 2611 1769 2639 E
1783 2611 1812 2638 in

502 2663 617 2683 marm:
641 2654 831 2682 L'niversnas
840 2651 1122 2687 predestinatorum
1137 2653 1183 2677 est
1194 2649 1329 2677 ecclesia.
1398 2647 1443 2682 30,
1459 2647 1497 2675 31.
1514 2647 1582 2674 DE:
1604 2645 1813 2674 dubitandum.

501 2689 540 2752 ῗι.
561 2675 639 2717 KG:
659 2687 743 2724 quod
761 2695 858 2714 nemo.
931 2685 973 2713 33.
996 2684 1095 2713 DEG:
1118 2688 1148 2712 et
1165 2684 1267 2716 deest:
1288 2684 1328 2711 ib.
1350 2683 1375 2710 E
1394 2683 1423 2710 in
1446 2690 1561 2718 marg:
1582 2681 1695 2708 Procul
1714 2679 1817 2716 quoad

514 2732 609 2752 ocum.

574 2805 602 2829 2.
644 2794 694 2828 Cf.
728 2794 987 2836 exposicionem
1020 2793 1062 2824 de
1093 2798 1208 2823 sancta
1241 2796 1348 2822 matre
1386 2789 1531 2821 ecclesia
1570 2788 1604 2819 in
1641 2786 1729 2819 libro
1763 2787 1814 2818 De

503 2842 668 2881 Ecclesia,
687 2851 760 2882 cap.
774 2841 845 2879 XX,
864 2850 941 2882 pag.
955 2847 1148 2881 471—490.
1250 2836 1298 2868 15.
1318 2835 1369 2869 Cf.
1388 2836 1439 2867 De
1456 2835 1623 2874 Ecclesia,
1641 2843 1719 2875 pag.
1740 2843 1767 2872 1,
1784 2842 1813 2865 2.

509 2899 558 2932 19.
584 2888 635 2919 De
660 2886 764 2927 Eccl.y
791 2897 868 2928 pag.
897 2895 926 2917 2.
