2062 3276
197 898 236 918 10

197 1176 233 1209 15

255 255 390 282 SERMO
412 245 492 301 xx]
732 257 922 297 QUARTA
952 257 1077 288 PARS.

255 364 363 412 pedit
397 364 579 400 homines
612 377 694 401 non
727 376 984 411 cognoscere,
1029 376 1166 411 ymmo
1201 365 1306 399 Deus
1347 363 1377 399 si
1411 363 1466 400 sic
1500 363 1567 400 illa

255 431 515 470 cognosceret
548 422 586 458 in
620 435 660 459 se
708 422 924 458 vilesceret.
972 423 1020 457 Et
1065 421 1141 457 isto
1186 422 1306 457 modo
1353 420 1448 457 dicit
1480 422 1566 457 Yob

253 481 361 528 quod
401 481 553 530 pepigit
588 481 712 529 fedus
749 492 833 516 cum
873 479 994 515 oculis
1031 479 1122 524 suis,
1169 487 1208 514 ut
1255 492 1326 515 non
1375 479 1567 530 cogitaret

252 538 402 587 quidem
437 539 484 574 de
517 539 680 590 virgine.
728 537 942 586 Sapiencia
988 550 1083 585 ergo
1127 536 1307 574 increata
1348 546 1406 574 θεῖ
1439 546 1567 574 mater

252 596 467 646 agnicionis
493 597 661 645 pulchre
692 603 726 632 et
757 596 1082 645 supernaturalis,
1123 608 1213 632 curn
1247 607 1410 632 omnem
1444 596 1565 632 talem

252 654 445 690 noticiam
480 654 611 690 influit
643 653 683 690 in
716 653 855 690 beatis.
892 655 939 688 Et
963 665 1005 689 ex
1031 653 1106 690 ista
1139 653 1374 701 triplicitate
1399 654 1565 702 pulchre

252 711 420 748 infertur
464 713 571 760 quod
619 712 725 748 dicta
771 711 985 760 Sapiencia
1031 720 1088 748 est
1143 720 1270 748 mater
1317 721 1454 749 sancte
1505 712 1566 748 vel

253 770 365 806 firme
398 770 480 818 spei
517 769 776 806 beatitudinis
810 769 1064 818 possidende.

1779 247 1852 294 169

310 830 465 874 Quarto
498 828 679 877 sequitur
710 828 749 863 in
785 827 1143 864 commendacione
1184 827 1299 864 huius
1333 827 1614 875 Sapiencie2111
1634 834 1781 863 wis-dom
1804 844 1855 863 are

252 886 292 921 In
326 899 385 922 me
416 887 538 922 omnis
569 887 708 937 gracia
742 887 799 922 vie
831 893 865 922 et
898 886 1085 932 veritatis,
1130 887 1165 922 in
1211 899 1270 922 me
1314 886 1436 922 omnis
1479 898 1566 935 Spes

251 944 324 980 vite
346 952 381 981 et
405 944 569 980 virtutis.
604 947 705 981 Nam
729 945 816 980 Joh.
842 946 891 989 10,
924 957 969 990 14
994 944 1140 981 dicitur
1164 945 1211 980 de
1241 944 1327 992 ipsa
1352 943 1566 992 Sapiencia

251 1004 359 1050 quod
393 1012 450 1039 est
477 1003 594 1052 plena
626 1003 764 1053 gracie
795 1010 830 1038 et
863 1002 1048 1038 veritatis.
1083 1004 1130 1038 Et
1152 1003 1239 1040 Joh.
1264 1003 1385 1049 X1V0‚
1422 1004 1443 1038 6
1470 1002 1566 1039 dicit

251 1062 390 1097 eadem
425 1060 658 1108 Sapiencia:
704 1061 795 1111 Ego
827 1073 910 1096 sum
953 1061 1025 1106 via,
1073 1061 1215 1096 veritas
1259 1068 1295 1096 et
1339 1061 1429 1106 vita,
1474 1060 1565 1097 ideo

249 1131 340 1155 vere
384 1128 422 1156 et
466 1118 714 1167 pertinenter
759 1117 855 1155 dicit
898 1117 986 1167 ipsa
1028 1117 1242 1167 Sapiencia
1286 1120 1394 1167 quod
1439 1118 1479 1154 in
1521 1131 1566 1155 ea

252 1186 310 1213 est
343 1177 465 1213 omnis
496 1178 635 1227 gracia
670 1178 727 1213 vie
771 1178 821 1213 ad
866 1176 1053 1224 patriam,
1102 1189 1191 1213 cum
1237 1176 1286 1213 sit
1329 1176 1474 1213 veritas
1507 1177 1565 1212 di-

251 1235 355 1271 centi
399 1244 610 1284 coequata.
656 1237 704 1271 Et
748 1248 818 1283 per
862 1234 968 1271 idem
1015 1248 1105 1272 cum
1146 1234 1348 1271 mediante
1387 1234 1463 1271 ista
1496 1237 1565 1271 Sa-

251 1293 408 1341 piencia
448 1293 659 1330 incarnata
702 1292 918 1329 dimittitur
959 1294 1077 1342 culpa
1110 1292 1329 1330 commissa
1361 1293 1402 1329 in
1435 1295 1563 1330 Deum

251 1360 288 1387 et
321 1364 392 1400 per
424 1351 553 1400 ipsam
587 1365 746 1400 passam
781 1351 1013 1388 humanitus
1058 1360 1101 1387 ut
1147 1352 1268 1388 homo
1315 1351 1565 1388 beatificetur

250 1409 289 1445 in
323 1409 468 1458 patria,
515 1410 720 1458 signanter
753 1409 899 1446 dicitur
933 1411 1041 1458 quod
1086 1410 1121 1446 in
1161 1423 1204 1447 ea
1237 1417 1292 1446 est
1325 1410 1447 1446 omnis
1479 1422 1566 1459 spes

252 1468 326 1504 vite
370 1468 410 1504 in
452 1468 584 1516 patria
628 1476 662 1504 et
702 1468 876 1504 veritatis
908 1476 990 1504 tam
1024 1468 1064 1504 in
1097 1468 1159 1505 via
1192 1480 1313 1516 quam
1346 1468 1386 1504 in
1419 1467 1563 1516 patria,

250 1538 340 1562 cum
374 1525 424 1562 sit
447 1525 520 1562 Dei
552 1525 676 1563 virtus
710 1535 747 1562 et
770 1526 843 1562 Dei
875 1526 1098 1574 sapiencia3
1133 1535 1170 1563 et
1202 1526 1257 1562 sie
1291 1535 1348 1563 est
1380 1526 1421 1562 in
1443 1527 1564 1562 verbo

250 1584 321 1620 Dei
354 1584 477 1621 omnis
507 1585 646 1635 gracia
681 1585 738 1621 vie
781 1584 822 1621 in
868 1584 1048 1621 moribus
1082 1594 1118 1621 et
1150 1584 1330 1621 veritatis
1362 1586 1565 1621 noscende

248 1641 287 1678 in
317 1642 680 1690 speculacionibus,
728 1651 764 1679 et
810 1655 880 1691 per
924 1643 1056 1691 ipsum
1104 1653 1146 1680 ut
1194 1642 1461 1680 mediatorem
1508 1651 1565 1679 est

249 1701 371 1737 omnis
402 1713 488 1750 spes
520 1701 598 1738 vite
632 1700 789 1738 celestis
823 1703 1098 1750 recuperande
1132 1710 1168 1738 et
1200 1701 1357 1738 virtutis
1381 1714 1425 1738 ex
1447 1701 1564 1749 lapsu

249 1759 404 1806 perdite
450 1759 711 1805 restituende‚
758 1759 852 1808 quia
898 1769 954 1796 est
1003 1760 1280 1797 Samaritanus
1326 1759 1563 1797 semivivum

249 1829 393 1853 sanans
425 1821 483 1862 (ut
516 1826 626 1865 patet
660 1820 766 1854 Luce
798 1819 883 1863 XO).

307 1875 457 1920 Quinto
491 1875 587 1912 dicit
621 1877 760 1912 eadem
796 1875 1030 1924 Sapiencia:
1062 1877 1239 1912 Transite
1270 1877 1322 1912 ad
1353 1888 1412 1912 me
1435 1888 1565 1912 omnes

248 1933 312 1981 qui
342 1934 609 1982 concupiscitis
642 1947 700 1970 me
733 1941 768 1970 et
799 1947 819 1969 a
851 1935 1173 1984 generaciom'bus
1214 1935 1308 1971 meis
1339 1934 1561 1983 implemini.

249 1992 348 2027 Cum
396 1991 501 2028 enim
548 1991 654 2028 dicta
687 1991 901 2040 Sapiencia
946 1993 995 2029 sit
1039 1992 1186 2029 veritas
1232 2005 1308 2041 que
1354 2001 1410 2029 est
1444 1995 1563 2037 Deus,

191 2050 207 2081 ’5
248 2048 376 2097 ipsam
411 2049 650 2086 naturaliter
690 2063 830 2086 omnes
876 2051 1059 2087 homines
1106 2051 1411 2099 concupiscunt,
1458 2052 1564 2087 unde

249 2107 458 2155 dampnati
512 2109 688 2156 quodam
743 2109 929 2156 appetitu
981 2108 1206 2145 insaciabili
1260 2118 1296 2146 et
1349 2110 1564 2156 languente

249 2165 415 2213 cupiunt
455 2165 652 2214 implicite
689 2169 856 2204 verbum
898 2167 981 2204 Dei.
1029 2168 1128 2204 Cum
1170 2176 1303 2204 autem
1343 2167 1474 2215 ipsum
1515 2166 1565 2203 sit

247 2223 488 2260 immensum
531 2233 567 2260 et
607 2224 768 2273 ubique,
816 2234 925 2274 patet
965 2227 1073 2274 quod
1112 2225 1259 2274 ubique
1300 2234 1357 2262 est
1388 2225 1450 2262 via
1483 2238 1565 2262 non

247 2281 526 2318 irrecientibus
560 2295 600 2319 se
634 2283 741 2331 ipsos
766 2285 815 2320 ad
839 2283 968 2332 ipsam
990 2283 1244 2332 Sapienciam
1270 2284 1563 2332 attingendum.

191 2341 224 2372 5
247 2339 318 2376 Vie
351 2349 486 2377 autem
521 2340 700 2389 predicte
733 2351 825 2378 sunt
865 2341 1016 2379 scilicet
1057 2341 1240 2390 cognicio
1276 2351 1312 2379 et
1345 2355 1461 2379 amor
1493 2354 1564 2390 per

247 2411 346 2446 quas
370 2399 560 2435 debemus
585 2399 841 2447 Sapienciam
867 2400 994 2448 ipsam
1020 2400 1228 2449 attingere.
1255 2403 1297 2437 In
1321 2400 1407 2449 ipsa
1430 2408 1564 2438 autem

316 2552 341 2578 7.
364 2544 431 2571 DE:
456 2544 621 2580 Sapiencia
637 2545 730 2572 deest.
806 2546 841 2579 15,
860 2546 899 2572 16.
916 2546 984 2573 DE:
1001 2547 1104 2581 primo
1121 2547 1243 2574 dicenti.
1317 2555 1361 2575 22.
1379 2547 1446 2574 DE:
1468 2548 1566 2575 omnis

245 2581 367 2610 omnz‘a‚·
396 2579 436 2606 ib.
458 2579 482 2606 E
504 2580 533 2606 in
556 2588 666 2613 marg:
694 2581 802 2615 gracie
825 2581 872 2607 vie
891 2584 922 2608 et
939 2582 1088 2608 vernalis.
1206 2590 1250 2617 27.
1278 2582 1420 2610 Transitc
1437 2583 1481 2610 ad
1499 2591 1563 2614 me,-

247 2614 295 2640 hic
322 2614 458 2649 sequitur
485 2614 514 2641 in
536 2615 604 2641 cod.
626 2615 651 2642 E
677 2616 824 2643 diffusum
852 2615 1097 2643 additamentum
1127 2617 1163 2644 ad
1192 2617 1272 2644 hunc
1299 2625 1475 2644 sermonem
1503 2625 1564 2644 non

247 2649 414 2683 pertinens,
437 2649 519 2684 quod
541 2649 665 2684 incipit:
697 2649 842 2686 Officium
861 2650 1042 2678 sacerdotis.
1066 2650 1106 2679 Et
1123 2651 1193 2679 hinc
1211 2652 1304 2679 credo
1323 2651 1406 2687 quod
1424 2660 1518 2687 reges
1537 2655 1566 2680 et

240 2683 399 2718 principes
425 2684 455 2710 in
480 2692 590 2718 penam
612 2686 737 2719 peccati
763 2685 918 2719 reciproci
937 2707 942 2712 .
959 2706 965 2711 .
983 2706 1010 2712 ..
1040 2685 1187 2721 Explicit:
1214 2690 1423 2721 suspectorum
1448 2686 1567 2723 afferre

245 2718 327 2744 illius
353 2721 437 2745 taum
464 2718 617 2756 stipendia
647 2720 782 2754 copiosa.
818 2721 904 2753 Quae
935 2720 1045 2747 rectius
1076 2720 1104 2747 in
1133 2721 1233 2756 prima
1263 2726 1348 2757 parte
1377 2724 1563 2749 Sermonum

247 2753 398 2779 habentur
418 2758 445 2780 et
465 2753 602 2780 invenies
625 2754 642 2780 Ι.
665 2762 689 2781 c.
713 2763 780 2789 pag.
803 2754 865 2787 383,
888 2756 904 2782 1.
929 2754 1061 2790 19j385.
1084 2756 1101 2783 1.
1125 2765 1164 2783 10.
1285 2755 1332 2784 36.
1354 2756 1377 2784 E
1398 2757 1426 2784 in
1449 2765 1562 2791 marg:

247 2788 443 2823 Sapienciam
464 2796 521 2823 quc
541 2791 586 2815 est
603 2788 685 2816 Deus
705 2797 809 2817 omncs
829 2791 965 2817 homines
985 2791 1208 2826 concupiscunt.

315 2884 344 2915 3.
369 2883 445 2915 Job.
471 2884 572 2923 XXX,
597 2895 622 2916 1.
724 2896 772 2917 io,
799 2886 904 2918 Eccli.
930 2886 1048 2925 XXIV,
1077 2885 1130 2918 25.
1229 2896 1281 2928 27.
1309 2886 1353 2919 ib.
1386 2886 1438 2918 20.

1606 871 1643 897 ull
1663 879 1752 905 grace
1773 871 1832 898 and

1674 906 1763 941 hope.

1608 1881 1754 1909 XVisdom
1776 1882 1826 1909 the

1598 1917 1719 1952 highest
1738 1917 1835 1951 object

1639 1952 1673 1979 of
1690 1952 1799 1980 desire.
