2062 3276
214 269 288 317 1⁷78

784 276 1008 308 JOHANNIS
1025 275 1210 307 WYCLIF
1229 274 1485 307 SERMONUM
1558 260 1709 318 [SERMO
1730 270 1810 298 XXI·

207 392 233 420 It
253 391 485 427 {saprophecy
498 382 764 431 Apocalypsis
800 382 883 431 (qui
920 382 1206 430 interpretatur
1230 380 1442 428 revelacio)
1478 389 1686 429 tamquam
1719 378 1810 415 ulti-

215 427 250 454 of
265 426 348 453 what
368 434 432 452 was
453 430 483 452 to

265 461 354 488 befall
376 460 426 487 the

227 496 351 523 Church
374 503 415 530 up
435 499 467 523 to

256 531 307 557 the
327 530 386 566 day
406 530 441 557 of

261 565 430 600 judgment.

262 600 330 627 The
352 600 432 627 book

219 635 473 697 ἒῖῗέἔῑίηἳὲξοέζ

281 712 405 733 causes:

241 921 261 941 1.
282 913 331 940 the
352 912 454 940 divine

287 952 406 982 nature,

211 990 235 1010 2.
257 983 307 1010 the
329 982 472 1010 assumed

262 1017 430 1053 manhood‚

239 1086 263 1115 3.
285 1087 334 1115 the
355 1087 453 1122 angel,

278 1271 308 1296 4.
328 1261 419 1290 John.

500 454 609 477 mum
649 441 847 490 scripture
892 452 1004 477 sacre
1044 449 1081 476 et
1119 439 1320 476 sufficiens
1366 438 1723 487 complementum.
1769 438 1811 472 In

499 512 578 548 quo
618 507 811 536 notantur
850 498 1023 536 maiores
1064 506 1225 535 eventus
1265 496 1432 534 ecclesie
1472 509 1494 532 a
1527 504 1711 544 tempore
1750 507 1810 531 as-

499 557 697 594 censionis
742 569 867 605 usque
900 558 951 593 ad
985 556 1091 592 diem
1135 555 1285 592 iudicii.
1332 556 1483 591 Auctor
1516 563 1651 591 autem
1696 552 1810 589 istius

499 615 589 652 libri
612 615 777 651 indubie
799 614 872 650 fuit
897 616 1014 660 Deus,
1044 613 1136 650 licet
1161 615 1333 662 quadam
1360 612 1608 661 specialitate
1628 611 1810 650 Christus

499 686 589 710 cum
626 673 709 710 eius
744 672 995 708 humanitate
1026 671 1199 708 Johanni
1232 671 1503 720 paranimpho
1527 682 1597 718 per
1622 669 1807 717 angelum

498 743 635 768 sensus
670 731 766 767 istos
801 729 1061 778 propheticos
1095 729 1302 775 revelavit3
1338 738 1375 765 et
1398 728 1453 765 sic
1477 737 1585 765 stans
1613 728 1714 764 liber
1736 726 1810 763 iste

499 789 600 826 sicut
633 797 867 836 tetragonus
900 787 984 824 sine
1015 787 1214 835 vituperio
1238 795 1412 835 quatuor
1434 785 1686 823 substancias
1709 793 1810 821 tam-

498 860 619 896 quam
653 856 827 895 quatuor
860 858 999 882 causas
1033 845 1174 891 innuit,
1216 845 1368 881 scilicet
1405 853 1592 881 naturam
1634 843 1807 880 divinam

499 917 575 953 que
609 913 666 941 est
698 904 828 953 prima
853 904 1083 940 substancia
1107 903 1298 948 increata,
1334 911 1371 938 et
1394 902 1462 939 illa
1486 911 1543 939 est
1567 901 1655 938 finis
1680 901 1810 938 cuius-

498 963 593 999 libet
638 962 694 999 rei
741 963 937 1010 producte
982 963 1032 998 ad
1080 970 1199 998 extra.
1249 962 1434 997 Secunda
1479 959 1708 996 substancia
1754 967 1811 995 est

499 1021 729 1057 humanitas
769 1029 974 1068 assumpta
1018 1028 1226 1068 tamquam
1273 1031 1395 1055 causa
1435 1017 1611 1054 efficiens
1649 1029 1809 1054 sensum

498 1079 619 1115 istum
654 1078 938 1127 propheticum
973 1086 1009 1114 et
1042 1078 1234 1114 revelans.
1268 1076 1413 1113 Tereia
1447 1089 1567 1112 causa
1601 1084 1808 1123 tamquam

498 1137 679 1173 formalis
713 1146 771 1173 est
805 1135 1036 1173 substancia
1069 1135 1197 1183 angeli
1231 1135 1416 1171 ordinate
1440 1134 1619 1171 revelans
1637 1132 1809 1170 Johanni

499 1203 662 1232 eventus
695 1195 851 1231 futuros
886 1193 1052 1230 ecclesie
1085 1194 1307 1230 secundum
1342 1193 1514 1229 formam
1549 1204 1670 1240 quam
1704 1193 1809 1227 Deus

499 1253 572 1289 sibi
606 1253 847 1301 dignabatur
887 1253 1075 1288 revelare.
1117 1253 1269 1297 Quarta
1307 1263 1401 1288 vero
1441 1263 1561 1287 causa
1600 1258 1809 1297 tamquam

500 1310 718 1347 materialis
743 1319 800 1347 est
824 1309 1056 1346 substancia
1070 1309 1263 1346 Johannis
1287 1317 1497 1357 tamquam
1517 1308 1634 1344 istam
1655 1319 1810 1344 succes-

499 1369 623 1406 sivam
644 1368 951 1417 impressionem
971 1367 1248 1416 propheticam
1270 1366 1493 1415 intelligens
1514 1375 1550 1403 et
1568 1365 1808 1402 subiectans.

500 1428 592 1463 Ideo
637 1426 784 1463 dicitur
829 1426 1073 1475 principium
1121 1425 1237 1462 huius
1282 1425 1372 1461 libri
1416 1424 1678 1476 Apocalypsis
1720 1423 1809 1459 Jesu

505 1485 653 1521 Clu-isti
689 1497 801 1534 quam
842 1485 946 1521 dedit
984 1484 1041 1520 illi
1073 1484 1180 1520 Deus
1213 1483 1347 1532 palam
1383 1484 1526 1532 facere
1567 1481 1690 1518 servis
1733 1481 1810 1516 suis

500 1555 570 1591 que
602 1550 754 1592 oportet
774 1543 873 1592 fieri
903 1543 975 1578 cito
1007 1549 1043 1578 et
1074 1541 1308 1592 significavit
1341 1541 1492 1576 mittens
1519 1552 1594 1589 per
1625 1539 1810 1589 angelum

499 1613 608 1636 suum
641 1613 754 1637 servo
786 1613 854 1636 suo
875 1600 1053 1636 Johanni.
1088 1599 1193 1635 Dicit
1226 1611 1319 1646 ergo
1353 1599 1460 1647 quod
1484 1600 1589 1634 Deus
1621 1596 1811 1645 magister

500 1658 676 1706 optimus
708 1659 941 1708 significavit
973 1656 1215 1694 humanitati
1240 1656 1386 1693 Christi
1410 1665 1619 1705 tamquam
1645 1654 1812 1692 dictanti

500 1725 537 1752 et
569 1717 710 1764 angelo
744 1725 953 1764 tamquam
987 1714 1348 1752 instrumentaliter
1382 1713 1579 1751 exhibenti
1608 1725 1721 1749 servo
1743 1725 1811 1749 suo

488 1775 606 1825 fideli
624 1775 792 1810 Johanni
822 1787 892 1823 que
925 1781 1076 1823 oportet
1095 1774 1194 1823 fieri
1223 1773 1311 1820 cito,
1344 1772 1438 1821 quia
1472 1785 1561 1809 cum
1595 1772 1700 1807 mille
1721 1770 1813 1807 anni

499 1832 573 1868 sint
617 1832 679 1868 isti
726 1833 878 1868 auctori
919 1840 1113 1881 tamquam
1163 1832 1243 1867 dies
1287 1831 1464 1867 hesterna
1510 1842 1580 1879 que
1617 1829 1811 1879 preteriit,

502 1899 610 1938 patet
634 1891 742 1939 quod
775 1902 914 1926 omnes
949 1899 1111 1926 eventus
1144 1888 1266 1926 futuri
1299 1900 1425 1937 usque
1459 1890 1509 1925 ad
1542 1887 1648 1924 diem
1671 1885 1810 1923 iudicii

501 1957 592 1984 sunt
615 1949 700 1992 cito,
731 1947 824 1996 quia
847 1948 1082 1984 immediate
1105 1947 1253 1984 noticie
1277 1946 1450 1992 deitatis,
1475 1955 1512 1982 et
1537 1958 1626 1982 cum
1650 1953 1811 1993 oportet

502 2006 589 2054 ipsa
634 2006 732 2051 fieri,
779 2015 888 2054 patet
932 2019 1070 2042 eorum
1116 2004 1333 2042 necessitas
1380 2017 1423 2041 ex
1468 2002 1811 2040 determinacione

502 2073 640 2100 eterna
663 2064 836 2100 auctoris
859 2063 1104 2101 invariabilis
1128 2073 1165 2100 et
1187 2061 1482 2108 infrustrabilis‚
1518 2070 1554 2098 et
1578 2060 1715 2098 omnia
1737 2060 1812 2097 ista

503 2123 715 2158 redderent
755 2121 999 2170 discipulum
1039 2121 1155 2158 huius
1193 2120 1284 2157 libri
1323 2120 1493 2157 docilem
1528 2128 1564 2156 et
1597 2127 1809 2156 attentum.

560 2178 761 2217 Perhibuit
792 2187 917 2216 autem
945 2180 1138 2215 Jolzamzes
1159 2179 1282 2229 fidele
1313 2178 1568 2214 testimonium
1603 2177 1813 2213 divinitatis

503 2240 561 2285 (ut
594 2246 703 2286 patet
733 2239 821 2274 Joh.
857 2240 908 2285 10)
951 2250 1021 2286 per
1061 2239 1198 2273 decem
1243 2236 1521 2273 conclusiones
1567 2248 1664 2283 quas
1704 2247 1812 2271 com-

503 2295 694 2344 pendiose
728 2304 764 2332 et
797 2295 945 2332 seriose
978 2295 1154 2344 applicat
1185 2295 1305 2330 Verbo
1338 2294 1432 2335 Dei‚·
1470 2293 1651 2342 perhibet
1685 2292 1810 2329 eciam

501 2354 702 2390 Johannes
742 2354 856 2390 fidele
890 2353 1166 2390 testimonium
1206 2351 1468 2388 humanitatis
1500 2350 1620 2387 Verbi
1659 2350 1700 2386 in
1738 2349 1812 2386 hiis

503 2423 720 2461 quecunque
766 2412 859 2447 vidit
903 2413 952 2448 ad
998 2420 1172 2448 mentem
1214 2411 1273 2447 vel
1319 2410 1480 2446 oculum
1526 2408 1708 2457 explicite
1752 2407 1813 2444 vel

503 2469 710 2518 implicite,
744 2478 939 2518 quantum
973 2478 1029 2506 est
1063 2468 1330 2506 necessarium
1357 2467 1519 2504 ecclesie
1545 2465 1746 2513 militanti,
1770 2473 1814 2502 ut

572 2626 600 2655 6.
621 2626 689 2654 DE:
712 2634 776 2654 cum
797 2635 830 2654 ce
850 2626 913 2660 (sic)
938 2626 1138 2653 humanitate.
1211 2625 1238 2653 8.
1259 2625 1283 2652 E
1310 2625 1339 2652 iu
1367 2632 1479 2659 marg:
1505 2623 1643 2659 Qualuor
1662 2631 1752 2651 cause
1769 2630 1814 2650 se·

503 2661 631 2689 cundum
652 2665 784 2697 quatuor
802 2661 991 2688 substancias
1010 2663 1190 2698 tanguntur.
1265 2660 1306 2687 16.
1328 2659 1412 2687 DEI:
1439 2659 1633 2692 dignabitur.
1707 2666 1746 2693 17.
1767 2658 1812 2685 A:

503 2699 599 2723 totam
618 2697 716 2723 istam.
790 2696 831 2723 25.
853 2696 877 2723 E
897 2695 927 2723 in
949 2703 1015 2722 mar
1040 2705 1063 2722 .:
1088 2695 1163 2722 Cito.
1236 2696 1282 2721 20.
1303 2695 1331 2721 1:
1359 2698 1419 2721 tam
1446 2701 1513 2720 uam
1534 2694 1627 2720 deest.
1700 2691 1745 2719 30.
1767 2693 1811 2719 A:

503 2731 722 2762 innarrabilis;
745 2730 784 2757 ib.
801 2731 840 2757 E:
862 2703 1095 2757 inscustrafiilis.
1152 2728 1194 2756 32.
1215 2728 1401 2763 AD:fidele
1442 2733 1520 2762 cest;
1540 2728 1580 2755 ib.
1602 2727 1625 2755 E
1645 2727 1675 2754 in
1697 2735 1811 2761 marg:

507 2765 723 2792 Testimonium
742 2765 908 2798 Jolzmmis;
933 2765 974 2791 ib.
996 2765 1065 2792 DE:
1092 2764 1234 2795 deitatis;
1262 2763 1290 2791 I:
1318 2764 1411 2790 deest.
1552 2761 1595 2790 33.
1617 2762 1645 2789 1:
1672 2765 1703 2789 et
1715 2764 1812 2797 patet.

503 2799 549 2828 36.
570 2801 615 2828 A:
643 2808 701 2836 que
721 2800 805 2827 vidit.
879 2799 924 2836 37.
946 2800 974 2826 I:
1003 2800 1050 2827 vel
1067 2802 1224 2834 quantum.

578 2905 625 2939 ¹9-
654 2896 761 2937 Apoc.
788 2895 809 2934 Ι,
836 2905 861 2926 1.
975 2894 1026 2927 23.
1055 2894 1180 2927 Psalm.
1210 2893 1385 2933 LXXXIX,
1411 2903 1444 2934 4.
1558 2893 1611 2925 32.
1638 2892 1703 2933 Ap.
1730 2891 1753 2932 Ι,
1781 2901 1810 2924 2.

1832 915 1870 936 10

1830 1194 1866 1226 15

1828 2065 1870 2097 30

1830 2352 1869 2385 35
