2062 3276
215 251 350 283 sl-:RMO
370 240 424 302 ιι]
682 258 727 300 Qt
738 261 873 293 imm
904 260 1028 294 mus.

212 372 299 400 ture
343 365 487 402 habeat
539 378 767 404 sermonem
822 381 843 405 a
896 369 1018 406 fratre
1072 370 1344 418 compositum
1400 382 1522 421 atque

212 430 405 470 emptum,
446 423 485 460 in
518 437 597 472 quo
631 425 769 462 laudes
804 426 979 464 defuncti
1013 439 1106 476 sepe
1141 429 1389 465 mendaciter
1422 431 1521 467 reci-

210 487 356 516 tentur.
411 480 488 517 Sed
533 482 628 530 quid
673 484 748 520 hoc
792 496 890 532 rogo
934 486 985 521 ad
1031 485 1217 522 meritum
1266 487 1415 523 mortui
1460 490 1521 525 vel

209 536 400 574 viventis?
432 540 614 576 Mortuus
648 540 753 577 enim
788 542 1020 589 pertransiit
1053 552 1201 580 statum
1237 545 1431 591 merendi,
1465 546 1521 583 sic

177 596 316 642 5quod
362 595 393 632 si
437 596 560 633 frater
604 610 674 646 per
718 598 968 648 impossibile
1007 600 1157 638 diceret
1190 601 1274 638 sine
1307 604 1520 640 mendacio

208 651 383 700 singulas
406 654 545 692 laudes
569 668 672 702 suas,
707 656 831 693 nichil
854 657 929 694 sibi
954 667 991 694 et
1016 659 1178 705 merito;
1214 669 1367 708 quanto
1394 661 1520 709 magis

208 722 298 746 cum
344 720 526 749 mortuus
571 713 700 750 fuerit.
757 716 857 751 Cum
903 725 1036 758 autem
1083 717 1240 766 empcio
1286 719 1519 766 symoniaca

207 767 400 805 intoxicat
432 778 646 820 utramque
679 781 834 819 partem
876 783 914 810 et
955 776 1124 811 mendax
1163 776 1351 813 laudacio
1393 777 1520 814 inficit

208 827 375 863 multam
420 828 592 876 plebem,
641 839 750 878 patet
798 840 946 880 quante
994 832 1084 869 talis
1129 833 1360 881 predicacio
1405 836 1519 872 obest

153 897 190 917 10
205 883 440 922 viventibus.

262 944 309 978 Et
342 952 536 991 quantum
570 946 620 981 ad
653 947 874 982 secundum
916 948 963 984 de
1004 948 1208 995 conviviis,
1254 958 1365 997 patet
1410 951 1517 998 quod

204 1008 345 1037 contra
365 1001 614 1049 evangelium
638 1003 938 1052 insolenciores,
965 1005 1137 1043 diciores
1163 1016 1199 1043 et
1223 1006 1343 1044 amici
1368 1009 1516 1044 mortui

203 1058 479 1096 convivantur.
533 1061 611 1097 Sed
657 1061 754 1110 quid
798 1063 875 1099 hoc
921 1064 972 1099 ad
1018 1064 1207 1100 meritum
1254 1065 1515 1113 convivantis,

203 1127 291 1151 cum
319 1118 424 1153 Luce
447 1119 569 1164 X1V0,
601 1129 764 1166 12—14
788 1120 885 1157 dicit
909 1120 1111 1159 Christus:
1141 1123 1237 1158 Cum
1261 1124 1371 1172 facis
1394 1137 1516 1173 pran-

148 1173 304 1209 15dium
343 1182 410 1210 aut
448 1188 594 1223 cenam,
634 1178 713 1213 noli
744 1190 885 1215 vocare
923 1180 1067 1216 amicos
1099 1188 1184 1217 tuos
1218 1193 1335 1230 neque
1357 1183 1518 1231 fratres

200 1238 285 1268 tuos
316 1245 434 1282 neque
465 1242 652 1285 cognatos
685 1248 801 1285 neque
832 1236 974 1274 vicinos
1005 1250 1123 1287 neque
1155 1239 1305 1284 divites,
1339 1253 1384 1276 ne
1403 1241 1519 1289 forte

200 1297 235 1325 et
268 1290 341 1339 ipsi
371 1299 406 1327 te
439 1292 642 1329 reinvitent
674 1301 709 1330 et
728 1294 807 1344 fiat
839 1295 907 1331 tibi
940 1296 1161 1332 retribucio.
1196 1297 1273 1333 Sed
1303 1310 1387 1333 cum
1407 1299 1517 1347 sacis

201 1348 431 1396 convivium,
465 1362 557 1386 voca
574 1363 770 1401 pauperes
794 1353 948 1399 debiles,
973 1354 1146 1402 claudos,
1168 1367 1297 1400 cecos,·
1328 1364 1363 1392 et
1385 1357 1518 1392 beatus

199 1405 289 1451 eris,
323 1407 409 1454 quia
447 1420 520 1444 non
563 1409 701 1445 habent
744 1411 844 1446 unde
885 1412 1100 1449 retribuere
1143 1412 1219 1448 tihi.
1265 1414 1517 1450 Retribuetur

142 1474 184 1496 20
199 1463 296 1499 enim
329 1464 397 1500 tibi
427 1465 462 1501 in
497 1467 788 1504 resurreccione
820 1469 1022 1507 iustorum.
1071 1470 1277 1519 Numquid
1313 1472 1514 1509 credimus

200 1531 430 1559 executores
464 1536 580 1571 posse
614 1527 804 1562 excedere
836 1526 963 1575 legem
1000 1527 1097 1564 Dei?

258 1581 463 1625 Quantum
497 1583 548 1618 ad
580 1583 751 1620 tercium
784 1584 937 1621 scilicet
971 1585 1306 1623 distribucionem
1330 1587 1512 1635 pecunie,

200 1646 310 1685 patet
352 1640 461 1687 quod
499 1641 646 1677 nedum
686 1651 743 1678 est
782 1642 889 1679 fraus
934 1652 971 1680 et
1014 1643 1241 1693 ineptitudo
1281 1644 1322 1681 in
1359 1645 1436 1681 illis
1474 1645 1514 1682 in

199 1696 342 1743 quibus
376 1696 418 1733 fit
451 1697 700 1745 distribucio,
735 1701 803 1736 sed
835 1700 940 1749 sapit
975 1702 1244 1739 communiter
1278 1703 1439 1740 laudem
1476 1713 1513 1755 et

143 1755 183 1787 25
200 1754 394 1791 honorem
427 1756 563 1793 seculi.
598 1758 675 1794 Sed
709 1757 804 1806 quid
837 1760 913 1796 hoc
946 1761 995 1796 ad
1030 1760 1218 1797 meritum
1254 1761 1426 1798 mortui?

258 1813 464 1857 Quantum
488 1815 538 1851 ad
561 1824 747 1863 quartum
774 1816 927 1854 scilicet
949 1818 1241 1866 probacionem
1266 1819 1511 1866 testamenti,

199 1878 308 1918 patet
351 1872 460 1919 quod
498 1872 802 1911 infundabiliter
843 1884 879 1911 et
919 1877 1120 1924 superflue
1164 1876 1205 1913 in
1249 1878 1325 1914 hoc
1370 1890 1512 1914 consu-

199 1937 363 1964 muntur
406 1931 512 1966 bona
557 1931 737 1978 ecclesie,
783 1945 872 1969 cum
915 1933 1040 1970 nichil
1080 1935 1184 1971 valet
1227 1936 1277 1971 ad
1322 1935 1508 1972 meritum

198 1987 346 2023 mortui
370 1989 478 2036 quod
502 1988 728 2038 episcopus,
763 1990 1074 2029 archidiaconus
1106 1993 1167 2029 vel
1201 1993 1301 2029 alius
1336 1993 1510 2030 discolus

141 2047 182 2079 30
197 2044 342 2081 habeat
384 2045 604 2084 simoniace
644 2049 749 2084 bona
789 2049 968 2096 ecclesie,
1008 2063 1099 2087 curn
1132 2051 1284 2088 fructus
1327 2053 1375 2088 de
1418 2051 1510 2089 inde

197 2103 434 2150 proveniens
467 2103 517 2141 sit
550 2115 776 2154 peccatum.

254 2162 459 2206 Quantum
483 2164 533 2199 ad
557 2163 743 2212 quintum
768 2164 920 2202 scilicet
943 2166 1287 2216 sollempnitatem
1321 2167 1508 2216 sepulcri,

196 2227 305 2266 patet
338 2221 446 2268 quod
477 2220 602 2257 nichil
646 2223 811 2270 prodest
856 2223 1040 2261 cadaveri
1087 2234 1248 2261 mortuo
1293 2238 1508 2274 suppresso

195 2289 269 2313 nec
301 2290 370 2314 sue
403 2278 535 2316 anime
568 2281 677 2328 quod
709 2290 801 2317 sunt
833 2282 930 2319 talia
954 2283 1082 2330 legem
1105 2291 1248 2320 nature
1273 2284 1509 2321 excedencia

140 2336 412 2373 35cumulata.
458 2338 536 2373 Sed
581 2338 723 2375 melius
768 2339 870 2376 foret
915 2342 1023 2388 quod
1062 2340 1102 2377 in
1146 2341 1311 2378 nomine
1345 2341 1507 2378 Domini

263 2475 286 2495 2.
308 2469 377 2497 DE:
405 2473 438 2498 ut
457 2471 488 2498 in
508 2471 575 2499 hoc.
648 2471 671 2500 5.
692 2470 732 2500 F:
753 2472 899 2507 sisacit,·
918 2473 959 2501 ib.
980 2474 1049 2501 DE:
1072 2475 1187 2503 diceret
1206 2476 1300 2503 deest.
1373 2484 1400 2515 7,
1416 2476 1443 2505 8.
1464 2477 1507 2504 D:

193 2503 362 2531 simoniaca
382 2505 512 2541 ἰαί-θρίω
533 2505 573 2534 E:
595 2506 714 2542 infecit.
786 2516 820 2535 11.
842 2508 911 2536 DE:
932 2512 1076 2544 quantum
1094 2526 1128 2529 —
1146 2513 1234 2543 patet
1251 2511 1351 2543 (ἱερεῖς
1373 2512 1412 2538 ib.
1433 2512 1458 2540 E
1478 2513 1507 2539 in

194 2546 308 2573 marg:
332 2539 375 2567 De
395 2540 543 2567 conviviis
558 2545 632 2576 post
649 2545 785 2569 mortem.
855 2542 892 2570 13.
908 2544 952 2570 A:
974 2545 1115 2571 meritum
1131 2546 1341 2573 convivantur.
1410 2555 1451 2579 14.
1468 2547 1507 2574 F:

193 2572 272 2600 Luce
292 2580 345 2608 19³
366 2574 406 2601 ib.
427 2574 528 2602 ADE:
551 2575 639 2603 dixit.
730 2584 776 2604 20.
798 2577 866 2604 DE:
887 2581 990 2606 aulem
1009 2579 1081 2611 tib1·;
1108 2579 1149 2607 ib.
1171 2580 1239 2607 DE:
1260 2579 1324 2607 Nec
1343 2581 1506 2609 credimus.

193 2615 232 2634 21.
253 2607 354 2636 ADE:
381 2608 441 2636 Dei
465 2609 558 2637 deest.
666 2618 709 2638 22.
733 2611 755 2638 E
775 2611 805 2639 in
827 2620 941 2648 marg:
969 2612 1015 2640 De
1038 2613 1259 2642 distribucione
1281 2619 1352 2650 post
1370 2619 1505 2643 mortem.

193 2649 239 2674 24.
259 2643 304 2669 A:
325 2643 396 2670 licet
413 2645 504 2678 sapit.
561 2644 606 2672 26.
628 2645 651 2672 E
672 2646 702 2673 iu
724 2654 837 2681 marga
862 2650 906 2674 De
920 2648 1113 2682 probacirme
1132 2650 1314 2677 testamenti.
1370 2658 1413 2685 27.
1435 2651 1504 2678 DE:

192 2680 221 2703 et
239 2677 334 2705 deest.
412 2678 532 2706 28—30.
554 2679 621 2706 DE:
644 2688 708 2707 cum
728 2681 823 2708 nichil
842 2698 870 2700 -α
884 2681 1011 2715 fructus
1031 2683 1069 2710 de
1088 2683 1182 2711 deest.
1262 2685 1306 2712 28.
1327 2685 1372 2712 A:
1395 2686 1505 2712 valent.

192 2710 238 2738 30.
258 2712 302 2739 A:
324 2713 401 2740 bona
422 2713 549 2741 ecclesie
568 2722 632 2741 cum
652 2715 747 2751 nichil
765 2716 846 2743 valet
864 2716 1048 2750 etfructus,·
1076 2718 1115 2745 ib.
1136 2719 1181 2746 A:
1203 2720 1346 2750 veniens;
1373 2719 1411 2746 F:
1436 2728 1506 2755 per-

192 2746 324 2774 veniens.
397 2746 439 2774 32.
460 2748 483 2774 E
504 2748 533 2775 in
556 2757 669 2784 marg:
693 2749 739 2777 De
759 2751 952 2779 solemnitate
970 2753 1111 2788 sepulcri.
1186 2752 1231 2787 34.
1254 2754 1296 2781 D:
1319 2753 1504 2781 excidencia.

266 2839 293 2861 1.
331 2829 383 2862 Cf.
415 2831 466 2862 De
498 2831 634 2863 Prevar.
667 2833 780 2865 Nland.
820 2834 891 2865 Pol.
919 2835 1057 2875 W'orks,
1096 2836 1149 2867 ed.
1188 2836 1231 2879 by
1272 2837 1504 2878 Buddcnsicg,

193 2884 270 2917 pag.
294 2877 366 2916 143.

1327 2941 1372 2961 ἦῆ·-

1769 277 1813 312 19

1585 384 1719 422 Flattery
1740 386 1768 413 in

1617 420 1733 448 funeral

1599 463 1752 482 sermon&

1551 962 1682 991 Fuucral
1703 964 1797 991 seasts

1541 998 1580 1024 do
1601 999 1650 1025 tlie
1671 999 1747 1026 dead
1771 1008 1809 1026 no

1627 1034 1719 1067 good.

1539 1601 1744 1631 Distribution
1766 1607 1796 1631 of

1540 1638 1619 1664 alnis
1640 1638 1665 1665 is
1687 1640 1806 1675 usually

1563 1672 1610 1699 for
1633 1673 1767 1710 display.

1536 1835 1663 1862 Probate
1685 1836 1760 1875 dues
1781 1845 1795 1863 a

1553 1878 1643 1897 cause
1664 1874 1693 1897 υῐ
1717 1880 1774 1897 5111.

1550 2184 1654 2212 Grand
1677 2186 1780 2212 tombs

1567 2228 1616 2246 are
1639 2221 1764 2247 useless.
