2062 3276
154 256 228 292 188

161 1709 320 1744 scripture
341 1716 411 1744 may

195 1745 272 1771 liare
292 1752 384 1779 many

231 1787 347 1806 senses.

185 2170 263 2198 This
283 2171 392 2206 epistlc

169 2206 286 2233 alludes
309 2211 338 2232 to
360 2206 409 2233 the

165 2241 360 2276 persecution
384 2240 418 2267 of

213 2277 263 2302 the
284 2276 365 2311 early

227 2310 355 2338 church.

730 263 953 295 „IOHANNIS
973 261 1156 293 WYCLIF
1176 261 1431 293 SERMONUM
1482 246 1633 304 [SERMO
1654 257 1747 285 XXlI-

435 383 531 407 num
566 369 746 418 precium
787 370 894 418 quod
934 381 1016 405 non
1051 367 1162 405 dabit
1195 367 1269 404 sibi
1302 367 1381 404 tale
1413 366 1651 404 beneficium
1688 379 1749 404 ec-

436 427 718 465 clesiasticum.
764 427 893 475 Fingit
932 427 1130 475 (inquam)
1170 426 1277 474 quod
1317 426 1389 461 sub
1433 424 1581 462 talibus
1619 424 1749 462 verbis

435 499 516 524 non
540 486 711 522 intendit
735 498 867 522 emere
891 486 969 521 tale
993 483 1247 531 beneficium,
1281 484 1350 520 sed
1375 495 1448 531 pro
1473 482 1749 531 complecione

435 544 614 581 veritatis
652 543 759 592 pacti
798 542 921 591 gratis
963 541 1243 579 misericordia
1276 542 1359 578 vult
1393 540 1531 589 exequi
1565 541 1657 578 inde
1691 553 1749 577 se-

436 615 573 651 quens.
608 601 672 638 Sic
706 601 810 638 enim
846 600 1071 637 servabitur
1104 599 1276 636 fidelitas
1310 599 1349 635 in
1382 607 1554 647 utroque
1588 598 1628 635 in
1661 598 1782 635 tali-5

436 662 507 697 bus
531 659 818 697 antichristivis
850 657 1269 707 sophisticacionibus‚
1304 660 1409 694 Deus
1432 669 1511 693 non
1537 656 1748 704 decipitur,

438 731 525 755 cum
566 717 677 754 novit
721 717 997 753 fraudulentas
1042 715 1317 763 deoepciones,
1364 724 1581 763 antequam
1617 714 1694 750 sint
1728 727 1750 751 a

437 776 583 813 talibus
621 774 804 824 reprobis
845 774 1091 818 machinate3
1132 775 1237 809 Deus
1279 786 1371 821 ergo
1411 773 1484 810 scit
1523 772 1618 821 quid
1658 771 1750 809 talis

437 835 632 882 reprobus
666 832 942 881 principaliter
972 832 1033 868 vel
1067 831 1336 867 communiter
1369 830 1599 868 intenderit.
1636 831 1750 867 Unde

438 900 591 928 certum
616 899 685 938 est,
714 890 795 927 sive
818 889 1094 939 principaliter
1128 888 1208 925 sive
1242 889 1442 925 contrarie
1474 888 1656 925 intendat
1689 900 1750 925 ex-
1770 900 1808 921 10

438 949 573 999 plicite
617 950 677 985 vel
725 948 919 997 implicite
967 948 1075 996 quod
1124 956 1181 983 est
1230 956 1370 983 contra
1417 947 1666 983 voluntatem
1713 954 1750 982 et

438 1007 742 1044 ordinacionem
778 1006 968 1051 divinam,
1005 1014 1145 1054 peccat
1178 1005 1363 1053 graviter.
1398 1007 1447 1040 Et
1479 1004 1536 1041 sic
1569 1017 1658 1041 cum
1693 1003 1751 1040 in-

437 1065 565 1102 tendit
597 1064 835 1102 resuscitare
859 1063 1183 1101 antichristivum
1209 1064 1414 1100 decretum
1442 1071 1582 1099 contra
1602 1061 1748 1098 Christi

438 1123 689 1172 pauperiem,
736 1122 992 1160 manifestum
1034 1130 1092 1158 est
1138 1122 1245 1170 quod
1289 1130 1429 1169 peccat
1461 1120 1501 1156 in
1533 1120 1609 1156 isto
1649 1119 1751 1156 sicut

438 1182 612 1230 populus
646 1182 695 1217 ad
729 1182 804 1218 hoc
838 1180 992 1217 iuvans.
1026 1179 1284 1227 Blasphemia
1318 1179 1438 1227 igitur
1471 1187 1529 1215 est
1562 1180 1647 1214 Deo
1682 1178 1750 1214 ho-
1771 1178 1807 1211 15

441 1239 538 1275 mini
571 1238 731 1276 odibilis
755 1240 864 1287 quod
899 1247 1064 1286 propter
1098 1237 1417 1285 complecionem
1452 1236 1564 1273 istius
1596 1235 1750 1284 peccati

440 1306 552 1334 tanta
585 1297 840 1345 indulgencia
873 1296 922 1333 sit
956 1308 1159 1333 concessa.

915 1431 1108 1472 SERMO
1142 1431 1273 1472 XXH.

890 1511 1026 1544 (Serm
1071 1510 1202 1538 Mixti
1235 1510 1298 1543 tx.)

499 1587 601 1623 Ecce
631 1599 704 1637 ego
735 1587 928 1622 Jolzannes
961 1586 1040 1621 vidi
1069 1585 1251 1635 angelum
1286 1585 1551 1621 ascendentem
1585 1584 1630 1620 ab
1664 1591 1810 1619 orlllzo

442 1646 547 1682 solis.
581 1646 707 1693 Apoc.
742 1645 843 1689 Vns),
880 1654 915 1680 2.

500 1703 647 1751 Aliqua
681 1703 720 1738 in
753 1702 829 1738 ista
863 1701 1034 1750 epistola
1067 1700 1263 1749 capienda
1296 1709 1387 1736 sunt
1419 1708 1461 1735 ut
1485 1699 1595 1745 fides,
1630 1708 1672 1735 ut
1695 1708 1752 1735 est

443 1773 580 1797 sensus
613 1759 842 1806 historicus,
877 1768 919 1795 ut
953 1760 1060 1808 quod
1092 1760 1294 1795 Johannes
1316 1757 1414 1795 vidit
1438 1757 1588 1794 visione
1612 1756 1751 1805 imagi·

442 1819 556 1856 naria
601 1818 833 1855 huiusmodi
876 1817 1085 1855 visionem.
1133 1818 1210 1853 Sed
1250 1815 1345 1865 quid
1378 1815 1477 1852 visio
1516 1815 1584 1852 illa
1623 1815 1773 1863 signat⁴

440 1877 654 1925 allegorice
678 1876 860 1925 capimus
883 1874 1083 1924 probabili
1108 1874 1354 1912 coniectura.
1390 1875 1490 1911 Cum
1515 1873 1619 1910 enim
1643 1875 1752 1921 Apo·
1769 1873 1808 1905 25

440 1934 611 1983 calypsis
634 1934 708 1971 ista
733 1934 926 1970 Johannis
950 1933 1150 1982 significat
1172 1932 1370 1969 notabiles
1395 1941 1556 1969 eventus
1587 1931 1751 1968 ecclesie

440 2007 461 2030 a
495 2002 676 2041 tempore
722 1991 967 2029 ascensionis
1001 1991 1150 2029 Christi
1195 2003 1321 2039 usque
1360 1991 1409 2026 ad
1449 1990 1554 2026 diem
1599 1988 1749 2034 iudicii,

441 2050 705 2100 probabiliter
738 2050 950 2087 estimatur
983 2051 1089 2098 quod
1125 2050 1294 2086 Sanctus
1319 2048 1491 2096 Spiritus
1524 2047 1751 2084 intenderat

440 2110 560 2145 istum
607 2121 779 2145 sensum.
827 2108 866 2144 Si
900 2116 1033 2144 autem
1079 2107 1202 2144 alium
1248 2119 1406 2143 sensum
1448 2118 1538 2142 cum
1578 2107 1654 2141 hoc
1694 2105 1751 2141 in-

440 2169 625 2204 tenderat
670 2179 751 2202 non
797 2174 1004 2214 repugnat,
1052 2178 1140 2202 cum
1187 2177 1273 2201 mos
1318 2164 1367 2200 sit
1407 2164 1477 2200 Dei
1517 2164 1635 2200 verba
1680 2175 1750 2199 sua
1768 2163 1809 2195 30

443 2224 655 2273 multiplici
690 2236 806 2260 sensu
840 2223 1047 2260 fructifero
1080 2222 1303 2271 gravidare.
1343 2221 1499 2258 Dicitur
1532 2234 1625 2268 ergo
1660 2233 1750 2269 pro-

442 2282 629 2319 babiliter
662 2283 768 2330 quod
802 2281 878 2318 ista
912 2281 1081 2329 epistola
1115 2280 1256 2317 alludit
1285 2278 1561 2328 persecucioni
1585 2278 1751 2315 ecclesie

442 2353 519 2389 que
552 2341 624 2376 sub
658 2339 742 2376 istis
776 2339 1028 2388 principibus
1063 2348 1122 2375 est
1155 2347 1305 2375 secuta.

499 2400 646 2435 Narrat
695 2397 798 2434 enim
849 2397 1119 2434 ecclesiastica
1169 2395 1337 2433 historia
1381 2395 1484 2431 libro
1529 2396 1600 2430 IX0
1642 2395 1749 2442 quod

442 2455 703 2493 Diocleciano
729 2465 764 2492 et
789 2455 1033 2492 Maximiano
1068 2454 1360 2503 deponentibus
1393 2452 1563 2501 insignia
1596 2464 1748 2489 succes-
1768 2452 1806 2484 35

441 2522 577 2550 serunt
602 2514 783 2550 Galerius
823 2522 859 2550 et
884 2512 1162 2550 Constancius.
1198 2512 1378 2549 Galerius
1412 2520 1546 2547 autem
1580 2509 1750 2546 instituit

443 2574 631 2608 Severum
658 2571 696 2607 in
716 2571 829 2608 Italia
853 2580 890 2608 et
910 2570 1198 2608 Maximianum
1224 2570 1262 2606 in
1280 2569 1457 2606 Oriente.
1483 2567 1750 2606 Constancius

509 2703 539 2728 4,
561 2694 586 2722 5.
607 2695 650 2722 A:
677 2693 811 2728 pacti-
824 2692 961 2726 fidelitas
980 2692 1074 2720 deest.
1151 2700 1180 2725 4.
1201 2691 1435 2725 misericordia;
1460 2691 1484 2718 D
1506 2691 1623 2718 incerta
1643 2689 1750 2717 lectio:

440 2729 502 2756 mia
521 2729 584 2756 sive
602 2729 683 2760 mili;
710 2728 748 2755 E:
776 2728 873 2757 mitti,-
897 2729 925 2756 1:
954 2728 1046 2755 inniti
1068 2735 1119 2754 seu
1146 2727 1243 2754 inviti.
1387 2726 1414 2753 6.
1441 2726 1469 2753 I:
1495 2724 1750 2752 antichristianis.

441 2772 476 2791 ιι.
497 2764 540 2791 A:
562 2763 634 2798 quia
655 2766 707 2791 est.
766 2763 801 2790 15.
822 2764 864 2790 A:
887 2771 974 2797 erga
1032 2762 1072 2789 16.
1094 2762 1121 2789 I:
1144 2761 1227 2796 quod
1245 2761 1338 2788 deest.
1396 2769 1434 2796 ¹7-
1455 2760 1510 2787 EI:
1531 2767 1673 2787 concessa
1694 2763 1749 2786 etc.

442 2798 482 2825 18.
503 2799 531 2826 A
552 2799 581 2826 in
603 2807 716 2833 marg:
745 2799 853 2825 Sermo
876 2797 973 2827 XXII:
998 2797 1023 2823 D
1044 2796 1074 2823 in
1096 2804 1209 2830 marg:
1233 2796 1306 2822 XIX.
1379 2803 1427 2831 29.
1449 2796 1493 2822 A:
1521 2795 1590 2822 dum
1610 2794 1714 2821 alium.

515 2880 564 2914 18.
583 2881 714 2923 Epistle
732 2880 785 2912 for
802 2880 855 2912 All
876 2879 1000 2911 Saints’
1021 2880 1099 2922 day.
1174 2880 1227 2919 34.
1247 2877 1298 2909 Cf.
1318 2878 1503 2920 Eulogium
1524 2878 1610 2909 Hist.
1630 2877 1652 2917 Ι,
1673 2877 1749 2918 337.
