2062 3276
235 249 370 278 SERMO
393 239 503 296 xvii]
705 252 897 292 QUARTA
924 252 1050 284 PARs.
1766 259 1833 292 141

295 360 375 394 Nec
407 360 519 395 obest
553 358 644 395 huie
678 359 808 396 sensui
840 359 1031 395 historico
1055 360 1162 407 quod
1186 368 1326 396 auctor
1349 360 1548 408 scripture
1612 370 1677 398 The
1697 370 1794 398 litei-al

235 415 414 453 oneravit
449 416 565 453 tidem
599 426 781 454 nostram
815 417 893 453 alio
917 429 1035 454 sensu
1058 416 1230 464 mistico,
1265 417 1416 454 scilicet
1441 420 1547 466 quod
1573 405 1831 467 scnesRecffiffisanot

235 473 422 522 discipuli
475 475 533 511 sui
587 475 664 511 sint
716 475 1003 512 affeccionibus
1056 475 1261 523 preparati
1313 476 1363 512 ad
1416 476 1547 513 debite
1590 475 1729 511 mystical
1753 483 1830 503 one.

235 532 602 580 evangelizandum,
636 535 744 582 quod
766 546 846 570 non
869 542 971 570 esset
992 532 1068 570 nisi
1091 533 1339 570 dimitterent
1363 534 1544 570 omnium

202 590 521 638 §temporalium
566 590 895 638 sollicitudinem,
950 593 998 628 de
1051 600 1202 640 quanto
1246 593 1452 629 tardarent
1497 594 1547 629 ad

234 647 342 684 istud
375 649 553 685 officium
589 649 722 686 debite
757 651 1045 698 exequendum.
1092 650 1140 685 Et
1186 650 1258 686 iste
1302 659 1360 686 est
1407 663 1546 687 sensus

235 706 383 743 Christi
410 709 515 743 Luce
539 708 623 754 IX0‚
652 708 692 744 3:
726 708 859 743 Niclzil
889 708 1055 744 tuleritis
1087 708 1122 743 in
1156 708 1230 754 via,
1263 708 1414 745 scilicet
1438 710 1546 757 quod

138 758 218 820 “FO-¹3
233 777 301 801 vos
326 767 374 802 ab
400 765 701 813 evangelizandi
725 765 859 802 officio
889 762 892 816 Ι
922 765 1150 814 impediret.
1186 767 1262 802 Sed
1288 780 1376 803 cum
1404 767 1544 815 religio

138 815 201 838 ³⁰³
234 822 423 860 fundatur
468 824 507 859 in
551 823 686 860 anima
730 833 772 860 ut
818 824 1012 865 subiecto,
1053 824 1093 861 in
1133 824 1246 860 bonis
1280 824 1470 873 operibus
1503 834 1545 861 ut

181 897 219 918 io
234 880 389 927 effectu,
425 890 462 918 et
494 881 534 918 in
566 882 707 918 ritibus
739 890 782 918 ut
815 882 854 918 in
887 882 1026 931 signis:
1073 891 1110 918 et
1155 884 1204 918 ad
1237 882 1343 919 istud
1376 883 1544 919 tercium

233 939 507 987 pharisaicum
542 949 599 976 est
643 939 809 976 minime
854 942 1158 977 attendendum.
1205 943 1318 977 Unde
1363 954 1444 977 non
1490 950 1547 978 est

233 1010 328 1035 cura
362 999 410 1035 de
442 1011 626 1046 numero,
673 1000 720 1034 de
755 998 980 1047 quantitate
1012 999 1073 1035 vel
1119 998 1245 1046 figura
1283 999 1453 1036 vestium
1487 1000 1547 1036 vel

233 1056 486 1104 sotularium,
520 1057 596 1093 nisi
630 1058 677 1093 de
709 1066 862 1105 quanto
896 1056 1101 1093 sufficiunt
1134 1059 1183 1093 ad
1216 1058 1397 1094 laborem
1432 1070 1548 1094 evan-

232 1114 509 1162 gelizancium.
535 1116 649 1152 Unde
663 1115 909 1164 Augustinus
933 1115 972 1151 in
996 1115 1131 1151 libello
1155 1128 1226 1152 suo
1251 1118 1307 1152 De
1331 1115 1548 1153 Heresibus

179 1173 361 1212 15heresi
396 1175 567 1210 LXVIII:
613 1174 699 1220 Est,
745 1174 888 1223 inquit,
934 1175 1010 1210 alia
1051 1174 1199 1210 heresis
1238 1175 1350 1210 nudis
1384 1174 1549 1223 pedibus

231 1244 384 1281 semper
427 1232 710 1268 ambulancium
756 1245 797 1268 eo
845 1233 947 1281 quoar
991 1232 1182 1268 Dominus
1227 1233 1374 1268 dixerit
1413 1233 1551 1284 Moysi

233 1290 364 1328 Exod.
400 1291 497 1335 III0‚
529 1287 578 1326 5.·
623 1290 737 1326 Solve
775 1291 1067 1327 calciamentum
1102 1291 1148 1326 de
1175 1291 1338 1339 pedibus
1382 1291 1468 1334 tuis,
1514 1298 1548 1326 et

233 1349 334 1396 quod
369 1349 560 1397 propheta
599 1349 722 1384 Isaias
761 1349 873 1385 nudis
912 1349 1076 1398 pedibus
1121 1349 1267 1399 legitur
1312 1349 1550 1391 ambulasse,-

232 1406 317 1442 ideo
349 1419 448 1456 ergo
481 1407 627 1443 heresis
659 1414 728 1453 est,
762 1419 834 1443 non
867 1407 952 1455 quia
981 1414 1149 1456 propter
1180 1407 1436 1458 affliccionem
1461 1420 1546 1443 cor-

176 1465 340 1513 20p0ris
385 1464 440 1500 sic
483 1465 746 1512 ambularunt,
800 1466 868 1501 sed
913 1465 998 1514 quia
1047 1465 1262 1501 testimonia
1316 1466 1444 1501 divina
1496 1465 1550 1501 sic

233 1523 465 1573 intelligunt.
500 1525 603 1559 Ecce
635 1522 884 1571 Augustinus
918 1523 1092 1571 imponit
1125 1523 1298 1559 heresim
1322 1523 1548 1571 intelligen-

232 1580 338 1616 tibus
371 1580 615 1629 scripturam
650 1594 800 1629 ponere
833 1582 942 1630 quod
975 1581 1025 1618 sit
1058 1583 1106 1618 de
1138 1581 1378 1619 necessitate
1411 1581 1550 1618 salutis

230 1639 348 1675 nudis
380 1639 549 1687 pedibus
593 1640 812 1678 ambulare.
859 1641 976 1686 Quod
1010 1648 1144 1676 autem
1179 1641 1372 1688 Origenes
1405 1639 1551 1688 legitur

231 1697 349 1733 nudis
382 1697 550 1745 pedibus
584 1697 811 1734 ambulasse
845 1707 881 1734 et
915 1699 1023 1747 quod
1045 1700 1283 1746 Jeronymus
1307 1699 1346 1734 in
1381 1698 1550 1747 epistola

175 1760 214 1793 25
232 1757 282 1791 ad
315 1756 580 1792 Eustochium
614 1756 771 1794 videtur
816 1756 964 1793 sentire
1010 1758 1117 1805 quod
1157 1757 1206 1793 sit
1239 1758 1286 1793 de
1319 1756 1550 1794 substancia

231 1813 310 1850 vite
343 1814 579 1862 apostolice,
621 1814 768 1851 dicitur
801 1816 910 1863 quod
944 1828 1024 1851 non
1057 1814 1298 1862 generaliter
1330 1824 1449 1852 nocet
1482 1816 1551 1851 sed

232 1873 398 1920 prodest
431 1885 520 1909 cum
556 1873 719 1920 paribus
752 1873 886 1910 taliter
931 1874 1152 1910 ambulare.
1203 1873 1397 1919 Quamvis
1444 1873 1548 1910 enim

232 1930 273 1966 in
306 1939 412 1967 statu
445 1930 681 1968 innocencie
714 1944 794 1968 non
827 1931 1059 1968 incederent
1092 1931 1275 1968 homines
1308 1932 1442 1968 taliter
1473 1932 1552 1968 cal-

238 1988 346 2034 ciati,
370 1997 508 2025 tamen
532 1999 622 2037 post
644 1990 803 2038 lapsum
829 1998 885 2026 est
908 1990 1178 2026 necessarium
1205 1991 1256 2026 ad
1281 1989 1550 2026 ministerium

176 2053 218 2085 30
234 2046 305 2082 Dei
338 2047 656 2084 continuandum
691 2047 970 2084 artificialibus
1004 2048 1142 2084 multis
1176 2048 1246 2085 uti.
1281 2048 1409 2085 Aliter
1443 2047 1547 2084 enim

232 2118 314 2142 non
348 2106 514 2142 haberet
537 2106 721 2143 Christus
756 2106 949 2144 alimenta
983 2116 1019 2143 et
1042 2115 1288 2155 tegumenta,
1325 2108 1447 2143 modo
1471 2119 1550 2155 quo

232 2163 364 2212 ipsum
398 2163 567 2212 legimus
601 2164 801 2201 habuisse.

290 2223 338 2257 Et
371 2222 434 2258 hic
466 2222 623 2259 videtur
655 2223 798 2260 fratres
844 2233 881 2259 et
927 2223 1141 2271 religiones
1186 2223 1363 2272 privatas
1409 2235 1839 2274 Sapel'eF21lseglosscson

233 2279 404 2316 heresim
438 2280 478 2316 in
511 2294 582 2318 sua
615 2281 934 2330 desponsacione
968 2294 1058 2318 curn
1092 2281 1173 2318 suis
1197 2281 1355 2328 ritibus,
1390 2281 1484 2330 quia
1507 2280 1547 2316 in
1566 2274 1840 2337 Scripftltiiffisoftlie

177 2342 216 2376 35
235 2337 371 2374 multis
403 2338 444 2374 in
476 2339 675 2388 scriptura
707 2353 821 2376 sacra
853 2339 969 2376 nobis
1005 2352 1189 2388 expressa
1223 2339 1362 2376 dicunt
1385 2352 1546 2376 sensum

233 2396 369 2433 Sancti
393 2396 566 2445 Spiritus
600 2398 677 2434 hoc
709 2397 931 2446 intelligere
965 2407 1002 2434 et
1034 2398 1273 2446 generaliter
1304 2398 1345 2434 in
1377 2398 1457 2435 suis
1481 2399 1550 2434 ob-

302 2528 327 2547 2.
356 2520 424 2547 DE:
453 2521 570 2548 mistico
597 2521 690 2556 quod.
804 2521 830 2548 8.
860 2521 883 2548 E
909 2521 938 2549 in
967 2529 1080 2556 marg..-
1111 2521 1351 2549 I-'untliinzenlum
1373 2521 1549 2558 religionis.

233 2562 262 2590 9.
284 2556 446 2590 operibus;
465 2557 509 2582 A:
531 2556 758 2596 lemporalibus.
817 2556 855 2591 13,
873 2564 913 2589 [ι.
930 2556 970 2583 E:
992 2557 1215 2593 evangelz'cum.
1273 2565 1314 2590 14.
1336 2556 1361 2583 D
1384 2557 1414 2583 iu
1436 2564 1549 2590 marg:

233 2590 398 2617 Ambulare
411 2591 501 2617 nudis
510 2590 661 2626 petillius,-
679 2591 710 2618 in
726 2599 822 2626 marg.
838 2599 923 2626 supa
946 2591 1026 2619 Nota
1041 2599 1138 2627 quare
1151 2592 1310 2618 ambulare
1323 2591 1412 2618 nudis
1422 2591 1551 2626 pedihus

233 2627 279 2651 est
295 2625 421 2652 heresis.
448 2625 529 2652 Idem
550 2626 599 2652 dic
618 2625 656 2652 cle
674 2634 734 2653 non
755 2626 1002 2653 maudut-acione
1019 2625 1244 2661 suffocatorum
1270 2629 1300 2653 et
1325 2626 1532 2653 consimilibus
1542 2634 1552 2657 ,-

232 2659 256 2686 E
277 2659 306 2686 in
329 2668 442 2694 marg:
471 2659 568 2687 Nudis
582 2660 713 2695 pedihus
732 2661 899 2688 ambulare.
922 2660 1019 2688 Nudis
1034 2660 1164 2696 pedibus
1183 2661 1343 2688 ambulare
1362 2664 1406 2688 esi
1425 2660 1549 2687 heresis.

234 2701 275 2727 ις).
297 2695 341 2722 Α;
369 2702 429 2722 non
450 2695 542 2730 quod.
621 2702 661 2727 21,
684 2702 726 2722 22.
748 2697 792 2723 A:
820 2696 966 2731 inlelligi.
1045 2703 1088 2723 22.
1111 2696 1178 2723 DE:
1206 2696 1388 2723 necessilate
1407 2695 1550 2722 alicuius.

232 2728 273 2756 23.
296 2729 335 2756 E:
363 2730 544 2757 ambulasse.
618 2730 660 2758 25.
681 2730 750 2758 DE:
778 2730 984 2759 Euslaclzium.
1059 2738 1103 2766 27.
1126 2731 1150 2757 E
1170 2731 1200 2757 in
1222 2739 1336 2766 marg:
1364 2730 1445 2758 Nom
1466 2731 1549 2757 benc.

227 2762 274 2809 ¹33.
296 2765 341 2792 A:
359 2764 488 2799 =fralres
507 2764 600 2799 quod.

308 2835 356 2868 15.
383 2837 415 2870 S.
442 2837 531 2878 Aug.
560 2836 651 2879 Opp.
677 2837 699 2869 l.
727 2848 767 2878 c.,
794 2848 871 2879 pag.
901 2847 953 2869 21.
1081 2836 1132 2869 25.
1161 2838 1208 2870 St.
1235 2831 1439 2880 Hieronymi
1466 2837 1548 2878 Epi-

234 2883 323 2914 stola
339 2883 441 2923 XXII,
468 2884 511 2915 ad
529 2883 771 2934 Eustochium.
793 2884 884 2926 Opp.
904 2891 988 2916 tom.
1005 2884 1028 2924 Ι,
1047 2894 1115 2926 pag
1134 2894 1193 2916 112
1215 2884 1415 2926 (ed.Venet.
1435 2882 1547 2927 1776).
