2062 3276
187 255 258 289 152

185 724 312 752 Charin*
333 729 443 751 cannot

220 759 270 787 sai!
293 756 323 787 in
345 759 407 786 her.

763 264 986 296 JOHANNIS
1005 264 1189 295 WYCLIF
1209 264 1464 296 SERMONUM
1498 251 1650 309 [SERMO
1672 261 1780 290 XVIII·

470 370 574 419 inopi
615 377 650 405 et
688 371 846 419 palmas
888 383 978 406 suas
1021 371 1193 406 extendit
1236 371 1288 406 ad
1329 383 1555 420 pauperem.
1610 373 1780 419 Egentes

468 427 575 463 enim
610 427 808 475 spirituali
842 427 1032 475 suffragio
1065 436 1156 464 sunt
1190 427 1330 476 inopes
1364 428 1452 477 plus
1476 437 1635 476 egentes
1659 441 1779 477 quam

469 498 667 533 pauperes
701 494 861 534 egentes
894 485 1083 533 suffragio
1109 485 1332 534 corporali;
1366 485 1457 523 ideo
1480 487 1672 523 debemus
1696 499 1780 523 esse

468 543 662 592 largiores
695 543 735 580 in
769 543 970 591 spirituali
1003 556 1124 591 opere
1150 542 1428 581 misericordie
1451 556 1573 592 quam
1597 544 1638 581 ln
1659 557 1781 593 opere

468 601 744 638 misericordie
779 601 1015 649 corporalis,
1050 601 1153 638 sicut
1185 614 1327 639 manus
1360 601 1534 650 amplior
1566 611 1625 639 est
1659 605 1814 651 quam5

468 661 619 708 palma.

526 720 574 753 Et
606 726 716 766 patet
750 718 858 765 quod
891 729 957 753 nec
988 716 1046 753 vir
1080 717 1154 754 iste
1186 730 1260 754 nec
1294 717 1438 754 mulier
1476 718 1621 755 timebit
1652 718 1784 755 domui

467 788 533 812 sue
564 789 584 811 a
607 775 840 825 frigoribus
873 775 979 811 nivis.
1015 775 1208 821 Quamvis
1241 775 1350 812 enim
1384 776 1616 826 refrigescet
1638 776 1782 812 caritas

468 834 693 879 multorum,
737 842 874 869 tamen
918 841 1071 869 certum
1119 842 1176 870 est
1216 835 1325 882 quod
1358 842 1443 870 tota
1476 833 1630 870 familia
1664 833 1781 870 huius

466 891 625 936 femine,
660 904 751 927 cum
785 890 862 927 sint
887 890 1163 938 predestinati,
1192 904 1271 928 non
1295 900 1484 940 poterunt
1506 891 1562 928 sic
1586 891 1780 939 extingui3
1801 905 1840 925 10

466 962 558 986 nam
608 949 744 986 anima
798 962 936 985 eorum
992 949 1153 985 vestitur
1205 950 1434 999 duplicibus,
1488 962 1578 986 cum
1632 950 1782 986 habent

466 1007 644 1055 graciam
679 1020 723 1043 ex
756 1006 999 1055 operacione
1037 1008 1258 1044 secundum
1306 1017 1533 1056 presentem
1579 1007 1779 1044 iusticiam

467 1074 505 1102 et
544 1064 722 1113 graciam
768 1065 1130 1113 predestinacionis
1175 1077 1297 1114 quam
1342 1064 1476 1103 anima
1521 1078 1604 1102 non
1648 1074 1781 1114 potest

468 1135 620 1160 exuere.

526 1182 657 1218 Habet
701 1189 837 1217 autem
883 1180 1052 1218 ecclesia
1105 1188 1247 1217 vestem
1299 1182 1579 1231 stragulatam,
1631 1182 1837 1218 nedum15

468 1239 561 1288 quia
595 1240 715 1276 habet
747 1239 906 1288 aliquos
939 1239 1140 1276 seculares
1174 1238 1347 1276 activam
1379 1239 1503 1276 vitam
1529 1240 1719 1276 ducentes
1743 1248 1781 1276 et

467 1298 625 1346 aliquos
659 1297 826 1334 clericos
858 1297 1103 1346 speculative
1134 1296 1329 1343 viventes3
1362 1310 1499 1345 ymmo
1533 1297 1627 1346 quia
1660 1298 1781 1334 habet

468 1356 625 1404 aliquos
660 1355 845 1392 homines
880 1364 916 1392 et
949 1355 1106 1403 aliquos
1139 1354 1207 1403 qui
1239 1363 1330 1391 sunt
1363 1354 1585 1404 disparium
1618 1364 1781 1392 natura-

468 1427 556 1450 rum
590 1422 627 1450 et
660 1413 716 1450 sic
750 1414 870 1450 habet
904 1413 1059 1462 aliquas
1097 1412 1270 1461 virgines
1315 1413 1552 1450 candidatas
1596 1413 1780 1450 castitate

469 1481 505 1508 et
551 1471 652 1508 alios
699 1470 893 1520 martyrio
939 1471 1183 1518 rubricatos;
1229 1471 1319 1508 ideo
1366 1471 1532 1508 dicitur:
1579 1471 1702 1508 bissus
1745 1478 1840 1508 et20

463 1543 645 1580 purpura
678 1530 940 1566 indumentum
974 1530 1065 1566 eius.

526 1590 580 1624 Ex
613 1587 698 1624 istis
726 1596 849 1636 patet,
884 1600 974 1624 cum
999 1596 1160 1636 oportet
1183 1587 1223 1623 in
1247 1587 1356 1624 omni
1379 1586 1569 1624 ordinato
1593 1586 1780 1635 coniugio

467 1645 596 1683 virum
631 1658 714 1682 esse
748 1654 868 1694 caput
912 1645 1072 1691 femine,
1119 1647 1227 1694 quod
1273 1646 1385 1681 valde
1421 1646 1557 1682 nobilis
1589 1646 1625 1681 in
1652 1646 1782 1695 portis

468 1705 518 1740 ad
563 1704 725 1740 finalem
770 1703 1062 1740 beatitudinem
1108 1703 1183 1740 erit
1235 1703 1294 1740 vir
1347 1703 1515 1740 ecclesie
1567 1705 1626 1751 (ut
1670 1712 1781 1752 patet

468 1762 609 1798 Matth.
644 1763 761 1807 XXV)
805 1774 886 1798 non
919 1762 1049 1798 solum
1084 1760 1123 1797 in
1155 1774 1327 1809 persona
1360 1761 1526 1810 propria
1558 1762 1779 1798 secundum
1797 1764 1837 1797 25

469 1819 659 1856 deitatem
693 1829 730 1856 et
763 1818 1054 1856 humanitatem
1090 1821 1159 1856 sed
1192 1819 1232 1856 in
1265 1832 1335 1855 sua
1366 1819 1533 1865 familia,
1568 1832 1658 1856 cum
1683 1828 1779 1856 tunc

469 1877 544 1914 erit
573 1874 576 1930 Ι
606 1877 771 1914 omnino
825 1877 910 1914 sine
964 1877 1122 1914 macula
1175 1886 1212 1913 et
1265 1877 1350 1914 sine
1402 1890 1513 1925 ruga.
1573 1878 1781 1914 Senatores
1796 1857 1877 1936 13:8¹2

469 1945 603 1972 autem
637 1944 740 1972 terre
774 1944 888 1972 erunt
922 1935 1115 1983 apostoli,
1150 1948 1233 1972 cum
1267 1936 1400 1985 quibus
1428 1935 1607 1972 Christus
1637 1935 1781 1972 sedebit

470 1994 509 2030 in
542 1993 651 2030 finali
684 1993 835 2030 iudicio
872 1994 931 2040 (ut
963 2002 1073 2041 patet
1106 1994 1249 2030 Matth.
1282 1994 1421 2038 X1X0).

528 2054 575 2088 Et
610 2051 704 2100 quia
737 2051 907 2088 istorum
940 2051 1189 2099 sponsalium
1224 2060 1281 2088 est
1304 2063 1375 2088 sua
1399 2050 1573 2088 tentoria
1597 2051 1779 2097 dilatare,
1797 2055 1839 2087 30

470 2109 561 2146 ideo
592 2109 796 2146 subditur:
843 2110 1067 2161 Srndouem
1101 2110 1203 2158 fecit
1244 2116 1279 2145 et
1311 2109 1481 2145 vendidit
1516 2117 1551 2145 et
1581 2109 1780 2160 cingulum

470 2168 633 2203 tradidit
673 2168 890 2205 chananeo.
938 2169 1010 2203 Per
1042 2169 1263 2215 syndonem
1298 2175 1430 2215 potest
1461 2166 1631 2215 intelligi
1663 2166 1781 2203 vestis

471 2226 700 2274 evangelica
732 2227 793 2262 vel
826 2224 986 2262 habitus
1017 2226 1079 2261 vel
1103 2225 1299 2270 doctrina,
1334 2237 1456 2273 quam
1482 2224 1664 2261 Christus
1687 2224 1780 2261 fecit

471 2283 752 2320 auctoritative
796 2284 857 2320 vel
903 2282 1103 2320 executive
1147 2282 1208 2320 sui
1252 2282 1441 2331 apostoli.
1487 2284 1601 2319 Hanc
1646 2291 1779 2319 autem

472 2343 693 2389 syndonem
726 2341 993 2378 vendiderunt
1026 2340 1239 2389 gentilibus
1272 2340 1356 2377 sine
1388 2340 1524 2389 precio
1564 2340 1837 2389 corporali,35

472 2412 562 2435 cum
596 2399 796 2448 spirituali
829 2412 950 2436 usura
972 2399 1204 2447 quesierunt
1228 2407 1491 2444 crementum,
1523 2397 1626 2435 sicut
1649 2398 1781 2447 querit

472 2456 511 2492 in
545 2457 749 2506 evangelio
782 2470 953 2505 sponsus
987 2457 1166 2494 ecclesie.
1201 2458 1249 2492 Et
1272 2456 1439 2504 gentiles
1463 2465 1630 2505 possunt
1652 2455 1781 2494 racio-

471 2515 658 2551 nabiliter
691 2515 857 2563 intelligi
891 2514 1111 2562 Chananei,
1156 2524 1198 2552 ut
1243 2514 1400 2551 elicitur
1445 2527 1488 2551 ex
1532 2513 1700 2551 historia
1733 2515 1781 2550 de

540 2648 565 2675 3.
589 2648 631 2676 G:
653 2649 813 2684 corporali
830 2649 922 2676 deest.
997 2648 1024 2675 8.
1045 2649 1089 2675 A:
1111 2648 1217 2677 nimis:
1236 2648 1276 2675 ib.
1299 2647 1574 2683 DEG:frigescit.
1650 2656 1689 2675 ιο,
1711 2647 1779 2674 DE:

470 2684 615 2718 poterint.
695 2692 725 2710 ιι.
747 2684 770 2710 E
791 2684 819 2710 iii
842 2692 954 2718 marg:
976 2683 1183 2710 Predestz'nati
1200 2683 1370 2710 vestiuntur
1389 2683 1568 2717 duplicibus.
1649 2682 1686 2709 15.
1707 2681 1731 2709 E
1751 2682 1780 2709 in

474 2727 586 2751 marga
614 2718 701 2745 Vestis
720 2719 854 2745 ecclesie.
920 2719 959 2745 ιδ.
981 2718 1048 2745 DE:
1070 2721 1100 2745 et
1116 2718 1237 2752 aliquos
1256 2718 1350 2744 deest.
1412 2725 1458 2751 24.
1480 2717 1624 2751 ecclesie,·
1643 2716 1683 2744 E:
1703 2725 1780 2744 ecce.

473 2760 515 2787 27.
540 2752 582 2780 G:
604 2753 707 2780 anima
727 2753 801 2780 sine.
874 2752 913 2780 31.
934 2752 958 2780 E
978 2753 1008 2780 in
1030 2760 1143 2787 marg:
1164 2751 1303 2788 Syudon.

544 2847 573 2877 7.
601 2837 701 2868 Prov.
728 2837 842 2874 XXXI,
871 2847 923 2868 21.
1025 2835 1056 2868 8.
1086 2835 1203 2867 Matth.
1230 2836 1346 2874 XXIV,
1372 2846 1421 2868 12.
1523 2835 1572 2875 15,
1601 2845 1653 2867 20.
1680 2835 1780 2867 Prov.

473 2883 588 2922 XXXI,
617 2892 669 2916 22.
766 2884 817 2922 23,
847 2882 898 2915 28.
927 2883 970 2916 ib.
1000 2883 1052 2916 23.
1150 2883 1202 2915 31.
1231 2881 1274 2914 ib.
1303 2892 1354 2922 24.
