2062 3276
265 271 400 300 sERMo
422 260 519 319 xvr]
748 275 940 316 QUARTA
967 275 1092 308 PARS.
1795 286 1804 308 ι
1821 272 1836 309 3
1854 286 1862 309 ι

263 379 352 417 Fuit
385 380 489 417 enim
525 383 744 418 secundum
766 384 1004 431 Apostolum
1038 384 1209 420 formam
1243 384 1344 421 servi
1367 385 1579 433 accipiens,

263 448 300 474 et
347 439 406 486 (ut
444 438 528 487 ipse
566 441 699 486 docet)
747 442 810 489 qui
852 442 978 477 maior
1021 449 1075 477 est
1118 442 1153 477 in
1200 442 1316 487 vobis,
1361 443 1462 479 sicut
1508 444 1580 480 fuit

261 495 345 544 ipse
377 496 417 532 in
450 510 522 534 suo
556 497 736 546 collegio,
769 499 817 534 sit
849 499 1017 535 omnium
1052 507 1223 535 vestrmn
1256 512 1405 537 servus.
1441 503 1489 537 Et
1522 505 1579 545 (ut

261 566 353 602 sepe
386 554 482 591 dicit
516 555 780 604 evangelium)
826 556 900 593 fuit
942 556 1070 593 tocius
1111 557 1275 594 ecclesie
1309 557 1578 604 ministrator;

229 615 342 648 5non
375 621 508 649 autem
542 613 615 650 fuit
647 613 687 649 in
726 613 839 650 factis
887 614 966 651 suis
1005 628 1074 652 seu
1120 615 1312 652 faciendis
1354 616 1578 664 ambiguus,

261 669 355 717 quia
387 672 436 707 ab
468 670 632 721 instanti
666 684 734 708 sue
766 672 985 709 nativitatis
1019 673 1091 709 fuit
1125 673 1312 710 continue
1352 673 1412 710 vir
1442 674 1580 711 videns

261 729 388 764 Deum
435 730 557 777 (quod
601 738 717 766 sonat
762 731 912 777 Israel),
966 744 1056 767 cum
1102 731 1291 768 continue
1332 731 1429 768 vidit
1473 733 1580 769 clare

259 785 299 821 in
331 788 451 823 verbo
484 787 620 824 omnia
658 787 842 824 facienda
881 798 917 825 et
955 789 1091 837 gracia
1135 802 1180 825 ac
1230 789 1403 826 sciencia
1448 789 1579 827 infusa

260 844 445 892 cognovit
477 846 593 893 plene
625 858 745 893 supra
777 846 948 883 viatores
982 847 1080 883 alios
1113 847 1286 896 qualiter
1315 847 1388 884 sibi
1412 848 1485 884 fuit
1508 862 1580 896 per

206 917 244 938 10
259 902 396 938 omnia
429 902 670 939 faciendum.

318 961 449 997 Causa
482 969 616 997 autem
657 962 787 998 finalis
831 962 1013 999 omnium
1062 963 1229 999 istorum
1278 963 1461 1016 tangitur
1508 977 1578 1012 per
1614 972 1681 1011 Qod
1704 973 1850 1012 oraained

257 1019 509 1066 prophetam,
544 1032 635 1056 cum
669 1020 723 1056 sic
757 1020 1022 1057 subinfertur:
1063 1021 1163 1070 Quia
1204 1022 1239 1057 in
1280 1029 1315 1057 te
1351 1008 1868 1078 gloriabor.gffffjssgvgffiafffi

257 1076 298 1112 Si
332 1076 437 1113 enim
472 1077 560 1113 finis
594 1079 814 1114 secundum
856 1079 1116 1127 philosophos
1155 1079 1205 1115 sit
1244 1079 1397 1127 primus
1436 1080 1476 1116 in
1518 1080 1577 1116 in·
1679 1079 1775 1114 giory.

256 1134 442 1171 tencione
487 1144 523 1172 et
567 1136 732 1172 ultimus
777 1136 816 1172 in
862 1137 1113 1183 execucione‚
1166 1146 1275 1185 patet
1318 1139 1425 1186 quod
1472 1140 1576 1174 Deus

204 1196 240 1228 15
257 1192 488 1229 eternaliter
533 1194 734 1230 ordinavit
774 1194 978 1231 Christum
1023 1195 1079 1232 sic
1119 1195 1202 1243 pati
1245 1204 1281 1232 et
1328 1196 1383 1232 sic
1433 1196 1576 1232 mereri

257 1251 421 1287 ecclesie
455 1260 492 1287 et
532 1264 622 1288 cum
661 1252 749 1300 ipsa
788 1253 971 1289 beatifice
1010 1267 1272 1301 conregnare,
1313 1263 1349 1290 et
1382 1267 1452 1302 per
1484 1267 1578 1291 con-

256 1321 425 1357 sequens
458 1318 500 1345 ut
534 1310 681 1346 Christi
714 1310 900 1347 divinitas
934 1320 1015 1347 tam
1050 1311 1090 1347 in
1124 1311 1265 1347 mediis
1290 1325 1411 1360 quam
1435 1312 1475 1348 in
1499 1312 1578 1349 fine

256 1366 369 1402 istius
409 1367 542 1415 operis
581 1368 785 1416 glorietur.
834 1369 938 1414 Quia
978 1382 1072 1417 ergo
1112 1372 1217 1406 Deus
1257 1371 1340 1406 vult
1388 1379 1425 1406 et
1471 1370 1577 1407 volet

255 1433 337 1461 tam
378 1425 567 1461 divinitus
600 1439 720 1474 quam
756 1427 987 1463 humanitus
1020 1427 1061 1463 in
1093 1437 1177 1464 tota
1211 1428 1358 1465 Christi
1396 1428 1578 1465 viacione

200 1497 241 1518 20
257 1492 450 1531 perpetuo
483 1483 659 1531 gloriari,
699 1484 789 1521 ideo
829 1484 923 1533 quia
962 1485 1017 1521 sic
1050 1485 1089 1521 in
1122 1486 1208 1533 ipso
1241 1486 1478 1534 gloriabitur
1510 1499 1578 1523 ne-

257 1553 363 1577 cesse
397 1550 454 1578 est
487 1542 689 1579 Christum
723 1542 856 1579 taliter
878 1543 1051 1591 operari,
1086 1544 1179 1592 quia
1203 1545 1424 1580 secundum
1449 1544 1578 1592 philo-

256 1600 403 1647 sophos
437 1613 557 1637 causa
590 1600 720 1637 finalis
752 1601 925 1649 imponit
960 1601 1175 1638 maximam
1210 1602 1489 1639 necessitatem
1525 1603 1578 1639 ef-

256 1657 375 1694 fectui
409 1658 650 1707 precedenti.

314 1717 361 1752 Et
384 1716 564 1766 sequitur
586 1717 626 1753 in
648 1726 755 1753 textu
779 1718 973 1766 prophete
1007 1719 1231 1766 (paululum
1267 1718 1490 1763 intercise):
1524 1719 1577 1755 Et

199 1777 354 1810 25nnnc
392 1776 460 1811 lzec
498 1775 589 1811 dicit
620 1774 826 1821 Dominus,
859 1777 1048 1824 formans
1088 1789 1147 1812 me
1184 1789 1235 1813 ex
1273 1784 1382 1813 utero
1420 1790 1575 1813 servum

255 1832 337 1869 sibi.
396 1834 473 1870 Sed
518 1833 612 1881 quia
651 1833 799 1870 Christi
846 1834 1073 1870 humanitas
1118 1834 1219 1871 sicut
1265 1844 1301 1871 et
1340 1834 1467 1871 sancti
1508 1835 1575 1872 alii

256 1890 403 1927 Christi
436 1892 596 1928 fuerunt
628 1892 744 1939 plene
779 1891 850 1928 Dei
896 1892 1148 1940 beneplacito
1189 1893 1442 1938 conformati,
1484 1892 1573 1930 ideo

256 1949 306 1984 ad
351 1950 625 1986 denotandum
670 1949 787 1986 istam
835 1950 1155 1987 conformitatem
1202 1951 1381 1999 loquitur
1426 1951 1572 1988 Christi

256 2007 483 2044 humanitas
516 2008 576 2044 vel
609 2007 691 2043 eius
725 2009 950 2044 membrum
985 2011 1190 2057 quomodo
1214 2010 1262 2045 ad
1287 2009 1571 2057 complendum

198 2070 240 2102 30
255 2065 327 2101 Dei
368 2065 664 2114 beneplacitum
704 2074 760 2102 est
805 2075 1003 2114 paratum.
1052 2067 1104 2102 Et
1148 2079 1258 2111 nunc,
1298 2066 1442 2115 inquit,
1483 2068 1573 2103 dicit

252 2122 457 2171 Dominus,
478 2125 668 2173 formans
700 2137 759 2160 me
790 2136 841 2160 ex
873 2132 981 2160 utero
1014 2137 1169 2161 servum
1200 2125 1284 2165 sibi.
1320 2125 1431 2161 Sicut
1465 2125 1571 2162 enim

251 2180 563 2218 instrumentum
596 2195 677 2218 non
710 2182 829 2218 habet
862 2183 1054 2219 rebellare
1089 2192 1228 2219 contra
1259 2183 1469 2230 artificem,
1504 2184 1572 2220 sed

161 2266 223 2299 FO}
251 2238 292 2275 in
331 2240 516 2276 omnibus
555 2240 814 2276 conformiter
853 2240 944 2277 duci
983 2241 1084 2289 ipso,
1126 2241 1181 2277 sic
1222 2250 1407 2278 creatura
1446 2241 1572 2278 racio-

156 2291 236 2355 3045
251 2297 351 2334 nalis
389 2299 506 2335 debet
545 2301 628 2335 Deo
669 2312 741 2335 suo
776 2298 780 2350 Ι
816 2298 856 2334 in
901 2299 1087 2335 omnibus
1134 2299 1397 2345 conformari3
1445 2300 1571 2336 multo

195 2360 234 2393 35
252 2356 377 2404 magis
422 2369 514 2404 ergo
549 2356 695 2393 Christi
737 2356 967 2393 humanitas
1009 2366 1045 2393 et
1085 2357 1293 2405 quodlibet
1332 2357 1569 2405 precipuum

251 2413 334 2450 eius
368 2416 607 2451 membrum.
642 2415 752 2451 Sicut
786 2415 891 2451 enim
925 2417 1088 2452 verbum
1125 2415 1196 2452 Dei
1229 2415 1302 2451 fuit
1335 2425 1569 2463 generatum

251 2471 440 2509 divinitus
480 2486 523 2509 ex
561 2482 676 2510 utero
717 2482 809 2510 ante
850 2473 1091 2517 Luciferum,
1131 2473 1186 2509 sic
1225 2473 1298 2509 fuit
1337 2473 1569 2510 ordinatum

251 2530 482 2567 humanitus
528 2540 619 2567 ante
658 2540 842 2580 tempora
879 2532 940 2568 vel
981 2541 1207 2568 creaturam
1247 2531 1425 2580 aliquam
1472 2545 1570 2580 quo-

251 2589 373 2625 modo
406 2601 486 2625 non
520 2589 656 2625 debuit
687 2602 758 2638 per
789 2589 927 2626 omnia
959 2603 999 2626 se
1033 2591 1192 2627 habere.

317 2744 342 2774 5.
363 2746 522 2783 A:sactis
541 2746 606 2774 suis
625 2756 679 2775 seu
699 2747 793 2775 deest.
885 2756 913 2783 ς).
935 2749 979 2775 A:
1001 2756 1103 2784 super.
1192 2756 1231 2784 17.
1254 2748 1322 2776 DE:
1367 2749 1428 2776 uod
1446 2748 1477 2776 in
1487 2747 1566 2783 fine.

251 2788 292 2815 19.
312 2782 357 2809 A:
383 2782 415 2809 in
436 2782 529 2809 deest.
637 2790 686 2817 24.
702 2783 883 2818 paululum;
908 2784 953 2811 A:
976 2784 1132 2819 pabulum.
1246 2782 1291 2812 30.
1312 2784 1337 2812 D
1360 2785 1381 2812 'z
1409 2784 1463 2811 hec
1482 2783 1566 2811 dicit.

249 2816 294 2852 37,
315 2815 360 2844 38.
382 2816 452 2845 DE:
473 2816 622 2844 ordinata
641 2817 827 2845 humanitas.

323 2911 351 2934 α.
380 2902 483 2934 Marci
510 2902 550 2943 X,
576 2912 632 2943 44.
733 2912 782 2937 12.
809 2902 851 2937 Is,
877 2903 994 2943 XLIX,
1023 2904 1052 2937 3.
1151 2913 1204 2945 24.
1231 2903 1276 2936 ib.
1305 2902 1334 2936 5.

1383 2962 1432 2998 0³
