2062 3276
276 233 411 264 SERMO
433 226 554 284 extu]
753 240 945 280 QUARTA
973 241 1098 273 PARS.

334 347 520 384 Secundo
567 347 688 384 modo
733 345 882 383 dicitur
920 347 1027 396 ipsos
1072 346 1275 385 incurrere
1322 347 1586 384 homicidium

277 403 352 441 isto
400 405 534 451 modo,
586 404 618 441 si
665 404 800 440 fideles
853 404 921 453 qui
966 405 1144 442 defectus
1188 418 1280 442 suos
1329 414 1500 454 arguunt
1548 406 1587 442 iu

276 461 455 509 caritate,
491 461 712 499 mendaciis
746 470 783 499 et
817 461 952 498 multis
987 462 1346 510 procuracionibus
1379 463 1588 500 fallacibus

275 529 584 569 persequuntur.
631 521 732 557 Cum
766 531 860 568 ergo
894 521 969 556 hoc
1002 520 1140 556 odium
1180 521 1401 557 fraternum
1436 521 1486 557 sit
1518 522 1588 558 ho-

242 577 495 624 5micidium,
535 586 578 614 ut
610 586 720 627 patet
753 589 796 614 ex
829 577 959 624 dictis,
998 577 1156 614 videtur
1194 580 1302 626 quod
1334 587 1377 615 ut
1409 578 1464 615 sic
1497 588 1588 615 sunt

274 635 594 673 abhominabiles
639 634 841 672 homicide
885 647 958 672 nec
1002 636 1130 672 solum
1176 635 1244 684 qui
1290 635 1442 673 faciunt
1486 649 1588 685 opus

273 694 352 731 tale
385 706 631 743 perversum,
665 694 733 730 sed
758 693 824 742 qui
855 693 991 743 aliquo
1024 706 1088 730 sex
1123 695 1335 730 modorum
1370 706 1587 730 consensus

274 751 537 789 consenciunt
570 750 746 788 facienti.

331 811 379 846 Et
402 809 528 847 tercio
553 811 674 846 modo
697 809 883 846 videntur
911 809 1052 847 fratres
1085 810 1288 846 incurrere
1322 809 1586 846 homicidium

219 878 316 904 xoex
360 867 609 916 negligencia
660 867 839 904 veritatis
893 867 1061 904 dicende
1115 867 1371 916 magnatibus
1417 875 1454 904 et
1499 867 1587 904 aliis

272 939 442 975 quorum
484 925 709 963 animarum
764 938 900 962 curam
948 926 1280 972 confessionibus,
1329 925 1505 963 consiliis
1551 935 1587 962 et

271 984 344 1021 viis
378 984 465 1021 aliis
497 985 634 1021 sedule
668 993 949 1033 procurarent.
992 984 1069 1033 Ipsi
1105 984 1211 1021 enim
1246 993 1380 1021 tacent
1413 984 1472 1021 vel
1504 983 1588 1020 ani-

273 1051 383 1079 mant
416 1051 459 1079 ut
491 1043 589 1080 tales
630 1042 783 1078 domini
823 1042 1079 1079 committant
1118 1041 1341 1079 iniusticias
1381 1055 1471 1079 cum
1507 1041 1587 1078 suis

181 1136 207 1167 F
234 1135 243 1166 l
272 1100 498 1138 intrinsecis
537 1109 574 1137 et
613 1100 779 1137 omnino
819 1100 984 1137 dimisso
1018 1113 1157 1137 amore
1188 1100 1329 1137 salutis
1362 1100 1495 1137 anime
1527 1101 1587 1136 vel

175 1146 474 1223 34⁰55pr0fectus
519 1158 686 1195 ecclesie
725 1155 730 1211 Ι
772 1167 809 1195 et
857 1158 914 1195 sic
959 1159 1108 1196 Christi
1156 1160 1207 1196 ad
1257 1171 1437 1195 amorem
1487 1167 1588 1195 tem-

271 1217 471 1265 poralium
516 1217 576 1253 vel
621 1217 815 1253 honorem
864 1217 924 1254 vel
976 1217 1131 1253 lucrum
1186 1225 1409 1254 stercorum
1460 1217 1587 1264 magis

272 1275 417 1312 zelant.
471 1276 686 1321 Quomodo
733 1283 867 1311 autem
915 1287 995 1311 non
1049 1275 1181 1312 forent
1232 1276 1332 1312 tales
1384 1274 1587 1311 homicide

273 1332 595 1382 irregularissimi
631 1333 715 1369 iure
754 1332 860 1381 poli?
893 1335 1002 1382 quod
1035 1333 1066 1369 si
1098 1333 1147 1370 sit
1180 1345 1332 1379 verum,
1379 1334 1587 1381 quomodo

273 1404 354 1428 non
377 1390 618 1428 auctoritate
650 1391 798 1428 summi
831 1390 1034 1440 pontificis
1066 1391 1168 1428 foret
1202 1391 1372 1428 ecclesia
1406 1399 1443 1427 et
1476 1391 1587 1428 habi-

215 1462 257 1483 20
273 1449 379 1486 tacio
425 1462 563 1486 eorum
609 1449 824 1486 interdicta
864 1458 901 1486 et
940 1449 1175 1498 suffragium
1221 1448 1508 1486 celebracionis
1542 1462 1587 1486 ac

272 1507 473 1545 oracionis
508 1520 647 1545 eorum
681 1520 933 1556 suspensum,
969 1516 1005 1544 et
1031 1520 1101 1556 per
1134 1520 1383 1557 consequens
1416 1506 1471 1543 illi
1495 1520 1587 1555 pro-

271 1565 420 1603 ditores
473 1578 688 1614 regnorum
742 1565 1008 1611 subtilissimi,
1065 1565 1158 1615 quia
1202 1565 1271 1602 ubi
1321 1578 1386 1602 rex
1433 1573 1587 1613 regeret

271 1624 466 1673 populum
502 1624 765 1661 christianum
801 1624 867 1673 qui
901 1625 1122 1661 secundum
1151 1623 1420 1673 Augustinum
1455 1624 1584 1660 solum

271 1691 329 1720 est
366 1683 553 1731 populus,
599 1682 751 1719 faciunt
795 1684 904 1732 quod
950 1692 1059 1731 regat
1105 1682 1287 1720 diabolos
1326 1681 1508 1719 infideles
1549 1690 1586 1718 et

213 1743 253 1776 25
270 1741 326 1777 sic
358 1740 551 1789 regaliam
597 1742 809 1777 destruunt
852 1749 974 1790 atque
1012 1753 1192 1789 regnum.
1238 1743 1286 1777 Et
1324 1749 1461 1777 tamen
1503 1752 1584 1776 non

270 1800 454 1836 obstante
478 1799 554 1836 ista
586 1798 897 1847 presumpcione
931 1799 1027 1835 nulli
1061 1799 1122 1836 vel
1155 1799 1274 1847 pauci
1306 1798 1438 1835 sciunt
1462 1810 1586 1848 quan-

270 1866 353 1894 tam
397 1856 610 1906 pecuniam
657 1857 794 1894 dolose
839 1857 1039 1894 defalcant
1078 1870 1099 1894 a
1133 1857 1263 1906 regnis
1309 1857 1445 1893 colore
1489 1869 1585 1905 ypo-

271 1915 411 1952 critico
444 1915 624 1964 suffragii
657 1914 892 1964 spiritualis.

328 1975 376 2010 Et
413 1973 454 2010 in
499 1973 575 2010 isto
621 1973 799 2022 capitulo
844 1973 1052 2010 homicidii
1097 1981 1134 2009 et
1172 1972 1432 2022 spoliacionis
1473 1972 1583 2021 regni

212 2035 254 2067 30
268 2031 453 2068 videntur
487 2044 570 2068 esse
603 2044 742 2068 omnes
775 2031 989 2080 religiones
1028 2031 1180 2080 private
1214 2040 1250 2068 et
1282 2030 1512 2079 specialiter
1544 2031 1583 2067 in

268 2090 505 2127 infidelitate
550 2091 598 2126 de
643 2089 885 2127 Eukaristia.
941 2091 1105 2127 Certum
1155 2089 1319 2138 quidem
1369 2097 1427 2126 est
1475 2090 1582 2138 quod

266 2149 416 2185 nedum
471 2147 795 2185 christianismus
841 2149 910 2185 sed
956 2149 1227 2197 quodcunque
1278 2160 1446 2196 regnum
1499 2146 1584 2183 eius

266 2207 328 2243 vel
379 2207 559 2244 notanda
612 2206 881 2244 communitas
934 2206 975 2243 in
1019 2207 1099 2243 duo
1152 2205 1356 2251 dividitur,
1411 2218 1583 2254 quarum

267 2264 400 2313 prima
438 2277 531 2314 pars
569 2278 691 2314 quam
731 2264 897 2314 quidam
931 2273 1077 2302 vocant
1111 2263 1327 2301 Urbanitas
1358 2276 1450 2300 vere
1490 2276 1584 2300 con-

211 2324 251 2357 35
269 2323 374 2359 cedit
406 2324 516 2371 quod
547 2322 663 2372 panis
695 2323 1004 2360 sacramentalis
1037 2322 1086 2359 sit
1119 2334 1210 2359 vere
1243 2331 1280 2359 et
1313 2321 1476 2359 realiter
1498 2335 1584 2359 cor-

268 2394 342 2429 pus
375 2380 538 2427 Christi,
586 2381 665 2418 alia
708 2390 843 2418 autem
888 2394 980 2430 pars
1025 2380 1199 2416 infidelis
1245 2393 1322 2429 que
1367 2388 1425 2417 est
1467 2381 1584 2428 longe

267 2438 479 2487 potencior
510 2438 591 2476 sive
623 2439 778 2487 plurior
811 2452 933 2488 quam
969 2437 1133 2488 quidam
1166 2447 1312 2475 vocant
1345 2438 1584 2475 Robertinos

268 2497 409 2534 asserit
452 2496 667 2534 infideliter
711 2498 819 2546 quod
865 2498 941 2534 hoc
985 2505 1285 2533 sacramentum
1330 2509 1411 2533 non
1450 2504 1583 2545 potest

268 2567 352 2592 esse
386 2554 502 2604 panis
535 2568 607 2592 nec
641 2568 787 2604 corpus
812 2555 961 2592 Christi
994 2556 1063 2592 sed
1094 2567 1219 2591 unum
1254 2554 1440 2591 accidens
1474 2555 1583 2603 quod

206 2612 470 2661 40ignorant.

295 2758 301 2764 .
335 2731 360 2764 ξε.
383 2724 477 2752 Cod.:
503 2724 645 2752 sideest.
666 2723 795 2751 Addidi.
854 2730 890 2751 12.
913 2723 1009 2751 Cod.:
1027 2727 1250 2760 procurarunt.
1307 2721 1350 2752 32.
1371 2724 1417 2751 A:
1439 2723 1583 2751 christia-

266 2767 419 2786 msszmus,

338 2820 391 2853 23.
425 2819 477 2852 Cf.
512 2820 545 2851 S.
573 2820 767 2861 Augustini,
801 2820 851 2851 De
879 2820 1026 2851 Civitate
1051 2820 1125 2860 Dei,
1159 2819 1218 2851 lib.
1242 2820 1329 2859 XIX,
1363 2829 1436 2861 cap.
1462 2818 1581 2856 XXIII,

267 2867 358 2908 Opp.
384 2873 470 2897 tom.
488 2866 561 2906 VII,
588 2876 666 2908 pag.
696 2865 772 2908 570.

1380 2923 1449 2955 32*

1793 249 1876 285 499

1697 365 1722 385 2.
1744 358 1786 394 By

1609 393 1803 428 persecuting
1824 394 1874 421 the

1638 427 1676 454 fai
1694 428 1756 455 hful
1779 429 1850 455 who

1627 462 1740 490 rebukc
1760 462 1853 490 them.

1632 817 1656 847 3.
1679 819 1722 856 ssy
1743 819 1849 855 liiding

1612 854 1661 881 the
1682 855 1764 882 truth
1786 855 1867 882 from

1614 889 1703 916 those
1722 890 1793 916 who
1816 897 1866 916 are

1645 924 1743 951 under
1764 924 1843 951 their

1661 958 1825 986 influencc.

1655 1981 1822 2011 Difference

1670 2017 1805 2045 between

1617 2052 1781 2080 Urbanites
1802 2054 1860 2081 and

1621 2087 1802 2116 Robertines
1824 2097 1857 2116 as

1687 2128 1717 2150 to
1738 2124 1788 2151 the

1652 2158 1823 2186 Eucharist.
