2062 3276
205 286 277 323 142

214 1674 293 1702 How
314 1674 418 1702 Christ
438 1674 463 1701 is

221 1709 400 1745 persecuted
423 1709 452 1736 in

210 1744 266 1771 His
290 1744 459 1771 members.

778 285 1001 317 JOHANNIS
1020 285 1204 317 WYCLIF
1224 285 1481 318 SERMONUM
1531 272 1682 330 [SERMO
1704 283 1799 311 xvn.

485 391 699 428 servanciis
733 390 870 428 dicunt
903 393 1010 441 quod
1043 391 1143 428 liber
1175 392 1253 429 vite
1287 392 1354 441 qui
1384 401 1441 429 est
1464 393 1663 442 scriptura
1685 405 1799 430 sacra

485 448 617 496 prima
649 448 757 498 ipsos
790 449 1005 487 necessitat
1050 451 1101 487 ad
1145 451 1280 487 taliter
1320 450 1626 488 convivendum.
1673 452 1721 487 Et
1755 463 1799 487 ex

485 505 562 543 isto
597 519 733 544 errore
766 507 977 557 antiquato
1012 517 1154 545 contra
1186 508 1415 546 libertatem
1455 509 1652 557 scripture
1686 521 1798 546 sacre

490 565 676 602 eveniunt
711 566 836 603 multa
870 567 987 603 mala.
1022 567 1156 612 Quare
1190 579 1283 614 ergo
1315 580 1397 603 non
1430 567 1532 603 foret
1555 568 1626 604 hec
1650 566 1799 604 heresis

487 632 627 660 contra
659 623 805 660 librum
839 624 917 661 vite
950 633 1031 661 tam
1066 624 1326 672 pertinaciter
1359 617 1635 661 defensatum?
1668 624 1834 662 Nichil5

491 693 584 729 ergo
619 682 736 718 debet
770 683 892 718 homo
924 694 1067 719 vovere
1101 682 1340 731 simpliciter
1374 682 1414 720 in
1446 682 1592 719 talibus
1629 682 1801 720 variabi-

486 738 589 775 libus
621 741 689 776 sed
721 752 881 788 semper
913 739 1037 777 libere
1069 740 1379 789 subintelligere,
1414 742 1521 789 quod
1562 742 1609 777 de
1650 749 1801 789 quanto

488 796 585 833 illud
620 798 799 846 proderit
833 798 999 835 ecclesie
1033 798 1240 845 militanti3
1287 808 1324 835 et
1356 798 1473 836 istam
1508 798 1801 847 obligacionem

489 855 815 893 condicionatam
851 856 1059 893 dimittunt
1090 866 1241 893 temere
1274 856 1486 905 religiones
1520 856 1685 905 private.

547 913 704 951 Putavit
727 923 862 951 autem
882 916 1021 951 Petrus
1045 915 1120 951 hoc
1143 924 1272 951 totum
1297 914 1417 951 fuisse
1440 915 1685 963 sompnium,
1710 927 1800 952 cum
1822 928 1860 950 10

488 980 570 1008 tarn
605 972 768 1008 remisse
791 972 865 1009 fuit
887 972 943 1010 sic
966 972 1203 1010 illustratus.
1239 973 1413 1018 Quidam
1440 973 1544 1010 enim
1569 973 1801 1022 sompniant

491 1042 531 1065 se
576 1030 809 1079 sompniare
852 1031 921 1067 sed
958 1038 1201 1068 transeuntes
1234 1032 1407 1081 primum
1448 1032 1735 1080 quaternionem
1769 1038 1803 1067 et

487 1089 695 1124 secundum
728 1101 939 1137 percussos
973 1089 1130 1126 cecitate
1163 1092 1220 1135 (ut
1253 1091 1314 1126 IV.
1340 1091 1432 1138 Reg.
1456 1091 1543 1136 V10,
1576 1091 1621 1126 18
1657 1089 1803 1126 dicitur

490 1146 537 1182 de
578 1145 772 1183 militibus
811 1147 1035 1184 volentibus
1076 1160 1218 1195 capere
1259 1147 1479 1193 Heliseum)
1526 1156 1710 1184 venerunt
1753 1148 1805 1183 ad

484 1211 642 1253 portam
677 1204 716 1241 in
739 1204 842 1242 atrio
867 1205 1037 1242 carceris
1070 1218 1140 1254 que
1172 1206 1346 1242 creditur
1378 1205 1497 1242 fuisse
1520 1205 1662 1242 ultima
1685 1214 1803 1254 porta
1824 1209 1860 1241 15

490 1262 610 1298 castri
644 1271 681 1299 et
713 1263 980 1312 propinquius
1015 1265 1155 1300 ducere
1189 1264 1225 1299 in
1259 1263 1449 1299 civitatem
1484 1271 1518 1300 et
1550 1263 1687 1301 habita
1727 1263 1804 1300 evi-

491 1319 633 1357 dencia
656 1321 875 1358 evacuandi
899 1321 1097 1358 fantasma
1131 1321 1303 1358 discessit
1335 1322 1499 1372 angelus
1530 1323 1577 1358 ab
1610 1334 1667 1369 eo,
1694 1329 1802 1371 post-

491 1390 602 1427 quam
637 1379 672 1415 in
705 1379 859 1415 civitate
885 1387 1163 1428 processerant
1195 1380 1317 1416 vicum
1343 1393 1470 1415 unum.
1506 1381 1646 1416 Petrus
1669 1388 1802 1416 autem

492 1448 737 1484 cognoscens
759 1436 967 1474 veritatem
995 1437 1179 1474 miraculi
1203 1438 1363 1474 laudem
1382 1437 1544 1474 Domini
1569 1438 1802 1474 confitetur:

491 1494 616 1542 Nunc,
650 1494 792 1544 inquit,
825 1496 902 1532 scio
932 1509 1021 1532 vere
1043 1496 1128 1545 quia
1153 1496 1253 1532 misit
1276 1496 1466 1532 Dominus
1487 1497 1669 1546 angelum
1692 1509 1801 1532 suum
1820 1509 1862 1530 20

492 1560 527 1588 et
558 1553 699 1603 eripuit
732 1566 792 1590 nze
823 1554 870 1590 de
901 1567 1015 1590 manu
1048 1554 1221 1591 Herodis
1253 1562 1288 1590 et
1321 1555 1367 1590 de
1400 1554 1631 1590 vindicatura
1664 1566 1803 1604 expec-

493 1611 617 1647 tancia
648 1612 875 1648 Judeorum.

552 1669 666 1706 Circa
700 1669 818 1707 istam
852 1670 1064 1718 epistolam
1107 1670 1314 1707 dubitatur
1359 1680 1493 1707 utrum
1529 1669 1710 1707 Christus
1755 1670 1804 1707 sit

493 1739 563 1775 per
607 1728 807 1764 seculares
852 1729 939 1776 plus
984 1741 1104 1777 quam
1151 1741 1220 1777 per
1265 1730 1494 1765 sacerdotes
1533 1729 1574 1765 in
1614 1728 1804 1765 membris

492 1784 572 1821 suis
598 1785 863 1823 militantibus
896 1796 1142 1835 persecutus,
1177 1796 1214 1823 et
1247 1796 1401 1824 certum
1436 1795 1493 1823 est
1525 1788 1633 1836 quod
1664 1800 1803 1823 verum
1821 1790 1861 1822 25

493 1852 550 1879 est
583 1844 853 1893 suppositum,
889 1858 978 1881 cum
1004 1844 1186 1882 Christus
1209 1845 1259 1881 sit
1283 1858 1353 1894 per
1385 1854 1602 1894 utrumque
1635 1844 1803 1881 istorum

493 1902 751 1938 brachiorum
786 1912 1032 1951 persecutus.
1079 1903 1191 1940 Sicut
1230 1903 1334 1939 enim
1367 1903 1408 1939 in
1442 1902 1700 1940 crucifixione
1733 1915 1804 1939 sua

491 1961 694 2008 personali
728 1960 927 1998 affuerunt
951 1960 1098 1998 milites
1123 1970 1161 1998 et
1184 1963 1414 1998 sacerdotes
1439 1961 1622 2008 consilio,
1656 1960 1803 1998 auxilio

492 2027 529 2054 et
562 2017 785 2055 ministerio
819 2019 1056 2064 cruciantes,
1103 2018 1159 2056 sic
1207 2029 1265 2056 est
1310 2020 1357 2056 de
1402 2020 1593 2056 membris
1638 2019 1719 2055 suis
1767 2027 1805 2055 et

492 2085 582 2124 post
615 2077 894 2114 ascensionem
928 2079 977 2114 ab
1011 2077 1096 2113 istis
1136 2077 1316 2125 partibus
1356 2086 1602 2126 persecutus.
1636 2076 1804 2113 Videtur
1820 2082 1862 2114 30

492 2143 629 2171 tamen
662 2135 760 2171 mihi
795 2137 903 2183 quod
935 2135 1150 2184 utrobique
1183 2144 1273 2171 sunt
1308 2135 1443 2172 clerici
1477 2136 1565 2184 plus
1600 2135 1803 2185 culpandi⁷

492 2192 586 2241 quia
619 2192 675 2228 illi
709 2205 753 2229 ex
786 2193 925 2230 alciori
959 2195 1086 2241 gradu
1118 2202 1156 2229 et
1188 2193 1293 2241 pluri
1329 2193 1542 2230 carismate
1580 2201 1671 2229 sunt
1711 2205 1803 2240 erga

494 2249 711 2287 Dominum
746 2252 834 2299 plus
868 2250 1026 2299 ingrati.
1075 2253 1152 2288 Sed
1184 2251 1287 2288 sicut
1320 2251 1359 2288 in
1392 2251 1506 2287 bonis
1540 2263 1642 2287 unus
1681 2251 1803 2287 homo

493 2317 530 2345 et
561 2308 685 2345 virtus
717 2321 788 2346 sua
813 2310 932 2346 habet
955 2309 1159 2346 racionem
1186 2309 1495 2358 preeminencie,
1530 2309 1586 2346 sic
1609 2308 1649 2345 in
1674 2308 1801 2345 malis.

492 2367 674 2403 Herodes
698 2367 803 2404 enirn
820 2367 903 2416 (qui
919 2367 1207 2415 interpretatur
1222 2367 1392 2416 pellibus
1415 2367 1605 2415 glorians)
1623 2375 1803 2403 remanet
1821 2369 1860 2403 35

493 2423 533 2460 in
566 2424 706 2473 figura,
742 2438 833 2462 cum
867 2425 1066 2463 seculares
1101 2425 1254 2462 domini
1288 2425 1355 2474 qui
1389 2425 1614 2473 gloriantur
1638 2425 1677 2460 in
1701 2425 1804 2461 exal-

491 2483 650 2519 tacione
684 2485 889 2520 mundana
921 2484 981 2520 vel
1022 2483 1244 2532 cupiditate
1291 2482 1577 2531 temporalium
1624 2484 1805 2520 membra

492 2540 641 2577 Christi
688 2541 965 2590 multipliciter
1010 2550 1319 2591 persequuntur.
1375 2543 1424 2578 Et
1468 2541 1600 2590 primo
1647 2540 1805 2577 videtur

561 2691 587 2712 2.
608 2684 632 2712 E
652 2685 681 2712 in
704 2693 816 2721 marg:
844 2686 934 2714 Nota.
1006 2685 1031 2714 5.
1052 2686 1121 2713 DE:
1149 2686 1210 2713 vite
1229 2685 1329 2717 deest:
1356 2685 1396 2713 ib.
1417 2685 1442 2713 E
1462 2685 1493 2713 in
1515 2692 1629 2721 marg:
1656 2685 1704 2713 De
1723 2688 1803 2713 voto.

493 2718 536 2747 23.
556 2719 581 2746 E
599 2719 630 2746 in
651 2728 764 2755 marg:
790 2720 961 2748 Dubitat-io.
1093 2720 1137 2748 28.
1158 2722 1204 2748 A:
1231 2720 1373 2748 concilio.
1498 2727 1544 2756 29.
1566 2720 1635 2748 DE:
1661 2723 1692 2747 et
1709 2720 1802 2747 deest.

493 2752 538 2781 30.
559 2754 605 2782 A:
620 2758 800 2789 persecutus
818 2756 912 2783 deest.
973 2754 1012 2784 31.
1033 2755 1078 2783 A:
1098 2755 1174 2782 mihi
1192 2755 1292 2795 deest5
1313 2755 1352 2782 ib.
1368 2756 1413 2783 A:
1433 2755 1513 2789 st‘nt‚·
1532 2755 1572 2782 ib.
1592 2755 1617 2782 E
1636 2754 1666 2782 in
1688 2763 1801 2790 marg:

492 2787 685 2816 Clert'corum
710 2790 858 2825 culpacio.
989 2789 1031 2818 33.
1058 2789 1127 2817 DE:
1155 2791 1185 2817 in
1212 2790 1310 2817 donis.
1442 2789 1488 2825 34.
1516 2791 1559 2818 A:
1581 2790 1803 2825 preminencie.

493 2821 535 2852 35.
555 2822 580 2851 Ε
599 2823 630 2851 in
651 2832 765 2859 marg:
786 2824 920 2852 Pellibus
938 2825 1092 2862 glorians.

567 2916 603 2941 12
632 2914 664 2940 et
690 2918 806 2952 seqq.:
833 2909 909 2942 Act.
933 2909 1003 2950 XII,
1027 2919 1076 2942 10.
1175 2919 1228 2943 20.
1255 2908 1300 2942 ib.
1323 2919 1373 2944 11.
