<?xml version="1.0" encoding="UTF-8"?>
<!DOCTYPE html PUBLIC "-//W3C//DTD XHTML 1.0 Transitional//EN"
    "http://www.w3.org/TR/xhtml1/DTD/xhtml1-transitional.dtd">
<html xmlns="http://www.w3.org/1999/xhtml" xml:lang="en" lang="en">
 <head>
  <title>
</title>
<meta http-equiv="Content-Type" content="text/html;charset=utf-8" />
  <meta name='ocr-system' content='tesseract 3.04.00' />
  <meta name='ocr-capabilities' content='ocr_page ocr_carea ocr_par ocr_line ocrx_word'/>
</head>
<body>
  <div class='ocr_page' id='page_1' title='image "./iohanniswyclifse0704wycl_0362.png"; bbox 0 0 2062 3276; ppageno 0'>
   <div class='ocr_carea' id='block_1_1' title="bbox 131 269 206 313">
    <p class='ocr_par' dir='ltr' id='par_1_1' title="bbox 131 269 206 313">
     <span class='ocr_line' id='line_1_1' title="bbox 131 269 146 304; textangle 90"><span class='ocrx_word' id='word_1_1' title='bbox 131 269 146 304; x_wconf 50' lang='lat'>&#39;22</span> 
     </span>
     <span class='ocr_line' id='line_1_2' title="bbox 157 282 190 313; textangle 90"><span class='ocrx_word' id='word_1_2' title='bbox 157 282 190 313; x_wconf 50' lang='lat' dir='ltr'>*h</span> 
     </span>
     <span class='ocr_line' id='line_1_3' title="bbox 190 279 206 303; textangle 90"><span class='ocrx_word' id='word_1_3' title='bbox 190 279 206 303; x_wconf 59' lang='grc' dir='ltr'>[υ</span> 
     </span>
    </p>
   </div>
   <div class='ocr_carea' id='block_1_2' title="bbox 712 268 1722 325">
    <p class='ocr_par' dir='ltr' id='par_1_2' title="bbox 712 268 1722 325">
     <span class='ocr_line' id='line_1_4' title="bbox 712 268 1722 325; baseline 0.005 -16"><span class='ocrx_word' id='word_1_4' title='bbox 712 278 935 311; x_wconf 68' lang='lat' dir='ltr'>,IOHANNIS</span> <span class='ocrx_word' id='word_1_5' title='bbox 955 281 1139 312; x_wconf 68' lang='lat' dir='ltr'>WYCLIF</span> <span class='ocrx_word' id='word_1_6' title='bbox 1158 282 1414 313; x_wconf 82' lang='lat' dir='ltr'>SERMONUM</span> <span class='ocrx_word' id='word_1_7' title='bbox 1472 268 1623 325; x_wconf 72' lang='lat' dir='ltr'>[SERMO</span> <span class='ocrx_word' id='word_1_8' title='bbox 1646 279 1722 306; x_wconf 79' lang='lat' dir='ltr'>XU·</span> 
     </span>
    </p>
   </div>
   <div class='ocr_carea' id='block_1_3' title="bbox 417 384 1724 551">
    <p class='ocr_par' dir='ltr' id='par_1_3' title="bbox 417 384 1724 551">
     <span class='ocr_line' id='line_1_5' title="bbox 417 384 1724 436; baseline 0.004 -17"><span class='ocrx_word' id='word_1_9' title='bbox 417 384 702 420; x_wconf 73' lang='lat' dir='ltr'>dominabatur</span> <span class='ocrx_word' id='word_1_10' title='bbox 736 385 889 422; x_wconf 89' lang='lat' dir='ltr'>homini</span> <span class='ocrx_word' id='word_1_11' title='bbox 922 386 1171 424; x_wconf 82' lang='lat' dir='ltr'>incarcerato</span> <span class='ocrx_word' id='word_1_12' title='bbox 1211 390 1278 424; x_wconf 85' lang='lat' dir='ltr'>sed</span> <span class='ocrx_word' id='word_1_13' title='bbox 1312 387 1566 424; x_wconf 85' lang='lat' dir='ltr'>tirannizavit</span> <span class='ocrx_word' id='word_1_14' title='bbox 1605 401 1724 436; x_wconf 86' lang='lat' dir='ltr'>super</span> 
     </span>
     <span class='ocr_line' id='line_1_6' title="bbox 418 441 1724 490; baseline 0.004 -13"><span class='ocrx_word' id='word_1_15' title='bbox 418 441 579 478; x_wconf 89' lang='lat' dir='ltr'>homine</span> <span class='ocrx_word' id='word_1_16' title='bbox 619 455 736 490; x_wconf 86' lang='lat' dir='ltr'>quem</span> <span class='ocrx_word' id='word_1_17' title='bbox 784 443 927 480; x_wconf 88' lang='lat' dir='ltr'>iniuste</span> <span class='ocrx_word' id='word_1_18' title='bbox 967 445 1148 482; x_wconf 78' lang='lat' dir='ltr'>detrusit.</span> <span class='ocrx_word' id='word_1_19' title='bbox 1204 448 1284 482; x_wconf 88' lang='lat' dir='ltr'>Nec</span> <span class='ocrx_word' id='word_1_20' title='bbox 1324 446 1397 482; x_wconf 90' lang='lat' dir='ltr'>fuit</span> <span class='ocrx_word' id='word_1_21' title='bbox 1441 446 1542 482; x_wconf 85' lang='lat' dir='ltr'>alius</span> <span class='ocrx_word' id='word_1_22' title='bbox 1581 448 1724 482; x_wconf 87' lang='lat' dir='ltr'>modus</span> 
     </span>
     <span class='ocr_line' id='line_1_7' title="bbox 418 500 1418 551; baseline 0.005 -16"><span class='ocrx_word' id='word_1_23' title='bbox 418 500 641 536; x_wconf 88' lang='lat' dir='ltr'>redimendi</span> <span class='ocrx_word' id='word_1_24' title='bbox 675 501 976 549; x_wconf 89' lang='lat' dir='ltr'>competencior</span> <span class='ocrx_word' id='word_1_25' title='bbox 1011 504 1069 549; x_wconf 87' lang='lat' dir='ltr'>(ut</span> <span class='ocrx_word' id='word_1_26' title='bbox 1102 503 1200 540; x_wconf 87' lang='lat' dir='ltr'>alias</span> <span class='ocrx_word' id='word_1_27' title='bbox 1232 503 1418 551; x_wconf 88' lang='lat' dir='ltr'>ostendi).</span> 
     </span>
    </p>
   </div>
   <div class='ocr_carea' id='block_1_4' title="bbox 178 559 1759 670">
    <p class='ocr_par' dir='ltr' id='par_1_4' title="bbox 178 559 1759 670">
     <span class='ocr_line' id='line_1_8' title="bbox 178 559 1726 610; baseline 0.003 -17"><span class='ocrx_word' id='word_1_28' title='bbox 178 565 349 609; x_wconf 53' lang='lat' dir='ltr'>ansespf</span> <span class='ocrx_word' id='word_1_29' title='bbox 474 559 572 594; x_wconf 89' lang='lat' dir='ltr'>Tres</span> <span class='ocrx_word' id='word_1_30' title='bbox 607 571 700 605; x_wconf 80' lang='lat' dir='ltr'>ergo</span> <span class='ocrx_word' id='word_1_31' title='bbox 740 569 851 596; x_wconf 85' lang='lat' dir='ltr'>erant</span> <span class='ocrx_word' id='word_1_32' title='bbox 885 573 1004 597; x_wconf 87' lang='lat' dir='ltr'>cause</span> <span class='ocrx_word' id='word_1_33' title='bbox 1038 561 1076 596; x_wconf 89' lang='lat' dir='ltr'>in</span> <span class='ocrx_word' id='word_1_34' title='bbox 1110 573 1253 609; x_wconf 78' lang='lat' dir='ltr'><strong>genere</strong></span> <span class='ocrx_word' id='word_1_35' title='bbox 1293 574 1416 610; x_wconf 87' lang='lat' dir='ltr'>quare</span> <span class='ocrx_word' id='word_1_36' title='bbox 1450 561 1629 598; x_wconf 85' lang='lat' dir='ltr'>Christus</span> <span class='ocrx_word' id='word_1_37' title='bbox 1670 561 1726 598; x_wconf 88' lang='lat' dir='ltr'>sic</span> 
     </span>
     <span class='ocr_line' id='line_1_9' title="bbox 179 602 1759 670; baseline 0.003 -20"><span class='ocrx_word' id='word_1_38' title='bbox 179 602 343 670; x_wconf 45' lang='lat' dir='ltr'>Sss‘ssssgs&#39;ffig</span> <span class='ocrx_word' id='word_1_39' title='bbox 419 628 557 663; x_wconf 89' lang='lat' dir='ltr'>passus</span> <span class='ocrx_word' id='word_1_40' title='bbox 590 625 663 652; x_wconf 87' lang='lat' dir='ltr'>est:</span> <span class='ocrx_word' id='word_1_41' title='bbox 704 617 834 664; x_wconf 86' lang='lat' dir='ltr'>prima</span> <span class='ocrx_word' id='word_1_42' title='bbox 868 620 916 654; x_wconf 87' lang='lat' dir='ltr'>ad</span> <span class='ocrx_word' id='word_1_43' title='bbox 956 618 1235 655; x_wconf 87' lang='lat' dir='ltr'>redimendum</span> <span class='ocrx_word' id='word_1_44' title='bbox 1270 619 1476 656; x_wconf 88' lang='lat' dir='ltr'>hominem</span> <span class='ocrx_word' id='word_1_45' title='bbox 1510 619 1759 667; x_wconf 74' lang='lat' dir='ltr'>perditum,5</span> 
     </span>
    </p>
   </div>
   <div class='ocr_carea' id='block_1_5' title="bbox 147 669 378 696">
    <p class='ocr_par' dir='ltr' id='par_1_5' title="bbox 147 669 378 696">
     <span class='ocr_line' id='line_1_10' title="bbox 147 669 378 696; baseline 0 0"><span class='ocrx_word' id='word_1_46' title='bbox 147 677 165 696; x_wconf 88' lang='lat'>1.</span> <span class='ocrx_word' id='word_1_47' title='bbox 188 669 236 696; x_wconf 82' lang='lat' dir='ltr'>To</span> <span class='ocrx_word' id='word_1_48' title='bbox 258 670 378 696; x_wconf 77' lang='lat' dir='ltr'>redecm</span> 
     </span>
    </p>
   </div>
   <div class='ocr_carea' id='block_1_6' title="bbox 186 673 1726 731">
    <p class='ocr_par' dir='ltr' id='par_1_6' title="bbox 186 673 1726 731">
     <span class='ocr_line' id='line_1_11' title="bbox 186 673 1726 731; baseline 0.004 -23"><span class='ocrx_word' id='word_1_49' title='bbox 186 704 342 731; x_wconf 71' lang='lat' dir='ltr'>mankind.</span> <span class='ocrx_word' id='word_1_50' title='bbox 417 673 456 709; x_wconf 92' lang='lat' dir='ltr'>in</span> <span class='ocrx_word' id='word_1_51' title='bbox 490 686 569 722; x_wconf 91' lang='lat' dir='ltr'>quo</span> <span class='ocrx_word' id='word_1_52' title='bbox 604 675 849 711; x_wconf 85' lang='lat' dir='ltr'>commercio</span> <span class='ocrx_word' id='word_1_53' title='bbox 882 676 1151 713; x_wconf 88' lang='lat' dir='ltr'>satisfactorio</span> <span class='ocrx_word' id='word_1_54' title='bbox 1191 677 1370 725; x_wconf 90' lang='lat' dir='ltr'>oportuit</span> <span class='ocrx_word' id='word_1_55' title='bbox 1404 677 1607 713; x_wconf 89' lang='lat' dir='ltr'>hominem</span> <span class='ocrx_word' id='word_1_56' title='bbox 1641 687 1726 714; x_wconf 89' lang='lat' dir='ltr'>tan-</span> 
     </span>
    </p>
   </div>
   <div class='ocr_carea' id='block_1_7' title="bbox 146 716 1823 2463">
    <p class='ocr_par' dir='ltr' id='par_1_7' title="bbox 144 716 1823 2463">
     <span class='ocr_line' id='line_1_12' title="bbox 417 716 1823 793; baseline 0.004 -27"><span class='ocrx_word' id='word_1_57' title='bbox 417 740 499 767; x_wconf 90' lang='lat' dir='ltr'>tum</span> <span class='ocrx_word' id='word_1_58' title='bbox 542 731 745 768; x_wconf 88' lang='lat' dir='ltr'>humiliari</span> <span class='ocrx_word' id='word_1_59' title='bbox 786 743 980 781; x_wconf 86' lang='lat' dir='ltr'>quantum</span> <span class='ocrx_word' id='word_1_60' title='bbox 1017 731 1021 787; x_wconf 85' lang='grc' dir='ltr'>Ι</span> <span class='ocrx_word' id='word_1_61' title='bbox 1057 735 1178 771; x_wconf 90' lang='lat' dir='ltr'>homo</span> <span class='ocrx_word' id='word_1_62' title='bbox 1217 735 1450 783; x_wconf 79' lang='lat' dir='ltr'>superbivit,</span> <span class='ocrx_word' id='word_1_63' title='bbox 1495 737 1564 772; x_wconf 92' lang='lat' dir='ltr'>sed</span> <span class='ocrx_word' id='word_1_64' title='bbox 1606 736 1725 772; x_wconf 87' lang='lat' dir='ltr'>homo</span> <span class='ocrx_word' id='word_1_65' title='bbox 1743 716 1823 793; x_wconf 52' lang='lat'>{2⁰¹2</span> 
     </span>
     <span class='ocr_line' id='line_1_13' title="bbox 415 789 1753 837; baseline 0.003 -13"><span class='ocrx_word' id='word_1_66' title='bbox 415 789 658 837; x_wconf 80' lang='lat' dir='ltr'><strong>presumpsit</strong></span> <span class='ocrx_word' id='word_1_67' title='bbox 696 799 845 826; x_wconf 88' lang='lat' dir='ltr'>temere</span> <span class='ocrx_word' id='word_1_68' title='bbox 884 804 923 827; x_wconf 86' lang='lat' dir='ltr'>se</span> <span class='ocrx_word' id='word_1_69' title='bbox 964 793 1133 828; x_wconf 87' lang='lat' dir='ltr'>exaltare</span> <span class='ocrx_word' id='word_1_70' title='bbox 1174 805 1195 829; x_wconf 92' lang='lat' dir='ltr'>a</span> <span class='ocrx_word' id='word_1_71' title='bbox 1228 802 1333 829; x_wconf 89' lang='lat' dir='ltr'>statu</span> <span class='ocrx_word' id='word_1_72' title='bbox 1373 802 1554 830; x_wconf 81' lang='lat' dir='ltr'>creature</span> <span class='ocrx_word' id='word_1_73' title='bbox 1587 791 1753 829; x_wconf 64' lang='lat' dir='ltr'>ultime*</span> 
     </span>
     <span class='ocr_line' id='line_1_14' title="bbox 416 849 1726 899; baseline 0.003 -17"><span class='ocrx_word' id='word_1_74' title='bbox 416 860 543 895; x_wconf 82' lang='lat' dir='ltr'>usque</span> <span class='ocrx_word' id='word_1_75' title='bbox 575 849 624 884; x_wconf 90' lang='lat' dir='ltr'>ad</span> <span class='ocrx_word' id='word_1_76' title='bbox 658 857 805 884; x_wconf 87' lang='lat' dir='ltr'>statum</span> <span class='ocrx_word' id='word_1_77' title='bbox 841 849 1048 895; x_wconf 88' lang='lat' dir='ltr'>creatoris,</span> <span class='ocrx_word' id='word_1_78' title='bbox 1084 851 1178 886; x_wconf 88' lang='lat' dir='ltr'>dum</span> <span class='ocrx_word' id='word_1_79' title='bbox 1212 851 1421 899; x_wconf 88' lang='lat' dir='ltr'>proprium</span> <span class='ocrx_word' id='word_1_80' title='bbox 1455 851 1504 887; x_wconf 86' lang='lat' dir='ltr'>sit</span> <span class='ocrx_word' id='word_1_81' title='bbox 1528 853 1612 887; x_wconf 90' lang='lat' dir='ltr'>Deo</span> <span class='ocrx_word' id='word_1_82' title='bbox 1646 864 1726 887; x_wconf 90' lang='lat' dir='ltr'>non</span> 
     </span>
     <span class='ocr_line' id='line_1_15' title="bbox 417 906 1785 957; baseline 0.001 -17"><span class='ocrx_word' id='word_1_83' title='bbox 417 906 563 941; x_wconf 83' lang='lat' dir='ltr'>habere</span> <span class='ocrx_word' id='word_1_84' title='bbox 615 906 865 953; x_wconf 87' lang='lat' dir='ltr'>superiorem</span> <span class='ocrx_word' id='word_1_85' title='bbox 912 907 973 944; x_wconf 90' lang='lat' dir='ltr'>cui</span> <span class='ocrx_word' id='word_1_86' title='bbox 1027 908 1170 944; x_wconf 86' lang='lat' dir='ltr'>debeat</span> <span class='ocrx_word' id='word_1_87' title='bbox 1218 908 1395 955; x_wconf 86' lang='lat' dir='ltr'>obedire,</span> <span class='ocrx_word' id='word_1_88' title='bbox 1450 910 1557 957; x_wconf 89' lang='lat' dir='ltr'>quod</span> <span class='ocrx_word' id='word_1_89' title='bbox 1603 910 1785 944; x_wconf 84' lang='lat' dir='ltr'>homo1o</span> 
     </span>
     <span class='ocr_line' id='line_1_16' title="bbox 416 966 1726 1015; baseline 0.004 -17"><span class='ocrx_word' id='word_1_90' title='bbox 416 971 566 999; x_wconf 88' lang='lat' dir='ltr'>temere</span> <span class='ocrx_word' id='word_1_91' title='bbox 590 974 889 1011; x_wconf 78' lang='lat' dir='ltr'>presumpserat</span> <span class='ocrx_word' id='word_1_92' title='bbox 912 978 1118 1014; x_wconf 86' lang='lat' dir='ltr'>usurpare.</span> <span class='ocrx_word' id='word_1_93' title='bbox 1144 967 1235 1003; x_wconf 88' lang='lat' dir='ltr'>Ideo</span> <span class='ocrx_word' id='word_1_94' title='bbox 1259 966 1354 1003; x_wconf 89' lang='lat' dir='ltr'>dicit</span> <span class='ocrx_word' id='word_1_95' title='bbox 1377 968 1594 1015; x_wconf 80' lang='lat' dir='ltr'>Apostolus</span> <span class='ocrx_word' id='word_1_96' title='bbox 1619 968 1726 1015; x_wconf 84' lang='lat' dir='ltr'>quod</span> 
     </span>
     <span class='ocr_line' id='line_1_17' title="bbox 423 1021 1725 1073; baseline 0.004 -18"><span class='ocrx_word' id='word_1_97' title='bbox 423 1021 602 1057; x_wconf 78' lang='lat' dir='ltr'>Christus</span> <span class='ocrx_word' id='word_1_98' title='bbox 634 1022 752 1057; x_wconf 85' lang='lat' dir='ltr'>semel</span> <span class='ocrx_word' id='word_1_99' title='bbox 784 1022 906 1071; x_wconf 77' lang='lat' dir='ltr'>ipsum</span> <span class='ocrx_word' id='word_1_100' title='bbox 930 1024 1155 1071; x_wconf 72' lang='lat' dir='ltr'>exinanivit,</span> <span class='ocrx_word' id='word_1_101' title='bbox 1176 1025 1357 1071; x_wconf 82' lang='lat' dir='ltr'>sormam</span> <span class='ocrx_word' id='word_1_102' title='bbox 1390 1025 1496 1061; x_wconf 78' lang='lat' dir='ltr'>servi</span> <span class='ocrx_word' id='word_1_103' title='bbox 1525 1025 1725 1073; x_wconf 77' lang='lat' dir='ltr'>accipiens,</span> 
     </span>
     <span class='ocr_line' id='line_1_18' title="bbox 417 1079 1727 1129; baseline 0.005 -16"><span class='ocrx_word' id='word_1_104' title='bbox 417 1080 578 1123; x_wconf 83' lang='lat' dir='ltr'>Quanta</span> <span class='ocrx_word' id='word_1_105' title='bbox 611 1079 715 1115; x_wconf 85' lang='lat' dir='ltr'>enim</span> <span class='ocrx_word' id='word_1_106' title='bbox 750 1079 822 1116; x_wconf 86' lang='lat' dir='ltr'>fuit</span> <span class='ocrx_word' id='word_1_107' title='bbox 857 1081 1130 1129; x_wconf 76' lang='lat' dir='ltr'>presumptiva</span> <span class='ocrx_word' id='word_1_108' title='bbox 1169 1082 1362 1119; x_wconf 85' lang='lat' dir='ltr'>exaltacio</span> <span class='ocrx_word' id='word_1_109' title='bbox 1395 1084 1444 1119; x_wconf 89' lang='lat' dir='ltr'>ab</span> <span class='ocrx_word' id='word_1_110' title='bbox 1477 1082 1727 1119; x_wconf 84' lang='lat' dir='ltr'>humanitate</span> 
     </span>
     <span class='ocr_line' id='line_1_19' title="bbox 416 1136 1725 1183; baseline 0.004 -12"><span class='ocrx_word' id='word_1_111' title='bbox 416 1138 465 1172; x_wconf 89' lang='lat' dir='ltr'>ad</span> <span class='ocrx_word' id='word_1_112' title='bbox 510 1136 772 1183; x_wconf 88' lang='lat' dir='ltr'>divinitatem,</span> <span class='ocrx_word' id='word_1_113' title='bbox 819 1147 930 1175; x_wconf 89' lang='lat' dir='ltr'>tanta</span> <span class='ocrx_word' id='word_1_114' title='bbox 976 1139 1048 1175; x_wconf 89' lang='lat' dir='ltr'>fuit</span> <span class='ocrx_word' id='word_1_115' title='bbox 1092 1151 1184 1175; x_wconf 86' lang='lat' dir='ltr'>vera</span> <span class='ocrx_word' id='word_1_116' title='bbox 1230 1140 1376 1177; x_wconf 84' lang='lat' dir='ltr'>Christi</span> <span class='ocrx_word' id='word_1_117' title='bbox 1423 1140 1658 1176; x_wconf 87' lang='lat' dir='ltr'>humiliacio</span> <span class='ocrx_word' id='word_1_118' title='bbox 1704 1153 1725 1176; x_wconf 90' lang='lat' dir='ltr'>a</span> 
     </span>
     <span class='ocr_line' id='line_1_20' title="bbox 416 1194 1783 1245; baseline 0.003 -16"><span class='ocrx_word' id='word_1_119' title='bbox 416 1194 624 1230; x_wconf 84' lang='lat' dir='ltr'>divinitate</span> <span class='ocrx_word' id='word_1_120' title='bbox 657 1197 707 1231; x_wconf 90' lang='lat' dir='ltr'>ad</span> <span class='ocrx_word' id='word_1_121' title='bbox 731 1196 1037 1233; x_wconf 80' lang='lat' dir='ltr'>humanitatem.</span> <span class='ocrx_word' id='word_1_122' title='bbox 1072 1199 1161 1233; x_wconf 93' lang='lat' dir='ltr'>Non</span> <span class='ocrx_word' id='word_1_123' title='bbox 1195 1210 1288 1245; x_wconf 77' lang='lat' dir='ltr'>ergo</span> <span class='ocrx_word' id='word_1_124' title='bbox 1323 1197 1455 1235; x_wconf 83' lang='lat' dir='ltr'>decuit</span> <span class='ocrx_word' id='word_1_125' title='bbox 1488 1198 1585 1234; x_wconf 91' lang='lat' dir='ltr'>illud</span> <span class='ocrx_word' id='word_1_126' title='bbox 1618 1200 1783 1234; x_wconf 75' lang='lat' dir='ltr'>com-15</span> 
     </span>
     <span class='ocr_line' id='line_1_21' title="bbox 417 1251 1727 1300; baseline 0.004 -13"><span class='ocrx_word' id='word_1_127' title='bbox 417 1251 611 1288; x_wconf 87' lang='lat' dir='ltr'>mercium</span> <span class='ocrx_word' id='word_1_128' title='bbox 652 1253 845 1300; x_wconf 87' lang='lat' dir='ltr'>preterire</span> <span class='ocrx_word' id='word_1_129' title='bbox 893 1267 1050 1291; x_wconf 88' lang='lat' dir='ltr'>summe</span> <span class='ocrx_word' id='word_1_130' title='bbox 1096 1255 1243 1291; x_wconf 89' lang='lat' dir='ltr'>iustum</span> <span class='ocrx_word' id='word_1_131' title='bbox 1290 1265 1327 1292; x_wconf 91' lang='lat' dir='ltr'>et</span> <span class='ocrx_word' id='word_1_132' title='bbox 1371 1268 1528 1293; x_wconf 88' lang='lat' dir='ltr'>summe</span> <span class='ocrx_word' id='word_1_133' title='bbox 1574 1255 1727 1292; x_wconf 85' lang='lat' dir='ltr'>miseri-</span> 
     </span>
     <span class='ocr_line' id='line_1_22' title="bbox 417 1311 1727 1360; baseline 0.004 -15"><span class='ocrx_word' id='word_1_134' title='bbox 417 1311 593 1356; x_wconf 86' lang='lat' dir='ltr'>cordem,</span> <span class='ocrx_word' id='word_1_135' title='bbox 619 1323 708 1346; x_wconf 88' lang='lat' dir='ltr'>cum</span> <span class='ocrx_word' id='word_1_136' title='bbox 729 1324 771 1348; x_wconf 80' lang='lat' dir='ltr'>ex</span> <span class='ocrx_word' id='word_1_137' title='bbox 795 1324 866 1349; x_wconf 92' lang='lat' dir='ltr'>sua</span> <span class='ocrx_word' id='word_1_138' title='bbox 889 1313 1071 1360; x_wconf 82' lang='lat' dir='ltr'>sapiente</span> <span class='ocrx_word' id='word_1_139' title='bbox 1094 1312 1371 1351; x_wconf 81' lang='lat' dir='ltr'>misericordia</span> <span class='ocrx_word' id='word_1_140' title='bbox 1387 1314 1523 1350; x_wconf 89' lang='lat' dir='ltr'>debuit</span> <span class='ocrx_word' id='word_1_141' title='bbox 1547 1313 1727 1350; x_wconf 85' lang='lat' dir='ltr'>misereri</span> 
     </span>
     <span class='ocr_line' id='line_1_23' title="bbox 417 1367 1725 1420; baseline 0.003 -17"><span class='ocrx_word' id='word_1_142' title='bbox 417 1367 590 1404; x_wconf 88' lang='lat' dir='ltr'>hominis</span> <span class='ocrx_word' id='word_1_143' title='bbox 614 1369 818 1416; x_wconf 89' lang='lat' dir='ltr'>peccantis</span> <span class='ocrx_word' id='word_1_144' title='bbox 851 1383 894 1406; x_wconf 81' lang='lat' dir='ltr'>ex</span> <span class='ocrx_word' id='word_1_145' title='bbox 918 1370 1164 1419; x_wconf 75' lang='lat' dir='ltr'>ignorancia,</span> <span class='ocrx_word' id='word_1_146' title='bbox 1200 1371 1301 1408; x_wconf 88' lang='lat' dir='ltr'>sicut</span> <span class='ocrx_word' id='word_1_147' title='bbox 1323 1385 1404 1409; x_wconf 89' lang='lat' dir='ltr'>non</span> <span class='ocrx_word' id='word_1_148' title='bbox 1438 1371 1571 1408; x_wconf 83' lang='lat' dir='ltr'>decuit</span> <span class='ocrx_word' id='word_1_149' title='bbox 1594 1371 1725 1420; x_wconf 91' lang='lat' dir='ltr'>ipsum</span> 
     </span>
     <span class='ocr_line' id='line_1_24' title="bbox 416 1425 1727 1475; baseline 0.003 -13"><span class='ocrx_word' id='word_1_150' title='bbox 416 1425 556 1463; x_wconf 87' lang='lat' dir='ltr'>fecisse</span> <span class='ocrx_word' id='word_1_151' title='bbox 597 1439 686 1463; x_wconf 89' lang='lat' dir='ltr'>cum</span> <span class='ocrx_word' id='word_1_152' title='bbox 727 1428 892 1475; x_wconf 76' lang='lat' dir='ltr'>angelis,</span> <span class='ocrx_word' id='word_1_153' title='bbox 941 1438 977 1465; x_wconf 88' lang='lat' dir='ltr'>et</span> <span class='ocrx_word' id='word_1_154' title='bbox 1018 1442 1060 1465; x_wconf 85' lang='lat' dir='ltr'>ex</span> <span class='ocrx_word' id='word_1_155' title='bbox 1099 1442 1169 1465; x_wconf 91' lang='lat' dir='ltr'>sua</span> <span class='ocrx_word' id='word_1_156' title='bbox 1203 1429 1358 1466; x_wconf 79' lang='lat' dir='ltr'>infinita</span> <span class='ocrx_word' id='word_1_157' title='bbox 1398 1429 1556 1466; x_wconf 84' lang='lat' dir='ltr'>iusticia</span> <span class='ocrx_word' id='word_1_158' title='bbox 1590 1429 1727 1466; x_wconf 86' lang='lat' dir='ltr'>debuit</span> 
     </span>
     <span class='ocr_line' id='line_1_25' title="bbox 417 1484 1785 1537; baseline 0.002 -16"><span class='ocrx_word' id='word_1_159' title='bbox 417 1484 660 1530; x_wconf 76' lang='lat' dir='ltr'>satisfacere,</span> <span class='ocrx_word' id='word_1_160' title='bbox 696 1494 848 1522; x_wconf 85' lang='lat' dir='ltr'>tantam</span> <span class='ocrx_word' id='word_1_161' title='bbox 885 1488 1017 1523; x_wconf 89' lang='lat' dir='ltr'>dando</span> <span class='ocrx_word' id='word_1_162' title='bbox 1050 1487 1319 1524; x_wconf 89' lang='lat' dir='ltr'>humilitatem</span> <span class='ocrx_word' id='word_1_163' title='bbox 1353 1498 1502 1537; x_wconf 87' lang='lat' dir='ltr'>quanta</span> <span class='ocrx_word' id='word_1_164' title='bbox 1534 1487 1606 1524; x_wconf 88' lang='lat' dir='ltr'>fuit</span> <span class='ocrx_word' id='word_1_165' title='bbox 1640 1500 1727 1535; x_wconf 89' lang='lat' dir='ltr'>pre·</span> <span class='ocrx_word' id='word_1_166' title='bbox 1744 1500 1785 1521; x_wconf 78' lang='lat'>20</span> 
     </span>
     <span class='ocr_line' id='line_1_26' title="bbox 418 1542 1632 1594; baseline 0.003 -16"><span class='ocrx_word' id='word_1_167' title='bbox 418 1542 615 1590; x_wconf 88' lang='lat' dir='ltr'>sumpcio,</span> <span class='ocrx_word' id='word_1_168' title='bbox 651 1551 687 1579; x_wconf 91' lang='lat' dir='ltr'>et</span> <span class='ocrx_word' id='word_1_169' title='bbox 721 1544 776 1579; x_wconf 91' lang='lat' dir='ltr'>sic</span> <span class='ocrx_word' id='word_1_170' title='bbox 810 1545 916 1580; x_wconf 88' lang='lat' dir='ltr'>solus</span> <span class='ocrx_word' id='word_1_171' title='bbox 950 1547 1054 1581; x_wconf 89' lang='lat' dir='ltr'>Deus</span> <span class='ocrx_word' id='word_1_172' title='bbox 1088 1546 1209 1582; x_wconf 88' lang='lat' dir='ltr'>homo</span> <span class='ocrx_word' id='word_1_173' title='bbox 1243 1546 1374 1594; x_wconf 86' lang='lat' dir='ltr'>potuit</span> <span class='ocrx_word' id='word_1_174' title='bbox 1402 1545 1632 1583; x_wconf 82' lang='lat' dir='ltr'>redemisse.</span> 
     </span>
     <span class='ocr_line' id='line_1_27' title="bbox 146 1602 1727 1650; baseline 0.003 -15"><span class='ocrx_word' id='word_1_175' title='bbox 146 1614 169 1633; x_wconf 66' lang='grc' dir='ltr'>ε.</span> <span class='ocrx_word' id='word_1_176' title='bbox 192 1606 239 1633; x_wconf 82' lang='lat' dir='ltr'>To</span> <span class='ocrx_word' id='word_1_177' title='bbox 260 1606 327 1641; x_wconf 69' lang='lat' dir='ltr'>give</span> <span class='ocrx_word' id='word_1_178' title='bbox 348 1614 382 1632; x_wconf 74' lang='lat' dir='ltr'>us</span> <span class='ocrx_word' id='word_1_179' title='bbox 476 1602 661 1637; x_wconf 87' lang='lat' dir='ltr'>Secunda</span> <span class='ocrx_word' id='word_1_180' title='bbox 695 1613 814 1638; x_wconf 89' lang='lat' dir='ltr'>causa</span> <span class='ocrx_word' id='word_1_181' title='bbox 846 1602 1044 1650; x_wconf 86' lang='lat' dir='ltr'>passionis</span> <span class='ocrx_word' id='word_1_182' title='bbox 1078 1603 1225 1639; x_wconf 89' lang='lat' dir='ltr'>Christi</span> <span class='ocrx_word' id='word_1_183' title='bbox 1258 1604 1331 1640; x_wconf 90' lang='lat' dir='ltr'>fuit</span> <span class='ocrx_word' id='word_1_184' title='bbox 1370 1613 1412 1640; x_wconf 90' lang='lat' dir='ltr'>ut</span> <span class='ocrx_word' id='word_1_185' title='bbox 1445 1605 1591 1640; x_wconf 86' lang='lat' dir='ltr'>nedum</span> <span class='ocrx_word' id='word_1_186' title='bbox 1626 1604 1727 1640; x_wconf 87' lang='lat' dir='ltr'>foret</span> 
     </span>
     <span class='ocr_line' id='line_1_28' title="bbox 162 1641 1726 1710; baseline 0.003 -17"><span class='ocrx_word' id='word_1_187' title='bbox 162 1649 198 1668; x_wconf 70' lang='lat'>³¹¹</span> <span class='ocrx_word' id='word_1_188' title='bbox 219 1641 368 1676; x_wconf 78' lang='lat' dir='ltr'>example.</span> <span class='ocrx_word' id='word_1_189' title='bbox 417 1658 684 1696; x_wconf 85' lang='lat' dir='ltr'>satisfactoria</span> <span class='ocrx_word' id='word_1_190' title='bbox 717 1673 789 1707; x_wconf 91' lang='lat' dir='ltr'>pro</span> <span class='ocrx_word' id='word_1_191' title='bbox 822 1670 988 1707; x_wconf 87' lang='lat' dir='ltr'>peccato</span> <span class='ocrx_word' id='word_1_192' title='bbox 1020 1661 1212 1709; x_wconf 88' lang='lat' dir='ltr'>preterito</span> <span class='ocrx_word' id='word_1_193' title='bbox 1245 1664 1313 1698; x_wconf 87' lang='lat' dir='ltr'>sed</span> <span class='ocrx_word' id='word_1_194' title='bbox 1337 1663 1538 1710; x_wconf 84' lang='lat' dir='ltr'>exemplar</span> <span class='ocrx_word' id='word_1_195' title='bbox 1571 1661 1726 1698; x_wconf 84' lang='lat' dir='ltr'>christi-</span> 
     </span>
     <span class='ocr_line' id='line_1_29' title="bbox 418 1716 1724 1768; baseline 0.003 -16"><span class='ocrx_word' id='word_1_196' title='bbox 418 1716 514 1753; x_wconf 89' lang='lat' dir='ltr'>colis</span> <span class='ocrx_word' id='word_1_197' title='bbox 538 1718 587 1752; x_wconf 88' lang='lat' dir='ltr'>ad</span> <span class='ocrx_word' id='word_1_198' title='bbox 621 1717 882 1754; x_wconf 83' lang='lat' dir='ltr'>conformiter</span> <span class='ocrx_word' id='word_1_199' title='bbox 915 1719 1154 1766; x_wconf 85' lang='lat' dir='ltr'>paciendum</span> <span class='ocrx_word' id='word_1_200' title='bbox 1190 1733 1261 1768; x_wconf 89' lang='lat' dir='ltr'>pro</span> <span class='ocrx_word' id='word_1_201' title='bbox 1295 1719 1524 1757; x_wconf 86' lang='lat' dir='ltr'>defensione</span> <span class='ocrx_word' id='word_1_202' title='bbox 1556 1719 1724 1765; x_wconf 89' lang='lat' dir='ltr'>iusticie,</span> 
     </span>
     <span class='ocr_line' id='line_1_30' title="bbox 417 1774 1782 1826; baseline 0.001 -16"><span class='ocrx_word' id='word_1_203' title='bbox 417 1787 506 1810; x_wconf 88' lang='lat' dir='ltr'>cum</span> <span class='ocrx_word' id='word_1_204' title='bbox 541 1774 620 1811; x_wconf 77' lang='lat' dir='ltr'>vita</span> <span class='ocrx_word' id='word_1_205' title='bbox 652 1775 842 1812; x_wconf 85' lang='lat' dir='ltr'>innocens</span> <span class='ocrx_word' id='word_1_206' title='bbox 877 1784 988 1812; x_wconf 86' lang='lat' dir='ltr'>tanta</span> <span class='ocrx_word' id='word_1_207' title='bbox 1022 1790 1137 1824; x_wconf 89' lang='lat' dir='ltr'>passa</span> <span class='ocrx_word' id='word_1_208' title='bbox 1171 1777 1243 1813; x_wconf 88' lang='lat' dir='ltr'>fuit</span> <span class='ocrx_word' id='word_1_209' title='bbox 1277 1791 1349 1826; x_wconf 91' lang='lat' dir='ltr'>pro</span> <span class='ocrx_word' id='word_1_210' title='bbox 1382 1778 1512 1814; x_wconf 87' lang='lat' dir='ltr'>nobis.</span> <span class='ocrx_word' id='word_1_211' title='bbox 1547 1780 1601 1813; x_wconf 82' lang='lat' dir='ltr'>Ex</span> <span class='ocrx_word' id='word_1_212' title='bbox 1635 1777 1725 1813; x_wconf 88' lang='lat' dir='ltr'>hinc</span> <span class='ocrx_word' id='word_1_213' title='bbox 1743 1779 1782 1811; x_wconf 77' lang='lat'>25</span> 
     </span>
     <span class='ocr_line' id='line_1_31' title="bbox 418 1832 1726 1884; baseline 0.002 -15"><span class='ocrx_word' id='word_1_214' title='bbox 418 1832 521 1869; x_wconf 84' lang='lat' dir='ltr'>enim</span> <span class='ocrx_word' id='word_1_215' title='bbox 546 1832 712 1869; x_wconf 85' lang='lat' dir='ltr'>animati</span> <span class='ocrx_word' id='word_1_216' title='bbox 745 1842 836 1869; x_wconf 89' lang='lat' dir='ltr'>sunt</span> <span class='ocrx_word' id='word_1_217' title='bbox 860 1844 1054 1882; x_wconf 85' lang='lat' dir='ltr'>martyres</span> <span class='ocrx_word' id='word_1_218' title='bbox 1086 1844 1295 1883; x_wconf 87' lang='lat' dir='ltr'>tamquam</span> <span class='ocrx_word' id='word_1_219' title='bbox 1326 1837 1374 1872; x_wconf 91' lang='lat' dir='ltr'>ab</span> <span class='ocrx_word' id='word_1_220' title='bbox 1410 1837 1591 1884; x_wconf 86' lang='lat' dir='ltr'>exemplo</span> <span class='ocrx_word' id='word_1_221' title='bbox 1615 1835 1726 1872; x_wconf 89' lang='lat' dir='ltr'>ducis</span> 
     </span>
     <span class='ocr_line' id='line_1_32' title="bbox 418 1890 1247 1940; baseline 0.004 -14"><span class='ocrx_word' id='word_1_222' title='bbox 418 1890 611 1927; x_wconf 81' lang='lat' dir='ltr'>exercitus</span> <span class='ocrx_word' id='word_1_223' title='bbox 645 1904 734 1927; x_wconf 88' lang='lat' dir='ltr'>cum</span> <span class='ocrx_word' id='word_1_224' title='bbox 769 1892 914 1939; x_wconf 82' lang='lat' dir='ltr'>gaudio</span> <span class='ocrx_word' id='word_1_225' title='bbox 947 1892 1029 1940; x_wconf 88' lang='lat' dir='ltr'>pati</span> <span class='ocrx_word' id='word_1_226' title='bbox 1064 1902 1247 1929; x_wconf 87' lang='lat' dir='ltr'>mortem.</span> 
     </span>
     <span class='ocr_line' id='line_1_33' title="bbox 149 1949 1727 1998; baseline 0.003 -14.987"><span class='ocrx_word' id='word_1_227' title='bbox 149 1963 168 1979; x_wconf 57' lang='lat'><strong>³</strong></span> <span class='ocrx_word' id='word_1_228' title='bbox 191 1953 238 1980; x_wconf 88' lang='lat' dir='ltr'>To</span> <span class='ocrx_word' id='word_1_229' title='bbox 260 1954 384 1992; x_wconf 55' lang='lat' dir='ltr'>lielphs</span> <span class='ocrx_word' id='word_1_230' title='bbox 476 1951 523 1984; x_wconf 84' lang='lat' dir='ltr'>Et</span> <span class='ocrx_word' id='word_1_231' title='bbox 569 1949 691 1985; x_wconf 84' lang='lat' dir='ltr'>tercia</span> <span class='ocrx_word' id='word_1_232' title='bbox 731 1962 851 1986; x_wconf 87' lang='lat' dir='ltr'>causa</span> <span class='ocrx_word' id='word_1_233' title='bbox 897 1960 955 1986; x_wconf 88' lang='lat' dir='ltr'>est</span> <span class='ocrx_word' id='word_1_234' title='bbox 996 1959 1036 1986; x_wconf 92' lang='lat' dir='ltr'>ut</span> <span class='ocrx_word' id='word_1_235' title='bbox 1081 1951 1215 1998; x_wconf 85' lang='lat' dir='ltr'>passio</span> <span class='ocrx_word' id='word_1_236' title='bbox 1256 1961 1292 1988; x_wconf 87' lang='lat' dir='ltr'>et</span> <span class='ocrx_word' id='word_1_237' title='bbox 1337 1965 1443 1988; x_wconf 88' lang='lat' dir='ltr'>mors</span> <span class='ocrx_word' id='word_1_238' title='bbox 1484 1950 1632 1988; x_wconf 87' lang='lat' dir='ltr'>Christi</span> <span class='ocrx_word' id='word_1_239' title='bbox 1678 1951 1727 1987; x_wconf 88' lang='lat' dir='ltr'>sit</span> 
     </span>
     <span class='ocr_line' id='line_1_34' title="bbox 154 1989 1726 2057; baseline 0.002 -16"><span class='ocrx_word' id='word_1_240' title='bbox 154 1994 184 2016; x_wconf 55' lang='grc' dir='ltr'>ω</span> <span class='ocrx_word' id='word_1_241' title='bbox 205 1989 294 2016; x_wconf 41' lang='grc' dir='ltr'>ἨΘΜ</span> <span class='ocrx_word' id='word_1_242' title='bbox 318 1996 374 2014; x_wconf 65' lang='lat'>⁵¹¹³&#39;</span> <span class='ocrx_word' id='word_1_243' title='bbox 418 2006 639 2042; x_wconf 87' lang='lat' dir='ltr'>remedium</span> <span class='ocrx_word' id='word_1_244' title='bbox 681 2020 752 2043; x_wconf 91' lang='lat' dir='ltr'>suo</span> <span class='ocrx_word' id='word_1_245' title='bbox 787 2008 973 2045; x_wconf 81' lang='lat' dir='ltr'>exercitui</span> <span class='ocrx_word' id='word_1_246' title='bbox 1014 2010 1063 2044; x_wconf 89' lang='lat' dir='ltr'>ad</span> <span class='ocrx_word' id='word_1_247' title='bbox 1097 2009 1257 2046; x_wconf 85' lang='lat' dir='ltr'>caucius</span> <span class='ocrx_word' id='word_1_248' title='bbox 1296 2011 1515 2046; x_wconf 78' lang='lat' dir='ltr'>cavendum</span> <span class='ocrx_word' id='word_1_249' title='bbox 1549 2009 1726 2057; x_wconf 88' lang='lat' dir='ltr'>pericula</span> 
     </span>
     <span class='ocr_line' id='line_1_35' title="bbox 418 2064 1784 2114; baseline 0 -14"><span class='ocrx_word' id='word_1_250' title='bbox 418 2064 572 2112; x_wconf 83' lang='lat' dir='ltr'>peccati</span> <span class='ocrx_word' id='word_1_251' title='bbox 606 2065 740 2111; x_wconf 87' lang='lat' dir='ltr'>futuri,</span> <span class='ocrx_word' id='word_1_252' title='bbox 782 2075 818 2102; x_wconf 92' lang='lat' dir='ltr'>et</span> <span class='ocrx_word' id='word_1_253' title='bbox 851 2066 906 2102; x_wconf 90' lang='lat' dir='ltr'>sic</span> <span class='ocrx_word' id='word_1_254' title='bbox 941 2079 1059 2103; x_wconf 83' lang='lat' dir='ltr'>causa</span> <span class='ocrx_word' id='word_1_255' title='bbox 1093 2067 1233 2103; x_wconf 90' lang='lat' dir='ltr'>mortis</span> <span class='ocrx_word' id='word_1_256' title='bbox 1267 2067 1413 2103; x_wconf 88' lang='lat' dir='ltr'>Christi</span> <span class='ocrx_word' id='word_1_257' title='bbox 1446 2067 1518 2103; x_wconf 90' lang='lat' dir='ltr'>fuit</span> <span class='ocrx_word' id='word_1_258' title='bbox 1550 2066 1726 2114; x_wconf 90' lang='lat' dir='ltr'>undique</span> <span class='ocrx_word' id='word_1_259' title='bbox 1743 2070 1784 2102; x_wconf 76' lang='lat'>30</span> 
     </span>
     <span class='ocr_line' id='line_1_36' title="bbox 418 2122 1726 2173; baseline 0.002 -15"><span class='ocrx_word' id='word_1_260' title='bbox 418 2122 643 2159; x_wconf 89' lang='lat' dir='ltr'>destruccio</span> <span class='ocrx_word' id='word_1_261' title='bbox 676 2123 843 2171; x_wconf 82' lang='lat' dir='ltr'>peccati,</span> <span class='ocrx_word' id='word_1_262' title='bbox 879 2124 980 2160; x_wconf 89' lang='lat' dir='ltr'>sicut</span> <span class='ocrx_word' id='word_1_263' title='bbox 1002 2133 1111 2171; x_wconf 80' lang='lat' dir='ltr'>patet</span> <span class='ocrx_word' id='word_1_264' title='bbox 1145 2137 1188 2161; x_wconf 81' lang='lat' dir='ltr'>ex</span> <span class='ocrx_word' id='word_1_265' title='bbox 1211 2125 1286 2161; x_wconf 89' lang='lat' dir='ltr'>illis</span> <span class='ocrx_word' id='word_1_266' title='bbox 1310 2135 1463 2173; x_wconf 84' lang='lat' dir='ltr'>septem</span> <span class='ocrx_word' id='word_1_267' title='bbox 1496 2124 1625 2161; x_wconf 81' lang='lat' dir='ltr'>verbis</span> <span class='ocrx_word' id='word_1_268' title='bbox 1649 2137 1726 2172; x_wconf 88' lang='lat' dir='ltr'>que</span> 
     </span>
     <span class='ocr_line' id='line_1_37' title="bbox 418 2180 1726 2231; baseline 0.002 -16"><span class='ocrx_word' id='word_1_269' title='bbox 418 2180 512 2216; x_wconf 80' lang='lat' dir='ltr'>dixit</span> <span class='ocrx_word' id='word_1_270' title='bbox 545 2182 722 2228; x_wconf 88' lang='lat' dir='ltr'>pendens</span> <span class='ocrx_word' id='word_1_271' title='bbox 745 2181 784 2217; x_wconf 91' lang='lat' dir='ltr'>in</span> <span class='ocrx_word' id='word_1_272' title='bbox 819 2195 947 2227; x_wconf 90' lang='lat' dir='ltr'>cruce,</span> <span class='ocrx_word' id='word_1_273' title='bbox 982 2191 1132 2230; x_wconf 87' lang='lat' dir='ltr'>septem</span> <span class='ocrx_word' id='word_1_274' title='bbox 1160 2183 1393 2219; x_wconf 86' lang='lat' dir='ltr'>mortalibus</span> <span class='ocrx_word' id='word_1_275' title='bbox 1427 2182 1601 2231; x_wconf 86' lang='lat' dir='ltr'>peccatis</span> <span class='ocrx_word' id='word_1_276' title='bbox 1635 2195 1726 2218; x_wconf 90' lang='lat' dir='ltr'>con-</span> 
     </span>
     <span class='ocr_line' id='line_1_38' title="bbox 418 2237 1208 2286; baseline 0.004 -13"><span class='ocrx_word' id='word_1_277' title='bbox 418 2237 564 2283; x_wconf 82' lang='lat' dir='ltr'>trariiS,</span> <span class='ocrx_word' id='word_1_278' title='bbox 598 2247 640 2274; x_wconf 92' lang='lat' dir='ltr'>ut</span> <span class='ocrx_word' id='word_1_279' title='bbox 674 2247 784 2286; x_wconf 86' lang='lat' dir='ltr'>patet</span> <span class='ocrx_word' id='word_1_280' title='bbox 817 2239 856 2275; x_wconf 88' lang='lat' dir='ltr'>in</span> <span class='ocrx_word' id='word_1_281' title='bbox 889 2239 975 2276; x_wconf 87' lang='lat' dir='ltr'>istis</span> <span class='ocrx_word' id='word_1_282' title='bbox 1009 2240 1208 2277; x_wconf 86' lang='lat' dir='ltr'>versibus:</span> 
     </span>
     <span class='ocr_line' id='line_1_39' title="bbox 485 2296 1500 2347; baseline 0.004 -17"><span class='ocrx_word' id='word_1_283' title='bbox 485 2296 573 2331; x_wconf 84' lang='lat' dir='ltr'>Hiis</span> <span class='ocrx_word' id='word_1_284' title='bbox 604 2296 760 2346; x_wconf 74' lang='lat' dir='ltr'>ignosce</span> <span class='ocrx_word' id='word_1_285' title='bbox 787 2304 916 2346; x_wconf 79' lang='lat' dir='ltr'>pater,</span> <span class='ocrx_word' id='word_1_286' title='bbox 949 2298 1062 2334; x_wconf 80' lang='lat' dir='ltr'>hodie</span> <span class='ocrx_word' id='word_1_287' title='bbox 1094 2310 1239 2334; x_wconf 81' lang='lat' dir='ltr'>mecum</span> <span class='ocrx_word' id='word_1_288' title='bbox 1274 2299 1500 2347; x_wconf 78' lang='lat' dir='ltr'>requiesces,</span> 
     </span>
     <span class='ocr_line' id='line_1_40' title="bbox 544 2354 1782 2407; baseline 0.002 -19"><span class='ocrx_word' id='word_1_289' title='bbox 544 2354 666 2390; x_wconf 78' lang='lat' dir='ltr'>Filius</span> <span class='ocrx_word' id='word_1_290' title='bbox 698 2367 782 2390; x_wconf 82' lang='lat' dir='ltr'>ecce</span> <span class='ocrx_word' id='word_1_291' title='bbox 813 2363 912 2401; x_wconf 82' lang='lat' dir='ltr'>tuus,</span> <span class='ocrx_word' id='word_1_292' title='bbox 946 2356 1065 2407; x_wconf 58' lang='lat' dir='ltr'>eloy„</span> <span class='ocrx_word' id='word_1_293' title='bbox 1097 2356 1201 2403; x_wconf 77' lang='lat' dir='ltr'>sicio,</span> <span class='ocrx_word' id='word_1_294' title='bbox 1235 2356 1328 2392; x_wconf 80' lang='lat' dir='ltr'>satis</span> <span class='ocrx_word' id='word_1_295' title='bbox 1361 2363 1416 2392; x_wconf 88' lang='lat' dir='ltr'>est</span> <span class='ocrx_word' id='word_1_296' title='bbox 1448 2356 1538 2403; x_wconf 77' lang='lat' dir='ltr'>iam,</span> <span class='ocrx_word' id='word_1_297' title='bbox 1743 2357 1782 2391; x_wconf 79' lang='grc'><strong><em>’55</em></strong></span> 
     </span>
     <span class='ocr_line' id='line_1_41' title="bbox 483 2411 1724 2463; baseline 0.002 -17"><span class='ocrx_word' id='word_1_298' title='bbox 483 2411 549 2447; x_wconf 84' lang='lat' dir='ltr'>Me</span> <span class='ocrx_word' id='word_1_299' title='bbox 580 2412 648 2447; x_wconf 80' lang='lat' dir='ltr'>tihi</span> <span class='ocrx_word' id='word_1_300' title='bbox 678 2413 818 2449; x_wconf 72' lang='lat' dir='ltr'>mando</span> <span class='ocrx_word' id='word_1_301' title='bbox 846 2421 984 2462; x_wconf 69' lang='lat' dir='ltr'>pater,-</span> <span class='ocrx_word' id='word_1_302' title='bbox 1016 2414 1124 2450; x_wconf 86' lang='lat' dir='ltr'>Deus</span> <span class='ocrx_word' id='word_1_303' title='bbox 1155 2415 1223 2449; x_wconf 86' lang='lat' dir='ltr'>hec</span> <span class='ocrx_word' id='word_1_304' title='bbox 1255 2415 1308 2450; x_wconf 83' lang='lat' dir='ltr'>ait</span> <span class='ocrx_word' id='word_1_305' title='bbox 1340 2414 1375 2450; x_wconf 82' lang='lat' dir='ltr'>in</span> <span class='ocrx_word' id='word_1_306' title='bbox 1410 2426 1523 2450; x_wconf 83' lang='lat' dir='ltr'>cruce</span> <span class='ocrx_word' id='word_1_307' title='bbox 1541 2414 1724 2463; x_wconf 79' lang='lat' dir='ltr'>pendens.</span> 
     </span>
    </p>
   </div>
   <div class='ocr_carea' id='block_1_8' title="bbox 412 2568 1730 2843">
    <p class='ocr_par' dir='ltr' id='par_1_8' title="bbox 412 2568 1730 2843">
     <span class='ocr_line' id='line_1_42' title="bbox 487 2568 1728 2603; baseline 0.002 -8"><span class='ocrx_word' id='word_1_308' title='bbox 487 2576 505 2595; x_wconf 93' lang='lat'>1.</span> <span class='ocrx_word' id='word_1_309' title='bbox 523 2568 546 2593; x_wconf 77' lang='lat' dir='ltr'>C</span> <span class='ocrx_word' id='word_1_310' title='bbox 563 2578 567 2594; x_wconf 94' lang='lat'>:</span> <span class='ocrx_word' id='word_1_311' title='bbox 585 2571 750 2602; x_wconf 68' lang='lat' dir='ltr'>tyrannum</span> <span class='ocrx_word' id='word_1_312' title='bbox 761 2568 858 2603; x_wconf 72' lang='lat' dir='ltr'>saell.</span> <span class='ocrx_word' id='word_1_313' title='bbox 916 2576 940 2595; x_wconf 84' lang='lat'>2.</span> <span class='ocrx_word' id='word_1_314' title='bbox 957 2568 1030 2596; x_wconf 84' lang='lat' dir='ltr'>DG:</span> <span class='ocrx_word' id='word_1_315' title='bbox 1047 2569 1208 2596; x_wconf 65' lang='lat' dir='ltr'>hominem.</span> <span class='ocrx_word' id='word_1_316' title='bbox 1265 2569 1292 2597; x_wconf 82' lang='lat'>6.</span> <span class='ocrx_word' id='word_1_317' title='bbox 1308 2568 1381 2597; x_wconf 91' lang='lat' dir='ltr'>DG:</span> <span class='ocrx_word' id='word_1_318' title='bbox 1403 2571 1433 2597; x_wconf 76' lang='lat' dir='ltr'>in</span> <span class='ocrx_word' id='word_1_319' title='bbox 1452 2578 1507 2597; x_wconf 79' lang='lat' dir='ltr'>suo</span> <span class='ocrx_word' id='word_1_320' title='bbox 1529 2571 1728 2600; x_wconf 72' lang='lat' dir='ltr'>commercio,-</span> 
     </span>
     <span class='ocr_line' id='line_1_43' title="bbox 416 2602 1726 2640; baseline 0.001 -11"><span class='ocrx_word' id='word_1_321' title='bbox 416 2602 446 2629; x_wconf 86' lang='lat' dir='ltr'>ib</span> <span class='ocrx_word' id='word_1_322' title='bbox 480 2603 521 2629; x_wconf 73' lang='lat' dir='ltr'>H:</span> <span class='ocrx_word' id='word_1_323' title='bbox 542 2602 733 2637; x_wconf 61' lang='lat' dir='ltr'>satisfac-cio.</span> <span class='ocrx_word' id='word_1_324' title='bbox 790 2612 818 2637; x_wconf 62' lang='grc' dir='ltr'>ι),</span> <span class='ocrx_word' id='word_1_325' title='bbox 838 2611 880 2631; x_wconf 92' lang='lat'>10.</span> <span class='ocrx_word' id='word_1_326' title='bbox 901 2604 944 2630; x_wconf 82' lang='lat' dir='ltr'>A:</span> <span class='ocrx_word' id='word_1_327' title='bbox 967 2603 1032 2630; x_wconf 79' lang='lat' dir='ltr'>Deo</span> <span class='ocrx_word' id='word_1_328' title='bbox 1053 2606 1157 2630; x_wconf 79' lang='lat' dir='ltr'>nostro</span> <span class='ocrx_word' id='word_1_329' title='bbox 1179 2604 1292 2631; x_wconf 73' lang='lat' dir='ltr'>habere</span> <span class='ocrx_word' id='word_1_330' title='bbox 1353 2612 1393 2632; x_wconf 90' lang='lat'>10.</span> <span class='ocrx_word' id='word_1_331' title='bbox 1415 2604 1487 2632; x_wconf 85' lang='lat' dir='ltr'>DG:</span> <span class='ocrx_word' id='word_1_332' title='bbox 1507 2606 1726 2640; x_wconf 73' lang='lat' dir='ltr'>superbiorem.</span> 
     </span>
     <span class='ocr_line' id='line_1_44' title="bbox 418 2636 1730 2701; baseline 0.003 -38"><span class='ocrx_word' id='word_1_333' title='bbox 418 2636 453 2664; x_wconf 52' lang='lat'>1³.</span> <span class='ocrx_word' id='word_1_334' title='bbox 478 2636 520 2663; x_wconf 87' lang='lat' dir='ltr'>G:</span> <span class='ocrx_word' id='word_1_335' title='bbox 549 2639 663 2672; x_wconf 69' lang='lat' dir='ltr'>quarta</span> <span class='ocrx_word' id='word_1_336' title='bbox 690 2638 789 2666; x_wconf 74' lang='lat' dir='ltr'>enim:</span> <span class='ocrx_word' id='word_1_337' title='bbox 815 2638 855 2664; x_wconf 86' lang='lat' dir='ltr'>ib.</span> <span class='ocrx_word' id='word_1_338' title='bbox 883 2636 988 2665; x_wconf 80' lang='lat' dir='ltr'>ADG:</span> <span class='ocrx_word' id='word_1_339' title='bbox 1010 2641 1193 2673; x_wconf 63' lang='lat' dir='ltr'>mesmnpta.</span> <span class='ocrx_word' id='word_1_340' title='bbox 1302 2647 1342 2671; x_wconf 73' lang='lat'>14.</span> <span class='ocrx_word' id='word_1_341' title='bbox 1364 2638 1437 2666; x_wconf 84' lang='lat' dir='ltr'>DG:</span> <span class='ocrx_word' id='word_1_342' title='bbox 1465 2642 1553 2666; x_wconf 74' lang='lat' dir='ltr'>tanta</span> <span class='ocrx_word' id='word_1_343' title='bbox 1574 2639 1730 2701; x_wconf 66' lang='lat' dir='ltr'>verosuit</span> 
     </span>
     <span class='ocr_line' id='line_1_45' title="bbox 419 2671 1725 2708; baseline 0.003 -11"><span class='ocrx_word' id='word_1_344' title='bbox 419 2671 551 2703; x_wconf 45' lang='lat' dir='ltr'>Clu-ist&amp;</span> <span class='ocrx_word' id='word_1_345' title='bbox 571 2671 611 2698; x_wconf 83' lang='lat' dir='ltr'>ib.</span> <span class='ocrx_word' id='word_1_346' title='bbox 626 2671 668 2698; x_wconf 88' lang='lat' dir='ltr'>D:</span> <span class='ocrx_word' id='word_1_347' title='bbox 689 2672 853 2699; x_wconf 72' lang='lat' dir='ltr'>humilitas.</span> <span class='ocrx_word' id='word_1_348' title='bbox 920 2681 958 2706; x_wconf 82' lang='lat'>¹7-</span> <span class='ocrx_word' id='word_1_349' title='bbox 972 2673 1128 2707; x_wconf 71' lang='lat' dir='ltr'>sapiente:</span> <span class='ocrx_word' id='word_1_350' title='bbox 1147 2672 1222 2699; x_wconf 86' lang='lat' dir='ltr'>DG:</span> <span class='ocrx_word' id='word_1_351' title='bbox 1242 2673 1335 2708; x_wconf 73' lang='lat' dir='ltr'>sapite</span> <span class='ocrx_word' id='word_1_352' title='bbox 1349 2682 1437 2701; x_wconf 81' lang='lat' dir='ltr'>nunc.</span> <span class='ocrx_word' id='word_1_353' title='bbox 1501 2682 1538 2701; x_wconf 80' lang='lat'>21.</span> <span class='ocrx_word' id='word_1_354' title='bbox 1556 2674 1599 2701; x_wconf 88' lang='lat' dir='ltr'>H:</span> <span class='ocrx_word' id='word_1_355' title='bbox 1620 2682 1652 2701; x_wconf 85' lang='lat' dir='ltr'>so</span> <span class='ocrx_word' id='word_1_356' title='bbox 1668 2683 1725 2701; x_wconf 76' lang='lat' dir='ltr'>um.</span> 
     </span>
     <span class='ocr_line' id='line_1_46' title="bbox 416 2706 1727 2744; baseline 0.003 -13"><span class='ocrx_word' id='word_1_357' title='bbox 416 2713 458 2732; x_wconf 77' lang='lat'>22.</span> <span class='ocrx_word' id='word_1_358' title='bbox 475 2706 499 2732; x_wconf 76' lang='lat'>1)</span> <span class='ocrx_word' id='word_1_359' title='bbox 515 2706 545 2732; x_wconf 86' lang='lat' dir='ltr'>in</span> <span class='ocrx_word' id='word_1_360' title='bbox 562 2713 674 2739; x_wconf 64' lang='lat' dir='ltr'>marg:</span> <span class='ocrx_word' id='word_1_361' title='bbox 697 2714 724 2733; x_wconf 75' lang='lat'>2.</span> <span class='ocrx_word' id='word_1_362' title='bbox 781 2706 827 2734; x_wconf 74' lang='lat'>28.</span> <span class='ocrx_word' id='word_1_363' title='bbox 843 2707 867 2733; x_wconf 88' lang='lat' dir='ltr'>D</span> <span class='ocrx_word' id='word_1_364' title='bbox 884 2706 913 2734; x_wconf 85' lang='lat' dir='ltr'>in</span> <span class='ocrx_word' id='word_1_365' title='bbox 930 2715 1101 2741; x_wconf 66' lang='lat' dir='ltr'>1narg.:3;</span> <span class='ocrx_word' id='word_1_366' title='bbox 1120 2707 1160 2734; x_wconf 79' lang='lat' dir='ltr'>ib.</span> <span class='ocrx_word' id='word_1_367' title='bbox 1176 2708 1221 2734; x_wconf 79' lang='lat' dir='ltr'>A:</span> <span class='ocrx_word' id='word_1_368' title='bbox 1244 2710 1274 2734; x_wconf 76' lang='lat' dir='ltr'>et</span> <span class='ocrx_word' id='word_1_369' title='bbox 1286 2716 1368 2735; x_wconf 72' lang='lat' dir='ltr'>mors</span> <span class='ocrx_word' id='word_1_370' title='bbox 1381 2708 1479 2735; x_wconf 77' lang='lat' dir='ltr'>twice.</span> <span class='ocrx_word' id='word_1_371' title='bbox 1536 2716 1582 2744; x_wconf 83' lang='lat'>29.</span> <span class='ocrx_word' id='word_1_372' title='bbox 1598 2710 1642 2736; x_wconf 87' lang='lat' dir='ltr'>A:</span> <span class='ocrx_word' id='word_1_373' title='bbox 1662 2709 1727 2737; x_wconf 78' lang='lat' dir='ltr'>sui:</span> 
     </span>
     <span class='ocr_line' id='line_1_47' title="bbox 416 2740 1724 2774; baseline 0.003 -8"><span class='ocrx_word' id='word_1_374' title='bbox 416 2740 456 2767; x_wconf 84' lang='lat' dir='ltr'>ib.</span> <span class='ocrx_word' id='word_1_375' title='bbox 483 2740 526 2767; x_wconf 90' lang='lat' dir='ltr'>A:</span> <span class='ocrx_word' id='word_1_376' title='bbox 551 2740 691 2774; x_wconf 71' lang='lat' dir='ltr'>pericula</span> <span class='ocrx_word' id='word_1_377' title='bbox 719 2741 816 2768; x_wconf 76' lang='lat' dir='ltr'>twice.</span> <span class='ocrx_word' id='word_1_378' title='bbox 919 2741 957 2769; x_wconf 79' lang='lat'>31.</span> <span class='ocrx_word' id='word_1_379' title='bbox 986 2741 1089 2769; x_wconf 90' lang='lat' dir='ltr'><strong>DGH:</strong></span> <span class='ocrx_word' id='word_1_380' title='bbox 1119 2741 1193 2768; x_wconf 78' lang='lat' dir='ltr'>istis.</span> <span class='ocrx_word' id='word_1_381' title='bbox 1296 2741 1338 2769; x_wconf 76' lang='lat'>33.</span> <span class='ocrx_word' id='word_1_382' title='bbox 1367 2742 1470 2769; x_wconf 81' lang='lat' dir='ltr'>DGH:</span> <span class='ocrx_word' id='word_1_383' title='bbox 1497 2743 1556 2770; x_wconf 81' lang='lat' dir='ltr'>lzit&#39;s</span> <span class='ocrx_word' id='word_1_384' title='bbox 1581 2743 1724 2770; x_wconf 64' lang='lat' dir='ltr'>versibus.</span> 
     </span>
     <span class='ocr_line' id='line_1_48' title="bbox 417 2773 1727 2810; baseline 0.002 -9"><span class='ocrx_word' id='word_1_385' title='bbox 417 2773 463 2807; x_wconf 78' lang='grc' dir='ltr'><strong><em>5ἰ</em></strong></span> <span class='ocrx_word' id='word_1_386' title='bbox 494 2774 567 2801; x_wconf 88' lang='lat' dir='ltr'>DG:</span> <span class='ocrx_word' id='word_1_387' title='bbox 603 2774 676 2801; x_wconf 80' lang='lat' dir='ltr'>Hit&#39;s</span> <span class='ocrx_word' id='word_1_388' title='bbox 704 2776 829 2810; x_wconf 73' lang='lat' dir='ltr'>ignosce</span> <span class='ocrx_word' id='word_1_389' title='bbox 857 2775 957 2807; x_wconf 77' lang='lat' dir='ltr'>deest;</span> <span class='ocrx_word' id='word_1_390' title='bbox 996 2776 1036 2803; x_wconf 89' lang='lat' dir='ltr'>ib.</span> <span class='ocrx_word' id='word_1_391' title='bbox 1066 2775 1170 2803; x_wconf 87' lang='lat' dir='ltr'>DGH:</span> <span class='ocrx_word' id='word_1_392' title='bbox 1201 2775 1296 2804; x_wconf 68' lang='lat' dir='ltr'>Pater</span> <span class='ocrx_word' id='word_1_393' title='bbox 1329 2780 1384 2804; x_wconf 71' lang='lat' dir='ltr'>etc.</span> <span class='ocrx_word' id='word_1_394' title='bbox 1413 2777 1493 2804; x_wconf 77' lang='lat' dir='ltr'>sicut</span> <span class='ocrx_word' id='word_1_395' title='bbox 1525 2778 1554 2805; x_wconf 79' lang='lat' dir='ltr'>in</span> <span class='ocrx_word' id='word_1_396' title='bbox 1585 2786 1727 2805; x_wconf 77' lang='lat' dir='ltr'>sermone</span> 
     </span>
     <span class='ocr_line' id='line_1_49' title="bbox 412 2808 1077 2843; baseline 0.003 -7"><span class='ocrx_word' id='word_1_397' title='bbox 412 2809 605 2843; x_wconf 67' lang='lat' dir='ltr'>precedente.</span> <span class='ocrx_word' id='word_1_398' title='bbox 678 2808 719 2836; x_wconf 69' lang='lat'>35.</span> <span class='ocrx_word' id='word_1_399' title='bbox 742 2809 858 2837; x_wconf 81' lang='lat' dir='ltr'>Codd.:</span> <span class='ocrx_word' id='word_1_400' title='bbox 887 2811 962 2837; x_wconf 71' lang='lat' dir='ltr'>sicia</span> <span class='ocrx_word' id='word_1_401' title='bbox 984 2811 1077 2838; x_wconf 80' lang='lat' dir='ltr'>deest.</span> 
     </span>
    </p>
   </div>
   <div class='ocr_carea' id='block_1_9' title="bbox 493 2891 1613 2935">
    <p class='ocr_par' dir='ltr' id='par_1_9' title="bbox 493 2891 1613 2935">
     <span class='ocr_line' id='line_1_50' title="bbox 493 2891 1613 2935; baseline 0.004 -14"><span class='ocrx_word' id='word_1_402' title='bbox 493 2901 540 2922; x_wconf 77' lang='lat'>12.</span> <span class='ocrx_word' id='word_1_403' title='bbox 568 2891 653 2922; x_wconf 77' lang='lat' dir='ltr'>Phil.</span> <span class='ocrx_word' id='word_1_404' title='bbox 680 2892 717 2931; x_wconf 83' lang='lat' dir='ltr'>ll,</span> <span class='ocrx_word' id='word_1_405' title='bbox 746 2903 775 2933; x_wconf 82' lang='lat'>7.</span> <span class='ocrx_word' id='word_1_406' title='bbox 874 2894 926 2933; x_wconf 68' lang='lat'>34.</span> <span class='ocrx_word' id='word_1_407' title='bbox 953 2894 1040 2924; x_wconf 68' lang='lat' dir='ltr'>Vide</span> <span class='ocrx_word' id='word_1_408' title='bbox 1067 2904 1170 2935; x_wconf 76' lang='lat' dir='ltr'>supra</span> <span class='ocrx_word' id='word_1_409' title='bbox 1197 2895 1305 2925; x_wconf 69' lang='lat' dir='ltr'>Serm.</span> <span class='ocrx_word' id='word_1_410' title='bbox 1332 2894 1403 2933; x_wconf 73' lang='lat' dir='ltr'>XL,</span> <span class='ocrx_word' id='word_1_411' title='bbox 1432 2905 1508 2935; x_wconf 83' lang='lat' dir='ltr'>pag.</span> <span class='ocrx_word' id='word_1_412' title='bbox 1538 2895 1613 2927; x_wconf 72' lang='lat'>3¹30.</span> 
     </span>
    </p>
   </div>
  </div>
 </body>
</html>
