2062 3276
187 267 266 314 374

767 274 991 306 JOHANNIS
1009 272 1195 304 WYCLIF
1214 272 1470 305 SERMONUM
1501 259 1653 317 [SERMO
1674 268 1781 297 XLVI.

184 387 263 417 Woe
277 388 456 416 denounced
472 381 638 418 Abacuk
671 383 738 428 110,
774 382 818 417 6.
871 381 921 417 Ve
953 381 1017 430 qui
1047 387 1267 431 congregat
1298 392 1370 416 non
1403 393 1483 416 sua.
1532 382 1633 416 Pure
1673 379 1781 417 avari

226 423 346 458 against
366 423 414 451 the

251 458 380 495 greedy·

206 1027 325 1062 against
345 1027 431 1054 those

209 1062 279 1089 who
301 1061 431 1097 plunder

217 1097 421 1166 neigtlilbibliiffls

209 2248 327 2284 against
347 2248 435 2274 those

220 2284 290 2310 who
311 2284 350 2310 do
372 2286 425 2309 not

211 2322 328 2345 restore
348 2317 431 2344 what

239 2353 309 2381 thev
331 2352 407 2379 have

250 2384 393 2422 acquiied

251 2422 394 2459 unyustly.

472 439 722 488 quiescentes
770 451 850 475 non
897 438 1101 475 saciantur
1145 439 1192 475 de
1239 438 1451 474 affluencia
1498 438 1780 486 temporalium

472 498 539 534 sed
573 497 759 533 continue
791 496 1174 534 immensurabiliter
1207 495 1385 544 aspirant
1417 497 1467 533 ad
1500 495 1684 544 amplius.
1724 498 1782 533 De

472 555 616 604 quibus
647 567 808 592 necesse
841 564 897 592 est
927 556 1035 603 quod
1069 554 1132 591 die
1164 553 1301 590 iudicii
1333 554 1393 590 vel
1425 562 1515 591 ante
1560 566 1631 590 non
1667 554 1781 590 relin-

471 621 613 663 quatur
651 613 749 663 lapis
787 625 905 663 super
948 613 1130 662 lapidem,
1175 624 1266 649 cum
1310 621 1393 648 tota
1437 611 1665 648 habitabilis
1709 611 1814 649 erit5

471 684 569 720 pure
614 672 855 708 elementum
901 671 1149 719 quadruplex
1193 679 1275 707 tota
1319 670 1401 707 fece
1446 670 1700 707 metallorum
1746 679 1783 707 et

471 729 641 766 aliorum
677 729 891 766 mixtorum
925 729 1085 765 detrusa
1116 728 1156 764 in
1189 727 1402 765 infernum.
1456 729 1524 764 Ille
1569 740 1661 776 ergo
1701 741 1782 765 non

473 787 699 824 considerat
743 800 833 824 curn
878 787 1070 835 Apostolo
1114 788 1318 834 quomodo
1371 799 1442 822 non
1496 787 1678 823 habemus
1722 786 1783 822 hic

472 853 684 882 manentem
718 846 909 882 civitatem
942 845 1010 880 sed
1029 845 1216 894 futuram
1250 845 1478 893 inquirimus
1500 844 1568 892 qui
1591 853 1648 881 est
1674 844 1781 881 solli-

473 903 639 941 citacior
677 902 781 940 circa
827 902 1032 952 tugurium
1072 901 1265 950 presentis
1310 902 1467 939 miserie
1511 914 1632 950 quam
1675 902 1840 940 circam

472 971 707 1011 perpetuam
742 961 992 998 mansionem
1027 961 1226 998 celestem.

530 1021 758 1057 Secundum
792 1021 849 1056 Ve
893 1019 1043 1056 dictum
1091 1027 1148 1055 est
1192 1017 1320 1055 avaris
1360 1027 1396 1055 et
1440 1017 1669 1055 ambiciosis
1714 1019 1782 1067 qui

472 1078 666 1127 rapiendo
718 1079 937 1126 predantur
990 1076 1212 1125 proximos;
1266 1085 1302 1113 et
1354 1077 1414 1113 vel
1466 1084 1623 1124 oportet
1675 1078 1782 1124 quod

473 1136 645 1185 Spiritus
679 1137 847 1173 Sanctus
880 1135 974 1184 quia
1007 1135 1206 1184 scriptura
1238 1147 1309 1171 sua
1340 1134 1389 1171 sit
1420 1134 1541 1171 falsus
1573 1135 1633 1171 vel
1674 1136 1782 1183 quod

472 1194 547 1243 ipsi
585 1194 663 1230 sint
695 1193 735 1230 in
773 1203 977 1242 posterum
1023 1192 1246 1242 depredati.
1279 1193 1351 1229 Vel
1395 1192 1499 1229 enim
1544 1192 1838 1230 remecietur15

473 1252 526 1289 eis
550 1265 620 1300 per
642 1253 839 1300 predones
862 1253 1082 1289 secundum
1108 1263 1337 1288 mensuram
1362 1264 1482 1299 quam
1517 1250 1783 1299 propinarunt

472 1310 559 1347 aliis
591 1311 651 1347 vel
684 1310 867 1347 diabolus
903 1310 1030 1358 rapiet
1063 1311 1111 1346 ab
1145 1309 1200 1346 eis
1233 1309 1410 1346 animam
1445 1319 1481 1345 et
1513 1309 1782 1357 possessiones

472 1368 653 1414 iniustas,
687 1369 747 1405 vel
778 1368 902 1405 tercio
921 1371 1027 1405 Deus
1061 1367 1235 1404 movebit
1259 1380 1325 1403 eos
1348 1368 1397 1404 ad
1422 1367 1780 1417 compunccionem

473 1436 508 1463 et
540 1426 667 1474 rapiet
700 1439 789 1463 cum
825 1428 1000 1475 quadam
1024 1426 1174 1463 iniciali
1197 1425 1394 1462 violencia
1418 1439 1497 1473 quo
1530 1425 1603 1473 ipsi
1636 1425 1782 1462 iniuste

472 1484 627 1533 predati
659 1493 763 1521 sunt.
857 1521 860 1525 ,
1799 1497 1840 1520 20

530 1545 621 1579 Ideo
666 1542 872 1579 christiani
925 1550 1135 1590 sequentes
1187 1542 1336 1578 scolam
1383 1541 1528 1578 Christi
1580 1541 1783 1590 pacienter

471 1600 669 1638 sustinent
708 1601 838 1637 illatas
877 1599 1042 1636 iniurias
1075 1607 1112 1636 et
1144 1612 1224 1635 non
1264 1599 1421 1636 irruunt
1454 1599 1493 1636 in
1527 1600 1657 1636 hostes
1695 1612 1782 1648 pre-

472 1659 685 1708 cipitanter
722 1658 938 1695 vindictam
984 1656 1171 1693 divinitus
1216 1657 1425 1706 capiendo,
1471 1659 1539 1694 sed
1579 1657 1783 1694 humiliter

471 1718 644 1754 tolerant
669 1726 705 1753 et
729 1725 937 1765 expectant
959 1715 1160 1752 ulcionem
1185 1715 1374 1752 divinam.
1409 1718 1450 1751 In
1475 1728 1554 1764 quo
1577 1715 1782 1764 refrigerio

472 1775 678 1812 inveniunt
702 1775 874 1812 fructum
908 1773 1188 1822 multiplicem,
1224 1787 1312 1810 cum
1337 1773 1468 1810 sciunt
1492 1775 1599 1822 quod
1622 1774 1783 1822 pacien-
1800 1778 1839 1810 25

472 1843 528 1870 tes
572 1834 671 1870 tales
715 1841 875 1881 oportet
918 1832 1089 1878 vincere,
1138 1831 1204 1868 ubi
1249 1832 1516 1869 retribuentes
1560 1833 1666 1869 mala
1709 1844 1782 1880 pro

474 1891 588 1928 malis
622 1892 753 1928 hostes
786 1899 1021 1939 exasperant
1061 1890 1326 1938 corporaliter
1358 1899 1395 1927 et
1427 1903 1467 1927 se
1499 1889 1606 1938 ipsos
1645 1889 1783 1926 debili-

471 1959 556 1987 tant
590 1949 863 1997 spiritualiter.
910 1950 1002 1985 Ideo
1035 1949 1094 1985 vel
1133 1957 1292 1997 oportet
1330 1951 1437 1997 quod
1477 1949 1653 1985 humana
1691 1961 1783 1996 pru-

473 2007 615 2045 dencia
647 2007 695 2044 sit
727 2006 931 2056 sapiencia
963 2006 1096 2043 divina
1129 2007 1379 2055 prestancior
1409 2008 1470 2043 vel
1502 2008 1609 2055 quod
1644 2006 1783 2043 melius

474 2067 574 2103 foret
607 2065 781 2102 finaliter
813 2065 1025 2113 utrobique
1058 2065 1230 2113 regulari
1264 2067 1484 2102 secundum
1509 2065 1635 2113 legem
1660 2064 1782 2113 scrip-
1800 2069 1842 2101 30

472 2134 559 2161 ture
604 2123 792 2160 divinitus
836 2123 1039 2171 inspirate.
1085 2125 1173 2159 Non
1217 2133 1351 2160 tamen
1394 2132 1564 2172 negatur
1607 2124 1784 2159 humana

474 2181 694 2231 prudencia
727 2183 795 2218 sed
828 2181 1038 2218 invocatur
1070 2181 1274 2229 sapiencia
1307 2181 1440 2218 divina
1473 2194 1544 2229 pro
1577 2181 1724 2228 regula.

531 2239 719 2276 Tei-cium
753 2241 809 2276 Ve
843 2239 995 2276 dictum
1029 2248 1086 2276 est
1118 2239 1261 2286 avaris,
1296 2238 1527 2275 ambiciosis
1561 2248 1597 2275 et
1635 2237 1783 2275 dolosis

474 2299 842 2347 quomodocunque
877 2296 1022 2334 iniuste
1055 2297 1184 2334 aliena
1217 2299 1322 2334 bona
1354 2296 1655 2345 occupantibus,
1690 2295 1784 2344 quia

475 2368 614 2393 omnes
637 2355 727 2392 illos
750 2364 908 2404 oportet
941 2355 1160 2401 restituere,
1195 2355 1226 2391 si
1249 2364 1457 2404 peccatum
1484 2356 1598 2392 debet
1620 2354 1783 2400 remitti,
1801 2356 1840 2390 35

475 2427 568 2451 nam
588 2414 749 2450 Domini
779 2421 834 2450 est
867 2421 974 2450 terra
1008 2422 1042 2450 et
1069 2414 1270 2463 plenitudo
1302 2414 1392 2450 eius.
1428 2414 1520 2449 Ideo
1543 2413 1602 2449 vel
1630 2421 1787 2461 oportet

475 2472 648 2509 iudicem
689 2472 802 2508 illum
836 2471 875 2507 in
908 2471 1094 2520 potencia
1127 2485 1172 2509 ac
1206 2471 1357 2509 desidia
1401 2471 1569 2508 deficere
1612 2471 1672 2508 vel
1710 2470 1784 2507 sibi

544 2592 563 2611 1.
578 2583 684 2611 ADG:
705 2583 914 2611 Ρνῐηιῐαιανὶ,
970 2592 999 2614 4.
1015 2584 1058 2610 A.
1080 2591 1200 2610 necesse
1219 2585 1333 2618 estpro
1348 2582 1536 2615 diezudicit;
1555 2582 1595 2609 ib.
1612 2582 1685 2609 DG:
1706 2581 1789 2617 quod

472 2621 541 2654 post
560 2619 649 2646 szem
725 2619 748 2646 5.
769 2619 814 2646 A:
841 2618 885 2645 ad
903 2619 954 2653 lap
957 2618 1055 2650 zdem;
1080 2618 1121 2644 ib.
1142 2617 1218 2645 DG.
1245 2625 1309 2644 cum
1329 2620 1423 2644 terra.
1503 2619 1531 2644 6.
1554 2616 1596 2643 G.
1622 2619 1687 2644 tota
1699 2616 1785 2652 fere.

475 2661 503 2688 9,
527 2662 566 2680 10.
589 2653 692 2681 DGH:
719 2653 899 2680 sollzcicior.
957 2661 987 2686 ¹4
1018 2652 1092 2680 DG:
1115 2655 1143 2679 et
1160 2652 1224 2680 scri
1244 2655 1326 2679 lura.
1384 2652 1419 2679 15.
1441 2651 1515 2679 DG:
1536 2651 1711 2687 dampnatis
1730 2652 1785 2678 vel.

475 2695 516 2722 19.
532 2688 574 2714 D.
597 2691 627 2715 et
645 2688 745 2721 deest;
767 2688 806 2715 ib.
823 2687 897 2715 DG:
920 2661 1024 2722 ναρ4ῐεῐ
1036 2688 1137 2718 deest:
1158 2687 1197 2714 ib.
1251 2687 1442 2722 ·quodipsi.
1509 2694 1548 2714 21.
1570 2687 1616 2713 A:
1633 2688 1785 2721 patenter.

474 2719 520 2757 26,
543 2730 576 2756 27
610 2722 682 2750 DG:
711 2731 766 2785 5ro
786 2723 876 2749 mala.
950 2730 994 2757 27.
1017 2721 1060 2749 G:
1087 2725 1314 2763 exaspermter.
1392 2720 1436 2749 32.
1457 2722 1502 2748 A:
1529 2721 1696 2748 innovatur
1710 2729 1786 2756 pru-

474 2744 591 2784 dencia.
757 2756 861 2784 DGH:
888 2757 1008 2784 dimitlt.
1111 2755 1153 2792 37.
1178 2756 1253 2784 GH.
1280 2757 1388 2789 tstum;
1413 2757 1453 2783 ib.
1475 2755 1549 2784 DG:
1573 2756 1719 2791 potencia
1741 2759 1784 2790 el;

472 2793 516 2819 A.
538 2795 585 2825 et;
604 2791 646 2819 ib.
670 2792 712 2819 D.
711 2758 877 2826 §definiere

547 2862 573 2883 1.
592 2852 711 2894 Vulg.:
738 2853 807 2884 Vae
825 2853 865 2891 ei,
884 2852 942 2893 qui
960 2851 1174 2893 multiplicat
1193 2862 1260 2884 non
1280 2862 1357 2884 sua.
1432 2852 1461 2884 5.
1480 2850 1599 2883 Matth.
1614 2851 1733 2890 XXlV,
1755 2859 1784 2881 2.

472 2896 504 2930 8.
531 2897 636 2930 Hebr.
662 2899 748 2938 XIII,
773 2908 822 2939 14.
920 2896 973 2931 36.
1000 2898 1054 2929 Ps.
1080 2898 1199 2937 XX111,
1223 2908 1249 2929 1.
