2062 3276
211 248 291 292 416

212 1702 296 1730 True
316 1710 389 1737 pros
415 1702 492 1741 erity

223 1738 298 1765 does
319 1742 371 1764 not
403 1745 428 1764 ie
449 1745 478 1764 ln

300 1772 407 1799 riches.

792 253 1015 286 JOHANNIS
1032 252 1218 284 WYCLIF'
1237 253 1492 285 SERMONUM
1555 239 1709 298 [SERMO
1730 250 1808 278 LIII-

499 357 688 395 Veritatis
725 359 893 396 Matthei
925 361 1029 407 X110,
1066 359 1129 405 36,
1166 360 1236 407 37:
1283 360 1351 396 Ex
1387 359 1492 396 omni
1533 360 1648 396 verbo
1686 359 1811 396 ocioso

499 417 601 465 quod
622 415 740 453 locuti
753 417 909 466 suerint
932 418 1103 455 homines
1125 418 1288 454 reddent
1311 417 1503 454 racionem
1527 417 1563 453 in
1587 417 1647 453 die
1668 417 1810 464 iudicii,

500 484 537 511 et
568 478 627 520 (ut
660 475 820 523 exponit
851 475 1096 524 Augustinus
1134 480 1334 522 sermone)
1370 488 1451 512 non
1489 484 1670 524 superest
1702 475 1812 512 racio

499 541 595 569 tunc
628 533 820 570 reddendi
852 533 926 570 nisi
959 533 1067 571 racio
1100 533 1407 583 dampnacionis
1439 543 1507 570 aut
1546 533 1812 581 dampnabili-

499 591 605 637 tatis,
651 591 742 640 quia
783 593 1003 628 secundum
1043 592 1213 629 Moralia
1253 593 1402 629 cadunt
1441 591 1495 628 ibi
1535 593 1607 628 sub
1647 591 1845 629 iudici0.5

500 650 615 685 Unde
647 649 828 697 sequitur
867 650 905 686 in
938 659 1045 687 textu
1078 650 1290 699 evangelii:
1336 651 1404 686 Ex
1438 650 1565 686 verbis
1602 649 1699 685 enim
1739 649 1813 685 tuis

499 707 776 757 2·ust1ficaber1's.
812 707 852 744 Si
886 721 979 755 ergo
1012 721 1132 745 omne
1153 709 1317 745 verbum
1342 708 1522 744 ociosum
1545 707 1595 743 sit
1618 708 1813 755 dampna-

500 764 590 812 bile,
624 778 745 814 quam
780 766 1082 802 excusacionem
1112 765 1258 814 accipit
1281 766 1432 803 iuracio
1455 765 1602 803 ociosa.
1638 767 1813 802 Consue-

499 825 596 859 tudo
629 823 764 871 itaque
797 824 968 872 allegata
1002 824 1130 871 signat
1154 823 1356 861 maliciam
1381 824 1543 860 fetidam
1569 823 1812 860 induratam.

559 880 824 917 Considerent
848 894 941 929 ergo
964 881 1019 919 sic
1042 883 1251 930 loquentes
1270 883 1475 930 quomodo
1498 881 1650 930 primus
1669 893 1814 930 parens
1834 897 1873 918 10

501 950 589 975 cum
624 947 710 976 toto
742 951 886 987 genere
924 952 996 977 suo
1030 941 1349 988 condempnatus
1388 949 1446 976 est
1479 952 1550 988 pro
1583 952 1651 976 esu
1690 939 1812 988 pomi,

499 1010 580 1033 non
615 997 773 1034 malicia
807 997 862 1034 rei
898 997 938 1033 in
970 1010 1012 1035 se
1043 999 1111 1035 sed
1151 1010 1194 1035 ex
1234 997 1558 1047 prevaricacione
1597 996 1652 1033 rei
1685 997 1815 1035 vetite.

500 1056 600 1091 Cum
646 1068 740 1103 ergo
784 1056 1012 1104 assumpcio
1057 1056 1231 1093 nominis
1275 1055 1347 1092 Dei
1391 1056 1430 1092 in
1474 1068 1621 1092 vanum
1666 1055 1716 1091 sit
1761 1054 1815 1091 ita

501 1113 709 1150 manifeste
741 1113 959 1162 prohibita,
999 1114 1101 1151 sicut
1134 1126 1222 1150 esus
1256 1113 1365 1163 pomi
1399 1113 1522 1159 vetiti,
1559 1113 1813 1150 manifestum

499 1171 656 1208 videtur
687 1173 794 1221 quod
828 1184 871 1208 ex
904 1172 1227 1221 prevaricacione
1265 1172 1370 1208 illius
1409 1171 1587 1220 precepti
1621 1179 1814 1220 perpetua
1836 1175 1872 1208 15

501 1230 743 1278 dampnacio
776 1229 995 1267 incurritur
1022 1230 1097 1267 nisi
1121 1229 1368 1268 contricione
1391 1229 1659 1267 satisfactoria
1683 1241 1816 1266 emen-

501 1289 628 1325 detur.
670 1289 788 1334 Quod
821 1297 954 1325 autem
995 1289 1265 1326 communitas
1305 1288 1514 1325 hominum
1549 1287 1604 1324 sic
1638 1287 1816 1324 irretitur

501 1345 577 1382 isto
601 1346 782 1393 crimine,
808 1356 864 1383 est
887 1348 1103 1384 dolendum
1129 1357 1165 1383 et
1190 1355 1355 1395 propter
1377 1345 1634 1394 gravedinem
1659 1344 1814 1394 peccati

503 1404 758 1452 multiplicati
791 1406 880 1453 plus
903 1405 1140 1451 timendum,
1176 1405 1269 1453 quia
1293 1405 1455 1441 indubie
1480 1405 1636 1453 pondus
1662 1402 1816 1452 peccati

502 1463 801 1499 accumulatum
835 1465 885 1500 ad
918 1472 1073 1500 tantum
1098 1476 1218 1511 super
1241 1464 1388 1499 collum
1422 1462 1561 1511 populi
1595 1463 1701 1511 quod
1736 1474 1875 1498 n01120

501 1520 676 1557 sufficiat
709 1533 779 1569 pre
812 1521 968 1557 defectu
1007 1521 1164 1557 iusticie
1203 1521 1332 1569 ipsum
1374 1529 1612 1569 supportare
1651 1532 1694 1556 ex
1732 1520 1817 1567 lege

503 1579 634 1615 divine
667 1579 823 1616 iusticie
857 1579 1170 1627 dampnabiliter
1202 1579 1347 1627 premit
1380 1579 1511 1627 ipsum
1546 1577 1604 1630 (ut
1637 1586 1744 1626 patet
1769 1579 1816 1612 de

503 1636 722 1674 Sodomitis
755 1639 851 1674 Gen.
885 1639 1021 1683 XIXO).

562 1697 610 1731 Et
633 1704 826 1743 quantum
850 1696 900 1731 ad
922 1694 1248 1743 prosperitatem,
1282 1703 1446 1743 putatur
1468 1693 1687 1730 bestialiter
1710 1694 1818 1741 quod

503 1762 581 1790 stat
612 1753 651 1789 in
685 1753 798 1789 bonis
832 1753 1010 1795 fortune:
1045 1766 1121 1802 que
1144 1753 1324 1790 videmus
1347 1754 1454 1798 quod
1477 1762 1558 1788 tam
1588 1750 1875 1800 philosophi25

504 1824 625 1860 quam
658 1811 856 1860 scriptura
890 1821 1074 1859 patenter
1106 1813 1338 1859 reprobant.
1378 1810 1488 1847 Sicut
1522 1822 1616 1858 ergo
1649 1822 1730 1846 non
1763 1818 1819 1845 est

503 1869 749 1918 prosperitas
772 1869 1070 1917 pruriginosum
1097 1870 1243 1906 habere
1266 1878 1405 1905 acutas
1427 1869 1595 1916 ungulas
1619 1877 1656 1904 et
1673 1880 1820 1916 oppor-

503 1928 716 1964 tunitatem
751 1941 842 1964 cum
877 1927 1059 1976 appetitu
1093 1927 1331 1964 irrefrenato
1365 1928 1415 1963 ad
1448 1938 1646 1963 venenose
1679 1938 1819 1962 carnes

504 1985 689 2034 proprias
712 1986 989 2033 lacerandum,
1020 1985 1076 2023 sic
1099 1999 1180 2022 non
1204 1995 1261 2022 est
1285 1984 1510 2034 properitas
1533 1986 1602 2021 sed
1626 1986 1820 2032 dampna-

504 2043 636 2080 bilitas
654 2046 763 2092 quod
781 2044 1056 2092 prevaricator
1080 2045 1224 2080 habeat
1240 2043 1498 2080 affluenciam
1518 2042 1818 2090 temporalium,
1837 2046 1879 2077 30

504 2111 545 2138 ut
579 2102 656 2138 dixi
689 2101 728 2138 in
762 2101 974 2150 principio.
1023 2104 1137 2139 Unde
1169 2103 1366 2150 propheta
1398 2110 1626 2149 postquam,
1662 2100 1821 2136 Psalmo

505 2161 679 2196 CXLIIIO
720 2159 956 2197 recitaverat
991 2161 1138 2197 multas
1178 2160 1412 2196 affluencias
1457 2158 1739 2206 temporalium
1781 2157 1821 2192 in

505 2217 649 2266 quibus
688 2219 922 2254 habundant
962 2217 1087 2266 iniqui
1129 2218 1333 2254 concludit
1378 2216 1609 2265 opinionem
1659 2228 1819 2252 eorum:

506 2276 682 2319 Beatum,
716 2275 861 2324 inquit,
896 2277 1082 2312 dixerunt
1109 2277 1298 2325 populum
1334 2276 1395 2311 cui
1426 2276 1493 2310 hec
1524 2281 1621 2310 sunt.

563 2334 640 2369 Sed
685 2334 890 2370 conclusio
934 2334 1105 2381 Spiritus
1151 2334 1286 2370 Sancti
1337 2332 1517 2369 docentis
1562 2331 1822 2380 philosophos
1839 2335 1878 2368 35

506 2400 563 2427 est
603 2393 709 2440 quod
750 2393 890 2428 beatus
930 2401 987 2428 est
1026 2393 1199 2440 populus
1239 2391 1350 2428 cuius
1395 2400 1451 2427 est
1492 2390 1679 2426 dominus
1718 2391 1822 2424 Deus

506 2448 602 2486 eius.
649 2449 689 2486 Si
723 2462 817 2498 ergo
850 2450 929 2486 fide
967 2449 1161 2486 sciremus
1200 2450 1405 2499 quomodo
1444 2460 1582 2485 omnes
1622 2447 1689 2496 qui
1729 2459 1823 2483 con-

574 2580 600 2606 7.
622 2572 663 2600 D:
691 2572 802 2608 igitur.
911 2580 937 2607 7,
958 2572 984 2600 8.
1006 2573 1051 2600 A:
1079 2573 1340 2621 corzderizpnabz'le.
1451 2579 1484 2611 πᾳ
1501 2575 1529 2611 et
1550 2569 1587 2598 13.
1610 2569 1682 2597 DG:
1706 2569 1821 2617 ⁴igitur.

507 2614 540 2634 ιι.
563 2606 636 2634 DG:
664 2610 706 2648 est
724 2607 820 2647 deest.
930 2615 968 2635 12.
991 2607 1033 2634 D:
1062 2615 1108 2635 ret
1128 2607 1238 2647 dees-t..
1340 2606 1376 2635 15.
1399 2607 1442 2634 A:
1472 2606 1554 2633 zlttus
1570 2607 1708 2640 precepti
1728 2604 1822 2631 deest.

507 2649 547 2676 ¹7-
569 2641 643 2669 DG:
666 2644 811 2682 zrrttetm·
830 2645 878 2682 et:
943 2643 1051 2682 ¹9:.A²
1073 2642 1245 2677 mult1p11c1.
1305 2650 1366 2681 ‚²0.·
1388 2643 1431 2669 A:
1453 2641 1563 2680 collum
1578 2642 1712 2679 propter
1731 2638 1822 2674 quod.

507 2674 548 2703 23.
564 2676 606 2703 D:
628 2676 796 2704 Sodomms
809 2680 838 2704 el
853 2678 1017 2704 (romorus.
1074 2685 1120 2709 24.
1136 2676 1209 2703 DG:
1231 2677 1377 2704 bestmlts.
1434 2681 1475 2703 23.
1491 2675 1565 2702 DG:
1585 2674 1668 2710 quod
1680 2674 1822 2701 mdemus.

506 2718 554 2746 29,
576 2709 621 2738 30.
643 2713 687 2738 A:
714 2712 743 2738 si
760 2711 1011 2747 dampnabilitas.
1084 2711 1129 2739 30.
1152 2711 1282 2744 lzabeat‚·
1309 2711 1381 2738 DG:
1411 2711 1499 2737 hanc.
1572 2708 1611 2737 31.
1634 2709 1677 2736 G:
1705 2708 1823 2735 Psalmo

507 2745 600 2773 deest.
674 2744 715 2773 33.
739 2746 779 2773 D:
807 2747 1006 2774 habundavit.
1079 2745 1119 2774 35.
1142 2745 1214 2773 DG:
1242 2745 1366 2773 docens.
1439 2744 1485 2772 36.
1507 2745 1550 2772 A:
1580 2747 1625 2771 est
1644 2743 1736 2771 deest.

582 2840 608 2861 1.
640 2830 781 2861 Rectius
814 2837 852 2861 ut
881 2830 1018 2861 videtur
1050 2831 1083 2861 S.
1111 2830 1281 2870 Gregorii,
1316 2830 1353 2861 In
1378 2829 1442 2861 Ev.
1475 2829 1533 2860 lib.
1560 2828 1583 2860 Ι.
1615 2826 1745 2858 Homil.
1764 2826 1821 2865 VI,

508 2877 600 2918 Opp.
626 2883 708 2907 tom.
736 2877 759 2916 1,
784 2876 880 2918 1457.
908 2876 960 2908 Cf.
988 2876 1032 2907 ib.
1059 2886 1136 2918 pag.
1165 2886 1241 2917 240.
1365 2877 1417 2918 34.
1446 2875 1573 2906 Psalm.
1601 2873 1748 2913 CXLIII,
1774 2871 1823 2903 15.
