2062 3276
189 861 288 889 Greed
309 862 392 890 leads
412 862 462 890 the

186 897 277 925 friars
288 901 319 924 to
331 898 463 932 practise

227 932 348 964 against
368 933 418 959 the

196 967 301 1000 realm,
322 967 380 993 and
403 967 453 995 the

195 1001 314 1028 faithful
337 1002 446 1030 should
492 1027 498 1033 .

221 1041 274 1063 not
294 1041 426 1071 support

285 1071 359 1098 him.

770 286 994 318 JoHANle
1013 285 1197 317 WYCIJF
1217 285 1473 317 SERMONUM
1537 272 1688 330 [SERMO
1711 282 1789 311 XIII-

479 404 559 428 non
592 392 735 428 docent
767 391 807 427 in
839 391 914 428 isto
947 392 1093 429 evitare
1132 391 1384 428 occasionem
1430 391 1594 440 periculi
1638 393 1707 428 sed
1750 392 1790 428 in

479 448 566 497 ipso
599 450 852 486 substernere
884 449 967 486 sine
1000 462 1132 486 causa.
1179 449 1360 486 Christus
1394 449 1498 485 enirn
1532 463 1612 486 non
1644 449 1790 498 legitur

478 506 600 543 vitam
634 520 747 544 suam
782 520 872 543 cum
905 507 1052 544 talibus
1091 507 1232 543 mediis
1277 507 1510 544 defendisse.
1564 509 1652 553 Qua
1696 520 1789 556 ergo

478 565 718 601 auctoritate
751 566 850 601 alter
882 578 986 613 papa
1018 565 1073 601 sic
1107 566 1335 602 defenderet
1367 565 1488 602 vitam
1521 566 1658 602 suam?
1705 565 1788 601 Viri

478 635 572 670 ergo
605 622 820 670 evangelici
853 624 1109 666 hortarentur
1141 636 1288 671 papam
1323 636 1479 660 armare
1513 636 1553 659 se
1587 636 1676 659 curn
1721 637 1788 672 pa-

478 680 628 717 ciencia
660 690 696 716 et
728 680 814 717 aliis
847 681 1082 729 evangelicis
1114 680 1329 718 armaturis
1363 690 1400 718 et
1432 682 1540 729 quod
1571 690 1666 718 tunc
1689 682 1790 718 foret

477 751 640 775 securus
693 740 739 774 de
792 738 997 787 triumpho
1051 739 1230 787 optabili,
1283 739 1375 775 licet
1428 739 1690 787 corporaliter
1741 739 1790 775 sit

477 796 647 833 occisus.

535 856 583 890 Et
616 867 658 890 ex
690 853 774 890 istis
807 863 937 902 potest
970 863 1104 902 patere
1138 854 1322 891 fidelibus
1367 856 1571 903 quomodo
1616 856 1789 891 candens

477 912 645 948 fratrum
680 912 877 960 cupiditas
910 914 1108 948 bonorum
1143 913 1301 949 fortune
1324 914 1385 949 vel
1408 913 1570 949 honoris
1595 913 1788 950 mundani

477 979 607 1006 movet
641 983 706 1006 eos
740 979 877 1007 contra
909 971 1118 1018 populum,
1153 984 1366 1019 personam
1400 980 1436 1007 et
1460 984 1627 1019 regnum
1650 971 1789 1007 infide-

476 1029 565 1064 hter
609 1041 839 1076 procurare.
894 1030 994 1065 Nam
1039 1030 1088 1065 ad
1132 1030 1432 1076 procurandum
1477 1030 1516 1065 in
1563 1042 1682 1066 causa
1714 1029 1788 1065 ista

475 1095 639 1134 propter
682 1086 779 1122 fines
811 1086 980 1123 infames
1012 1086 1174 1123 indubie
1207 1096 1299 1123 sunt
1332 1088 1471 1124 fratres
1513 1087 1786 1135 promtissimi.

475 1146 556 1180 Nec
589 1143 755 1180 dubium
789 1144 886 1192 quin
920 1154 1138 1192 procurant
1171 1145 1386 1181 infideliter
1419 1154 1557 1182 contra
1583 1145 1785 1182 Christum

474 1211 512 1238 et
550 1215 663 1238 suam
710 1202 916 1238 ecclesiam
962 1202 1056 1250 quia
1101 1212 1240 1240 contra
1283 1204 1409 1251 legem
1451 1203 1535 1250 Dei,
1582 1205 1630 1240 ad
1676 1203 1787 1239 cuius

474 1259 704 1308 oppositum
739 1260 909 1296 excitant
941 1261 1135 1308 populum
1169 1263 1219 1297 ad
1252 1262 1511 1298 credendum.
1565 1263 1613 1297 Et
1651 1261 1705 1297 sic
1745 1274 1788 1297 ex

473 1317 547 1354 ista
580 1318 816 1354 narracione
850 1327 981 1365 potest
1013 1318 1140 1354 fidelis
1174 1319 1358 1367 colligere
1404 1332 1493 1355 cum
1540 1319 1648 1367 quali
1693 1332 1786 1368 pru-

473 1376 613 1412 dencia
645 1389 758 1412 suam
793 1376 1051 1412 elemosinam
1092 1377 1302 1424 regulabst,
1349 1390 1439 1413 cum
1483 1377 1647 1413 indubie
1692 1390 1784 1413 con-

473 1446 610 1470 sensus
644 1443 681 1470 et
713 1433 888 1470 stulticia
921 1434 1059 1482 populi
1103 1444 1195 1471 sunt
1238 1435 1278 1471 in
1323 1448 1441 1472 causa
1487 1448 1610 1483 quare
1654 1435 1694 1471 in
1733 1435 1787 1471 eis

472 1492 571 1528 tales
603 1491 840 1528 Antichristi
875 1491 1059 1540 discipuli
1092 1502 1184 1529 sunt
1216 1492 1368 1529 nutriti.
1403 1493 1442 1529 Si
1476 1506 1569 1541 ergo
1594 1494 1786 1529 haberent

472 1550 608 1585 lumen
641 1549 812 1586 racionis
858 1550 1081 1598 evangelice
1126 1553 1331 1599 quomodo
1376 1552 1520 1588 debent
1568 1551 1663 1587 istos
1707 1561 1786 1587 tres

471 1620 667 1656 pauperes
701 1620 863 1655 pascere
897 1609 943 1644 de
976 1608 1092 1645 titulo
1126 1609 1340 1646 elemosine
1380 1618 1417 1645 et
1450 1609 1547 1646 alios
1582 1609 1786 1646 mendicos

471 1665 622 1702 validos
656 1678 847 1702 evacuare
881 1675 918 1702 et
950 1679 1030 1703 non
1064 1679 1109 1703 ea
1142 1667 1302 1703 racione
1335 1667 1574 1715 temporalia
1619 1667 1673 1703 eis
1718 1667 1786 1704 tri-

472 1725 593 1760 buere
627 1737 705 1772 qua
738 1723 899 1760 racione
933 1734 1025 1761 sunt
1058 1725 1247 1761 contrarii
1279 1725 1355 1773 legi
1380 1725 1541 1772 Christi,
1575 1734 1669 1762 tunc
1692 1739 1785 1774 pur-

471 1791 610 1829 garent
664 1781 873 1818 ecclesiam
928 1784 974 1818 de
1027 1782 1109 1819 istis
1163 1783 1321 1820 discolis
1366 1792 1402 1819 et
1445 1785 1572 1831 legem
1622 1783 1784 1819 Domini
1826 1790 1838 1822 ἶ

471 1839 732 1876 effectualiter
764 1841 1023 1877 honorarent.
1070 1843 1170 1878 Cum
1215 1851 1347 1878 autem
1394 1841 1499 1878 idem
1539 1841 1587 1878 sit
1621 1841 1783 1889 diligere

468 1898 595 1945 legem
630 1898 701 1934 Dei
735 1907 771 1934 et
805 1898 969 1946 diligere
1001 1898 1133 1947 ipsum
1168 1901 1294 1936 Deum
1330 1898 1390 1950 (ut
1422 1909 1531 1948 patet
1558 1901 1644 1937 Joh.
1669 1897 1782 1950 XIV),

468 1964 577 2003 patet
611 1958 719 2004 quod
753 1955 820 2004 qui
853 1956 908 1993 sic
932 1966 1225 2005 contempnunt
1246 1959 1373 2005 legem
1398 1957 1469 1994 Dei
1493 1966 1784 2005 contempnunt

469 2013 596 2050 eciam
621 2013 932 2062 dampnabiliter
949 2017 1076 2051 Deum
1100 2028 1230 2051 suum.
1255 2018 1335 2052 Nec
1359 2017 1551 2052 seducant
1574 2015 1791 2052 ecclesiam-

468 2072 676 2108 oraciones
709 2072 850 2109 talium
890 2072 1147 2120 discolorum,
1194 2073 1287 2122 quia
1319 2075 1459 2110 Matth.
1492 2075 1596 2120 XV0‚
1632 2086 1653 2121 9
1689 2073 1783 2109 dicit
1801 2080 1815 2112 ζ’

470 2129 672 2166 Christus:
719 2131 808 2166 Sine
851 2143 967 2167 causa
1012 2132 1140 2167 colunt
1184 2144 1243 2167 me
1287 2133 1464 2168 docentes
1508 2132 1706 2168 doctrinas
1749 2139 1784 2166 et

469 2188 650 2223 mandata
684 2189 879 2225 hominum
925 2198 961 2225 et
1001 2202 1070 2237 per
1103 2202 1366 2237 consequens,
1401 2189 1432 2225 si
1465 2190 1605 2226 fratres
1639 2190 1783 2225 docent

468 2245 664 2281 attencius
717 2247 907 2294 dogmata
960 2260 1031 2284 sua
1084 2256 1121 2283 et
1169 2249 1359 2284 mandata
1404 2247 1614 2284 hominum
1660 2259 1780 2295 quam

468 2305 659 2340 mandata
684 2304 859 2351 Domini,
894 2314 951 2341 est
983 2305 1261 2342 frustatorium
1286 2314 1322 2341 et
1346 2305 1649 2342 demeritorium
1673 2304 1782 2353 quic-

468 2360 565 2408 quid
599 2371 735 2409 agunt.

537 2540 561 2569 5.
584 2541 611 2570 I:
633 2544 666 2569 ut
685 2542 876 2573 evannelici:
896 2542 936 2571 ib.
957 2551 1008 2575 ειη
1027 2542 1067 2571 E:
1088 2543 1161 2574 sed:
1181 2543 1220 2572 ib.
1242 2545 1286 2572 A:
1308 2552 1372 2572 cum
1394 2543 1487 2572 deest.
1563 2543 1602 2572 18.
1624 2544 1668 2571 A:
1691 2551 1782 2580 regu-

467 2575 561 2602 Iabat.
696 2585 738 2605 22.
761 2564 829 2605 ssE:
856 2579 892 2605 de
912 2579 1006 2606 deest.
1141 2581 1187 2608 26.
1208 2587 1253 2614 27.
1274 2580 1302 2606 I:
1328 2579 1463 2614 diligere
1480 2596 1514 2598 —
1534 2580 1667 2616 diligere
1687 2579 1780 2606 deest.

466 2618 510 2645 27.
532 2610 600 2638 DE:
627 2612 785 2639 honorare
805 2613 915 2648 legem.
988 2612 1033 2641 30.
1056 2614 1098 2641 A:
1127 2614 1305 2642 oracionis:
1330 2614 1369 2641 ib.
1391 2614 1415 2642 E
1436 2615 1465 2641 in
1487 2622 1553 2641 mar
1578 2624 1600 2641 .:
1622 2614 1780 2640 Sectarum

466 2645 639 2684 oraciones.
729 2646 776 2680 34.
798 2647 826 2674 1:
853 2648 1000 2675 mandata
1023 2649 1089 2676 Dei.
1185 2647 1228 2676 35.
1249 2649 1278 2676 I:
1305 2652 1449 2684 arguunt
1466 2653 1521 2677 etc,
1570 2649 1686 2682 lleluja.
1709 2648 1783 2675 ΑΙΙῖ

466 2685 620 2714 sequitur:

746 2716 808 2751 Qui
824 2716 910 2744 ducis
930 2718 1030 2744 vultus
1049 2721 1079 2744 et
1097 2726 1156 2744 non
1178 2718 1258 2754 legis
1278 2718 1337 2745 ista
1358 2718 1486 2746 libenter

746 2751 892 2778 Omnibus
912 2752 1059 2783 invideas,
1080 2752 1192 2786 invide,
1213 2761 1300 2780 nemo
1320 2753 1375 2780 tibi

743 2785 862 2813 Marcis
882 2786 916 2821 (J)
935 2795 991 2814 suo
1012 2787 1116 2814 invido
1137 2792 1193 2815 etc.

538 2903 568 2938 3.
597 2902 648 2936 Cf.
676 2903 882 2945 eruc-iatam,
910 2905 982 2937 Pol.
998 2904 1137 2945 VVorks,
1164 2915 1241 2948 pag.
1269 2904 1346 2950 629.

1810 930 1847 950 10

1807 1210 1843 1242 15

1804 1510 1844 1530 20
