2062 3276
141 355 214 386 [³01.

135 403 149 412 ..
181 398 214 416 .,.1

135 412 196 441 >4³

175 906 213 927 10

176 1187 211 1218 15

170 1487 211 1507 20

231 260 367 288 smnio
388 250 481 305 Lxr]
711 263 900 302 QUARTA
933 264 1060 294 inias.

231 368 436 405 modestiis
471 370 584 405 labor
618 382 809 406 manuum
842 369 903 404 vel
931 365 935 420 l
965 368 1179 405 solicitudo
1204 368 1388 414 discreta,
1424 379 1542 417 prout

230 436 287 463 est
337 427 565 464 necessaria
617 429 666 464 ad
719 426 997 463 sustinendum
1050 426 1252 463 miseriam
1306 426 1422 463 huius
1468 428 1541 463 vie.

231 484 455 522 Solicitudo
495 494 629 521 autem
669 484 910 521 clericorum
952 492 1010 520 est
1049 483 1181 521 aliena
1220 485 1269 520 ab
1310 484 1409 530 istis,
1451 497 1542 521 cum

230 555 393 580 omnem
427 543 730 580 solicitudinem
764 554 878 578 suam
919 541 960 578 in
994 542 1201 578 Christum
1242 542 1460 590 proiciunt,
1502 552 1545 579 ut

1752 272 1833 306 47¹)

229 600 302 637 sibi
337 602 523 650 placeant
557 610 594 637 et
625 599 842 648 proficiant
874 612 1020 648 sponse
1053 612 1134 636 sue.
1183 602 1369 637 Preterea
1403 600 1435 636 si
1469 601 1545 637 ele-
1569 609 1636 636 The
1658 609 1720 638 rien
1743 611 1827 637 shew

231 659 479 696 mosinarum
513 657 684 707 particio
716 659 819 695 foret
852 657 1044 706 precipua
1077 670 1197 694 causa
1230 670 1354 706 quare
1388 666 1543 694 tantum

229 716 483 754 solicitantur
516 717 622 753 circa
656 716 909 764 temporalia,
944 725 1039 752 tunc
1071 715 1160 752 aliis
1194 716 1324 753 causis
1354 715 1541 753 finalibus

229 774 462 823 postpositis
486 776 638 811 mundo
662 773 802 811 divites
826 783 1116 823 exequerentur
1138 787 1239 822 opus
1262 773 1545 811 elemosinarie

230 832 507 870 misericordie
540 833 580 869 in
615 832 758 869 effectu
790 841 880 881 post
912 841 1076 869 nactum
1105 832 1353 878 dominium;
1388 841 1539 870 etcum

229 890 376 927 dicitur
415 893 525 940 quod
570 890 802 927 huiusmodi
848 899 940 927 sunt
980 890 1122 928 ceteris
1164 891 1252 938 plus
1291 890 1414 936 avari,
1453 890 1544 927 ideo

229 949 297 986 illa
329 963 411 986 non
445 959 503 986 est
536 963 606 998 per
638 962 678 986 se
713 961 832 986 causa
866 948 996 986 finalis
1030 950 1099 985 sed
1132 949 1212 985 alia
1245 962 1366 998 quam
1407 948 1544 986 habita

230 1007 483 1055 possessione
517 1008 831 1056 amplectuntur.
867 1008 981 1044 Unde
1014 1007 1045 1044 si
1078 1020 1099 1043 a
1133 1006 1282 1043 talibus
1316 1008 1544 1045 substracta

229 1066 359 1102 forent
400 1066 537 1103 onmia
578 1065 819 1114 temporalia
858 1066 897 1102 in
941 1065 1153 1111 thesauris,
1200 1065 1240 1101 in
1278 1066 1542 1111 ornamentis,

228 1123 268 1160 in
313 1123 481 1161 edificiis
533 1133 569 1161 ct
621 1123 781 1160 cibariis
827 1137 903 1173 que
948 1133 1039 1160 sunt
1085 1124 1448 1172 preternecessaria
1493 1125 1542 1160 ad

229 1183 332 1218 hunc
378 1182 513 1222 finem,
559 1183 679 1219 credo
719 1184 827 1230 quod
875 1184 922 1219 de
967 1181 1260 1230 temporalibus
1304 1181 1430 1219 nichil
1474 1191 1543 1219 aut

229 1241 432 1277 modicum
451 1249 688 1277 remaneret.
714 1242 887 1277 Eventus
911 1239 1032 1289 igitur
1055 1240 1145 1277 finis
1169 1240 1333 1277 alterius
1357 1249 1542 1289 patenter

228 1298 400 1335 excludit
435 1300 541 1347 quod
575 1299 700 1335 fastus
734 1299 870 1340 seculi,
912 1299 1095 1347 voluptas
1130 1298 1312 1347 corporis
1346 1307 1383 1336 et
1416 1298 1540 1336 libido

227 1356 464 1393 dominandi
509 1356 825 1394 sollicitudinem
865 1356 1209 1394 accumulacionis
1255 1356 1540 1405 temporalium

225 1414 280 1451 sic
312 1415 520 1451 inducunt.

284 1475 363 1510 Nec
405 1482 462 1510 est
503 1475 749 1510 credendum
785 1475 893 1523 quod
926 1486 1088 1510 necesse
1123 1482 1180 1510 est
1213 1474 1262 1509 ad
1297 1474 1468 1510 salutern
1502 1473 1543 1510 in

228 1531 336 1568 finali
374 1531 524 1568 iudicio
565 1533 673 1580 quod
712 1545 852 1569 omnes
894 1532 1124 1569 ministrent
1163 1532 1262 1568 tales
1301 1531 1542 1569 elemosinas

228 1590 377 1626 Christi
410 1590 667 1639 pauperibus,
703 1603 794 1627 cum
827 1599 923 1627 tunc
956 1589 1129 1639 apostoli
1163 1598 1200 1626 et
1223 1589 1291 1626 alii
1315 1603 1406 1626 curn
1430 1603 1541 1627 secu-

227 1648 378 1685 laribus
411 1648 586 1685 dominis
621 1648 790 1685 mortuis
824 1648 1038 1697 baptizatis
1072 1662 1153 1686 non
1186 1649 1437 1685 salvarentur
1469 1661 1542 1685 nec

228 1706 500 1755 relinquerent
533 1707 776 1755 temporalia
808 1709 1028 1744 secundum
1063 1706 1211 1744 Christi
1252 1707 1465 1743 consilium
1507 1716 1544 1743 et

195 1768 491 1813 [sequerentur
524 1765 655 1813 ipsum
690 1765 731 1801 in
764 1765 961 1802 altissima
994 1773 1248 1814 paupertate.
1295 1765 1412 1801 Multi
1447 1777 1542 1813 ergo

227 1824 354 1860 sancti
387 1825 647 1860 salvabuntur
679 1823 719 1859 in
754 1823 863 1860 finali
895 1823 1046 1860 iudicio
1072 1823 1139 1872 qui
1168 1835 1250 1859 non
1283 1832 1543 1860 exercuerunt

227 1882 328 1918 tales
362 1882 603 1918 elemosinas
637 1882 885 1930 corporales.
920 1883 1012 1918 Ideo
1037 1882 1135 1918 dicit
1159 1883 1301 1918 beatus
1325 1881 1542 1929 Gregorius

227 1940 369 1977 XXVIO
395 1940 609 1977 Moralium
636 1941 746 1989 quod
779 1949 894 1977 erunt
927 1949 1100 1988 quatuor
1132 1939 1294 1977 ordines
1327 1939 1538 1976 hominum

228 1997 267 2033 in
302 1997 412 2035 finali
444 1998 608 2044 iudicio,
643 2010 816 2047 quorum
850 1999 930 2034 duo
964 1998 1143 2045 extremi,
1177 1998 1416 2034 excellenter
1447 1997 1541 2034 boni

228 2064 265 2092 et
305 2057 543 2093 excellenter
584 2057 677 2093 mali
715 2069 798 2093 non
835 2056 1125 2093 iudicabuntur
1157 2057 1229 2092 sub
1263 2056 1341 2092 isto
1375 2055 1540 2092 iudicio.

227 2113 287 2150 Illi
340 2115 446 2151 enim
501 2115 568 2164 qui
621 2115 860 2152 excellenter
912 2124 1050 2152 sancte
1094 2114 1275 2152 vixerunt
1319 2115 1541 2151 deserendo

228 2174 439 2220 mundum,
473 2173 576 2210 sicut
608 2173 649 2210 in
681 2182 788 2210 statu
820 2173 1057 2210 innocencie
1081 2173 1240 2210 fecisset
1263 2180 1392 2209 totum
1416 2184 1541 2221 genus

228 2232 464 2277 humanum,
498 2233 694 2268 sedebunt
728 2231 1033 2268 coniudicantes
1058 2244 1149 2268 cum
1174 2230 1349 2276 Christo,
1384 2239 1427 2267 ut
1450 2243 1542 2279 pro-

230 2288 338 2325 misit
360 2289 440 2326 suis
463 2290 656 2338 apostolis
679 2289 847 2326 Matthei
870 2291 992 2326 X1X0.
1026 2290 1104 2326 Alii
1137 2299 1271 2326 autem
1306 2289 1544 2326 excellenter

170 2350 202 2382 Γ.
229 2347 323 2383 mali
346 2347 414 2396 qui
446 2361 653 2397 nunquam
678 2356 914 2396 receperant
938 2348 1057 2384 fidem
1083 2357 1120 2384 et
1144 2348 1352 2385 caritatem
1379 2347 1542 2392 Christi,

226 2405 319 2441 licet
357 2406 646 2443 distribuerunt
685 2405 884 2455 quotlibet
923 2407 1027 2442 bona
1072 2406 1112 2442 in
1157 2406 1266 2442 cibos
1299 2418 1539 2454 pauperum,

226 2476 308 2500 non
353 2463 638 2501 iudicabuntur
682 2467 754 2501 sub
795 2464 871 2501 isto
911 2464 1075 2509 iudicio,
1122 2477 1213 2500 cum
1251 2465 1340 2500 Joh.
1375 2465 1460 2510 1110,
1496 2464 1541 2500 18

227 2521 392 2559 dicitur:
432 2523 509 2566 Qui
540 2535 612 2559 non
646 2524 769 2560 credit
801 2523 875 2558 iam
909 2522 1100 2559 iudicatus
1132 2530 1198 2559 est.
1233 2523 1311 2558 Sed
1335 2521 1543 2558 christiani

227 2579 483 2617 mediocriter
505 2581 599 2618 boni
633 2590 670 2618 et
704 2580 960 2618 mediocriter
985 2580 1080 2617 mali
1112 2580 1152 2618 in
1186 2579 1543 2617 consummacione

295 2704 321 2730 S.
344 2703 460 2731 Codd.:
478 2704 665 2739 prepositis:
693 2704 734 2731 ib.
758 2703 802 2731 G:
824 2703 1077 2736 elemosinarum
1105 2702 1145 2730 ib.
1169 2702 1286 2730 Codd.:
1308 2706 1543 2742 exequerenles.

226 2746 253 2771 9.
284 2739 329 2765 A:
359 2738 523 2765 dominum.
582 2746 618 2769 12„
636 2738 672 2766 13.
697 2739 739 2766 G:
761 2738 1053 2773 subtraclaflerent.
1116 2746 1158 2770 ιι,
1175 2738 1210 2766 15.
1233 2739 1276 2765 A:
1299 2742 1329 2766 et
1346 2738 1423 2766 hunc
1440 2740 1542 2771 finem.

226 2773 266 2799 10.
291 2772 333 2799 G:
358 2776 481 2807 palens.
556 2781 594 2807 ιγ.
618 2775 661 2801 A:
683 2773 846 2801 concludit.
923 2775 960 2801 ὃ.
984 2773 1028 2800 G:
1056 2773 1254 2800 dominando.
1328 2772 1371 2800 23.
1393 2773 1524 2801 dominis
1534 2783 1545 2806 ;

225 2808 332 2834 coch:
364 2808 452 2835 Deus.
529 2816 576 2843 29.
598 2810 641 2835 A:
670 2809 856 2836 excellenter
875 2809 973 2835 twice.
1046 2807 1087 2835 35.
1109 2809 1153 2835 A:
1171 2806 1271 2842 fidem
1291 2809 1389 2835 twice.

296 2890 348 2923 26.
376 2893 409 2923 S.
437 2892 594 2934 Gregorii
623 2893 714 2934 Opp.
741 2900 826 2924 tom.
856 2894 879 2932 l,
906 2903 983 2935 pag.
1010 2892 1075 2926 835
1104 2899 1136 2924 et
1162 2903 1263 2934 seqq.

1588 644 1626 680 by
1646 644 1725 672 their
1745 650 1808 672 acts

1572 679 1635 705 that
1656 679 1726 716 they
1747 680 1823 707 have

1601 714 1689 741 other
1709 714 1799 742 aims.

1597 1480 1796 1515 Almsgiving

1583 1519 1635 1542 not
1656 1523 1818 1551 necessary

1586 1555 1617 1576 to
1638 1550 1799 1577 salvation.
