2062 3276
226 255 361 283 smnio
382 245 479 302 vm]
694 258 884 297 QUARTA
913 258 1038 290 PARs.
1777 265 1821 299 71

225 377 269 400 ex
301 364 391 400 hinc
425 365 619 412 dyabolus
652 363 805 401 facilius
838 364 913 401 sibi
947 373 1130 412 temptat.
1166 366 1277 401 Patet
1302 366 1349 401 de
1375 366 1538 402 muliere

223 422 263 458 in
308 423 414 459 mola
459 422 636 459 matricis
681 422 951 460 communiter
994 423 1215 467 laborante,
1261 424 1308 458 de
1354 423 1538 460 maniaco

223 493 343 528 quem
377 480 516 516 exhinc
549 480 702 517 seducit
735 481 868 528 sepius
902 490 938 517 et
971 480 1210 528 generaliter
1232 482 1280 516 de
1303 482 1539 517 habundan-

223 538 327 574 tibus
362 537 600 574 melancolia
632 551 732 586 quos
766 538 994 586 philosophi
1027 538 1164 575 dicunt
1195 551 1316 586 super
1338 551 1378 574 se
1402 552 1539 586 gerere

189 598 385 633 5causam
419 595 478 632 sui
510 596 680 642 timoris,
726 597 801 633 hoc
834 606 904 641 est,
938 596 1094 644 nigram
1128 597 1301 633 coleram
1336 610 1413 645 que
1452 610 1539 645 per-

222 656 356 690 turbat
409 654 678 690 communiter
729 655 954 700 racionem3
1001 655 1101 691 tales
1148 664 1282 691 autem
1327 664 1536 703 tamquam
1601 662 1734 702 «bangor
1753 663 1788 690 of

222 725 313 748 suos
348 712 524 760 hospites
556 712 597 748 in
629 713 794 748 tenebra
833 714 1067 749 convolutos
1111 722 1257 749 tractat
1301 712 1539 749 familiarius
1606 697 1773 767 ἃξὲεἳιῑξΐὲ),

222 772 271 806 ad
311 770 525 808 infernum.
561 772 675 807 Unde
708 772 929 808 carendum
965 780 1022 807 est
1054 784 1103 807 ne
1136 772 1258 807 homo
1282 783 1324 807 ex
1348 771 1538 818 culpabili

222 829 379 864 defectu
403 828 607 876 regiminis
630 828 780 865 incidat
802 828 841 865 in
862 830 932 865 hos
952 830 1127 872 morbos,
1148 829 1250 865 sicut
1269 829 1539 865 communiter

169 886 374 923 lofaciunt
406 885 580 934 religiosi
612 886 759 932 stolidi,
793 887 860 935 qui
894 887 1085 923 simulant
1117 887 1385 925 sanctitatem.

280 946 466 981 Secunda
510 944 727 992 disposicio
771 945 1069 992 pernecessaria
1114 947 1163 981 ad
1208 945 1453 982 obviandum
1499 945 1540 981 in
1571 952 1816 990 alustruction,

221 1002 305 1038 istis
339 1003 510 1050 dyabolo
544 1011 602 1039 est
640 1004 748 1051 quod
790 1004 911 1039 homo
951 1003 1000 1039 sit
1037 1003 1251 1040 virtutibus
1290 1003 1537 1051 theologicis,
1560 986 1828 1058 fauhghigffigyand

221 1061 296 1096 hoc
330 1070 400 1103 est,
435 1061 525 1100 fide.
565 1073 634 1108 spe
667 1070 704 1097 et
738 1060 904 1097 caritate
937 1062 1132 1098 stabiliter
1164 1061 1399 1105 illustratus,
1446 1061 1539 1110 quia
1732 1054 1740 1059 '¹

221 1118 321 1154 nihil
353 1119 441 1166 plus
474 1119 577 1155 valet
608 1119 649 1155 in
692 1119 768 1155 ista
812 1119 977 1156 materia
1025 1121 1074 1155 ad
1118 1120 1335 1167 dyabolum
1381 1119 1541 1156 convin-

168 1177 204 1209 15
221 1178 406 1223 cendum,
442 1189 561 1225 quam
597 1178 705 1225 quod
738 1178 860 1213 homo
893 1190 936 1214 ex
961 1177 1031 1213 Dei
1065 1177 1199 1225 gracia
1232 1177 1309 1214 fide
1343 1178 1539 1226 scripture

222 1247 333 1271 sacre
379 1234 505 1271 solide
558 1234 606 1272 sit
657 1235 849 1272 imbutus.
904 1235 1036 1272 Nichil
1087 1235 1193 1272 enim
1244 1237 1347 1272 valet
1400 1245 1540 1272 contra

221 1292 427 1329 diabolum
452 1293 492 1329 in
514 1292 586 1329 ista
613 1293 781 1330 materia
804 1294 892 1342 plus
915 1307 1036 1342 quam
1061 1294 1170 1330 fides.
1196 1295 1309 1331 Unde
1333 1296 1473 1330 Matth.
1491 1296 1540 1330 IV

223 1352 270 1387 de
304 1351 463 1388 Christo
495 1351 640 1399 legitur
683 1353 790 1399 quod
836 1353 1053 1399 dyabolum
1087 1364 1131 1388 ex
1162 1351 1309 1400 triplici
1343 1352 1539 1401 scripture

221 1409 452 1446 testimonio
493 1409 772 1452 convincebat;
816 1423 889 1446 nec
933 1419 991 1447 est
1032 1410 1094 1446 via
1140 1410 1281 1446 melior
1324 1410 1539 1458 superandi

165 1478 206 1499 20
221 1468 436 1515 dyabolum
461 1480 583 1516 quam
607 1469 833 1516 exemplum
858 1477 895 1504 et
918 1469 1067 1505 factum
1093 1468 1246 1504 domini
1269 1470 1359 1504 Jesu
1376 1468 1536 1515 Christi,

221 1539 311 1562 cum
345 1539 427 1562 non
458 1525 534 1562 nisi
568 1538 638 1574 per
660 1527 734 1563 hoc
757 1526 899 1575 aliquis
923 1527 1138 1574 dyabolum
1165 1527 1311 1575 poterit
1335 1539 1536 1575 superare.

279 1586 327 1620 Et
374 1583 498 1620 tercia
546 1584 762 1632 disposicio
815 1594 871 1621 est
925 1586 1033 1633 quod
1087 1586 1208 1621 homo
1253 1585 1293 1621 in
1338 1584 1420 1633 iugi
1466 1585 1536 1621 Dei
1622 1589 1646 1618 3.
1670 1589 1760 1618 Good

221 1642 442 1679 ministerio
474 1652 710 1690 perseveret,
744 1656 850 1680 nunc
883 1644 1036 1679 orando
1075 1656 1180 1679 nunc
1223 1643 1435 1679 scribendo
1479 1644 1539 1679 vel
1608 1633 1773 1662 company.

221 1702 418 1737 studendo
452 1710 489 1737 et
521 1700 686 1737 omnino
719 1701 1057 1738 communicando
1089 1714 1179 1737 cum
1213 1701 1359 1738 sanctis
1392 1701 1536 1746 sciolis,

166 1759 206 1791 25
221 1772 269 1795 ne
303 1760 425 1795 homo
458 1772 501 1795 ex
533 1759 712 1795 solitario
744 1759 878 1795 studio
910 1759 950 1795 in
983 1759 1152 1796 materia
1185 1768 1223 1796 et
1254 1760 1383 1796 forma
1406 1759 1537 1796 inutili

222 1818 486 1865 profundatus
510 1817 694 1865 capciose
717 1817 978 1865 temptacioni
1002 1817 1160 1865 dyaboli
1184 1817 1232 1853 sit
1265 1827 1436 1866 aptatus.
1472 1817 1536 1854 Sic
1604 1823 1727 1861 [sanger
1749 1823 1784 1850 of

222 1875 329 1911 enim
362 1875 570 1924 temptavit
604 1878 727 1911 Eram
760 1875 981 1912 solitariam
1026 1885 1146 1924 atque
1180 1875 1398 1913 Christum.
1444 1877 1536 1912 Ideo
1616 1857 1759 1885 solitude.

132 1957 206 1988 Fol·
220 1933 429 1982 ingruente
462 1933 596 1970 studio
628 1933 910 1982 temptacionis
942 1934 1058 1970 huius
1099 1935 1215 1970 debet
1254 1934 1375 1970 homo
1407 1934 1535 1982 ipsam

126 2002 242 2047 298ba
275 2004 315 2028 se
348 1992 568 2029 celeranter
600 2001 781 2028 excutere
814 2001 852 2028 et
883 1992 1085 2040 inquirere
1114 1987 1118 2045 Ι
1147 1992 1370 2028 remedium
1406 1991 1536 2028 debite

164 2051 206 2083 30
220 2050 417 2087 comitive.
452 2050 538 2087 Istis
570 2049 906 2098 disposicionibus
939 2050 1084 2087 habitis
1116 2059 1225 2098 patet
1269 2051 1377 2099 quod
1421 2050 1537 2087 facile

220 2117 277 2145 est
310 2108 417 2145 fideli
450 2108 585 2145 omnia
618 2117 856 2156 argumenta
889 2108 1005 2145 huius
1028 2108 1204 2156 sophiste
1228 2108 1453 2145 dissolvere.
1488 2111 1536 2144 Et

220 2176 416 2216 quantum
450 2168 500 2203 ad
532 2166 718 2203 assistens
750 2166 1009 2213 adiutorium,
1043 2175 1153 2215 patet
1186 2168 1293 2215 quod
1316 2166 1391 2203 nisi
1414 2168 1535 2203 homo

220 2234 342 2273 ponat
374 2224 543 2271 obicem,
578 2226 697 2261 habet
720 2227 847 2261 Deum
883 2234 920 2261 et
952 2238 1043 2261 suos
1076 2226 1238 2273 angelos
1261 2224 1535 2272 paratissimos

220 2283 435 2320 adiutores.
471 2286 518 2319 Et
550 2284 770 2320 secundum
805 2284 924 2320 fidem
956 2283 1137 2331 Apostoli
1171 2285 1196 2319 Ι.
1232 2285 1322 2319 Cor.
1357 2285 1425 2324 XO,
1467 2284 1532 2320 13:

164 2341 204 2375 35
222 2342 328 2378 Deus
361 2355 433 2377 mm
463 2342 653 2391 permittit
685 2354 757 2378 nec
780 2350 858 2378 stat
881 2355 971 2378 cum
1006 2354 1076 2378 sua
1099 2341 1258 2378 iusticia
1290 2342 1392 2390 quod
1423 2341 1536 2377 homo

221 2407 429 2449 temptetur
459 2413 579 2449 supra
612 2400 652 2434 id
673 2401 774 2448 quod
791 2408 931 2449 potest,
964 2400 1150 2448 sedfacit
1172 2412 1256 2435 cum
1281 2400 1535 2448 temptacione

216 2466 463 2508 proventum,
497 2460 592 2494 dum
625 2467 761 2495 tamen
793 2459 914 2494 homo
946 2471 1027 2494 non
1060 2457 1169 2506 prius
1199 2471 1238 2494 se
1262 2458 1536 2494 obscuraverit

222 2526 479 2564 peccatorum
513 2517 691 2552 tenebra.

291 2659 310 2677 1.
331 2651 376 2677 A:
399 2658 437 2677 ex
456 2650 514 2677 hic.
586 2657 610 2676 2.
633 2650 701 2677 DE:
723 2651 914 2677 aemoniae-1¹0
937 2658 1013 2685 que:
1038 2650 1078 2677 ib.
1100 2650 1124 2677 D
1146 2650 1177 2677 in
1198 2658 1314 2685 marg:
1341 2649 1423 2678 Nota
1443 2651 1536 2680 bene:

219 2685 231 2712 I
252 2685 282 2711 in
304 2693 417 2718 marg:
446 2685 585 2712 Mattiaci
603 2688 633 2712 et
652 2685 844 2712 melancolici
861 2693 879 2711 α
898 2685 1029 2719 dyabolo
1040 2685 1143 2720 facile
1161 2685 1357 2712 seducuntur.
1437 2695 1466 2718 4.
1489 2687 1535 2713 A:

221 2721 410 2747 malencolia.
512 2720 535 2748 5.
557 2719 596 2746 E:
619 2721 650 2746 in
671 2720 782 2755 gracia
803 2721 946 2747 coleram.
1052 2728 1091 2746 to.
1116 2720 1158 2747 D:
1180 2721 1277 2755 regis.
1376 2728 1408 2747 11.
1430 2720 1485 2748 ΑΕ
1504 2722 1534 2747 in

222 2762 334 2788 marg:
375 2762 411 2787 2;
447 2754 471 2781 E
507 2763 537 2782 m
577 2762 691 2789 marg:
732 2755 904 2789 Dis-posicio
943 2762 987 2781 ret
1000 2755 1090 2781 uixita
1122 2756 1204 2781 circa
1236 2757 1362 2782 mortem
1394 2756 1534 2782 hominis.

220 2796 267 2816 20.
288 2790 316 2816 1:
339 2798 426 2825 quam
448 2793 509 2821 esp:
538 2790 577 2816 ib.
598 2791 641 2816 A:
663 2794 824 2824 exemplar.
888 2796 930 2816 22.
952 2789 1005 2816 A*
1028 2790 1056 2816 in
1079 2797 1192 2824 marg:
1212 2798 1245 2824 3.
1309 2788 1351 2821 23,
1372 2798 1418 2821 24.
1440 2790 1469 2816 1.-
1490 2790 1536 2816 vel

219 2825 369 2851 studendo
391 2825 483 2851 deest.
540 2824 585 2851 26.
607 2823 706 2851 ADE:
728 2825 941 2859 temptacz'one.
999 2823 1044 2852 28.
1066 2825 1109 2851 A:
1132 2825 1377 2858 incongruente;
1403 2825 1443 2851 ib.
1466 2824 1534 2851 DE:

221 2858 402 2886 huiusmodi.
466 2866 513 2893 29.
536 2859 576 2886 D:
599 2859 768 2894 inquirere.
830 2858 873 2886 33.
897 2860 903 2885 1
926 2860 955 2886 in
978 2866 1092 2893 marg:
1113 2859 1196 2885 Deus
1215 2862 1244 2886 et
1262 2860 1374 2893 angeli
1389 2859 1536 2886 adiuvant

222 2894 252 2919 in
273 2894 531 2928 temptacionibus.
606 2892 648 2929 37.
670 2893 711 2920 E:
733 2895 944 2921 obscuraverit
961 2894 1066 2926 deest;
1085 2892 1112 2921 1:
1134 2894 1316 2920 obscurabit.
