2062 3276
197 1308 265 1336 The
286 1316 376 1335 seven

166 1344 271 1371 words
292 1352 330 1370 on
352 1343 401 1371 the

239 1387 336 1406 cross.

148 1891 214 1919 The
232 1899 322 1918 seven
339 1890 422 1926 signs

209 1926 244 1954 of
260 1926 360 1953 death.

173 2143 192 2162 1.
215 2134 357 2163 Still‘ness
378 2144 407 2159 z

163 2169 261 2204 pride,
283 2174 332 2196 the
354 2174 421 2196 root

196 2204 230 2232 of
248 2205 285 2232 all
307 2204 375 2231 evil.

727 264 951 296 JOHANNIS
970 264 1154 295 WYCLIF
1174 263 1429 295 SERMONUM
1505 250 1656 308 [SERMO
1678 260 1740 288 XL·

433 371 600 408 Matthei
623 372 725 417 XXO,
759 370 902 418 legitur
935 372 1041 419 quod
1077 379 1204 407 mater
1237 370 1412 406 filiorum
1434 370 1605 406 Zebedei
1635 379 1743 407 mota

434 443 456 467 a
496 429 587 466 filiis
625 428 764 478 petivit
803 428 857 465 eis
890 429 966 465 hoc
1005 428 1272 477 privilegium,
1306 429 1415 477 quod
1446 441 1548 465 unus
1580 428 1741 465 illorum

433 488 474 525 in
505 500 627 536 regno
647 486 794 524 Christi
827 487 983 524 sederet
1006 487 1079 523 sibi
1112 500 1134 523 a
1159 486 1305 523 dextris
1329 495 1366 523 et
1389 486 1489 522 alius
1513 499 1535 522 a
1558 485 1742 523 sinistris,

435 548 512 583 Pro
546 558 625 594 quo
649 545 832 582 Christus
866 557 933 581 eos
957 546 1160 593 reprobat,
1196 545 1420 581 concedens
1444 544 1498 581 eis
1522 545 1598 580 hoc
1621 544 1742 592 privi-

434 604 596 653 legium,
622 605 729 652 quod
752 616 825 652 pro
851 603 1011 639 Christo
1033 602 1257 640 voluntarie
1282 602 1475 639 sufferant
1498 601 1741 650 passionem.
1759 609 1776 641 5

435 665 484 699 Et
521 662 611 699 talis
658 660 897 710 impetracio
941 661 1137 709 privilegii
1182 660 1274 698 licet
1318 674 1399 697 non
1446 660 1565 697 fuerit
1608 673 1744 708 sump-

435 730 564 767 tuosa,
612 731 669 756 est
701 729 838 756 tamen
880 719 1158 767 multipliciter
1198 719 1396 767 preciosa,
1444 718 1538 767 quia
1571 718 1611 754 in
1645 719 1744 755 hora

437 778 577 815 mortis
624 786 661 814 et
701 777 765 814 die
810 776 947 813 iudicii
988 777 1190 813 infinitum
1237 778 1324 825 plus
1362 776 1511 814 valebit
1555 785 1744 813 constans

437 837 519 873 eius
553 835 732 873 servacio
773 848 894 884 quam
930 835 1165 872 observacio
1203 835 1371 872 alicuius
1404 834 1602 883 privilegii
1635 847 1745 871 secu-

436 894 544 940 laris,
585 907 632 930 eo
674 895 781 942 quod
815 905 984 930 accensa
1022 893 1062 929 in
1094 906 1234 930 amore
1267 893 1337 929 Dei
1377 893 1466 941 plus
1506 892 1691 929 distrahit
1724 905 1803 930 a10

438 961 620 1001 peccato,
654 952 749 1000 quia
782 964 804 988 a
838 960 994 1000 septem
1029 951 1279 988 mortalibus.
1320 952 1380 987 Ad
1414 963 1489 999 que
1523 952 1744 987 cavendum

436 1011 595 1047 laborat
618 1019 703 1046 tota
737 1009 954 1046 christiana
977 1009 1117 1057 religio
1152 1018 1189 1045 et
1212 1009 1306 1046 facit
1339 1021 1469 1045 annue
1493 1008 1743 1045 mencionem

438 1070 485 1105 de
525 1068 850 1114 conversacione,
891 1069 938 1104 de
971 1067 1156 1115 passione
1190 1076 1227 1104 et
1261 1076 1391 1103 morte
1425 1066 1587 1113 Christi,
1622 1075 1665 1102 ut
1697 1068 1746 1103 ab

438 1139 483 1163 eo
524 1126 725 1163 discamus
759 1135 899 1162 contra
940 1134 1106 1173 peccata
1140 1125 1385 1171 remedium3
1424 1138 1518 1161 narn
1551 1137 1632 1161 non
1669 1124 1746 1160 nisi

439 1194 606 1233 peccato
651 1186 756 1220 Deus
801 1183 1018 1220 offenditur
1065 1196 1138 1220 nec
1182 1183 1256 1219 nisi
1302 1196 1372 1232 per
1419 1182 1552 1231 ipsum
1595 1182 1802 1219 viatori15

438 1252 607 1279 nocetur
639 1243 699 1279 vel
733 1241 981 1278 adiutorium
1015 1241 1088 1278 Dei
1121 1242 1280 1278 salubre
1315 1241 1577 1278 subtrahitur.

498 1302 597 1337 Sunt
636 1309 771 1337 autem
811 1309 963 1348 septem
1002 1301 1123 1336 verba
1163 1312 1239 1348 que
1273 1299 1454 1337 Christus
1492 1300 1650 1335 locutus
1689 1307 1747 1334 est

439 1359 479 1395 in
504 1360 695 1395 cathedra
729 1358 857 1395 crucis
881 1370 958 1407 que
983 1366 1179 1406 concepta
1201 1357 1400 1394 subtiliter
1425 1358 1595 1393 multum
1616 1357 1747 1393 valent

441 1426 581 1453 contra
614 1425 767 1464 septem
801 1425 967 1465 peccata
1001 1415 1200 1453 mortalia.
1235 1418 1407 1464 Oportet
1440 1425 1572 1452 autem
1607 1423 1747 1451 notare

441 1477 513 1511 hec
546 1483 698 1523 septem
732 1476 854 1511 verba
894 1484 930 1511 et
963 1483 1116 1522 septem
1151 1474 1418 1523 proprietates
1459 1482 1746 1521 consequentes
1763 1487 1804 1508 ’.νο

442 1542 612 1570 mortem
647 1533 916 1581 corporalem.
958 1535 1006 1568 Et
1039 1541 1132 1569 tunc
1166 1534 1362 1569 servando
1396 1533 1468 1568 hec
1502 1533 1552 1568 ad
1586 1544 1745 1567 sensum

441 1591 641 1628 misticum
675 1590 855 1639 proderit
887 1590 1001 1627 nobis
1035 1603 1168 1627 annua
1192 1590 1389 1627 memoria
1422 1589 1562 1626 mortis
1587 1588 1746 1626 Christi.

440 1649 706 1697 Epilogantur
746 1657 877 1685 autern
919 1650 991 1685 hec
1024 1657 1176 1697 septem
1210 1650 1328 1684 verba
1362 1648 1402 1684 in
1435 1647 1518 1684 istis
1550 1647 1746 1683 versibus:

516 1708 604 1744 Hiis
635 1708 793 1758 ignosce
819 1714 948 1756 pater,
981 1707 1094 1743 hodie
1125 1719 1270 1742 mecum
1304 1707 1529 1755 requiesces,

516 1766 639 1802 Filius
671 1777 756 1801 ecce
786 1772 886 1811 tuus,
919 1765 1024 1817 eloy,
1055 1765 1159 1811 sicio,
1191 1765 1284 1800 satis
1316 1772 1371 1800 est
1403 1765 1494 1813 iam,
1766 1767 1806 1799 25

516 1824 582 1859 ,Ue
613 1823 681 1859 tihi
711 1823 850 1858 mando
879 1830 1007 1872 pater,
1041 1823 1147 1858 Deus
1179 1823 1247 1858 lzec
1278 1823 1330 1858 ait
1364 1823 1399 1857 in
1428 1834 1542 1858 cruce
1565 1822 1747 1870 pendens.

497 1882 617 1930 Signa
651 1890 784 1918 autem
826 1880 1048 1928 corporalis
1082 1880 1221 1917 mortis
1260 1879 1300 1916 in
1333 1880 1408 1916 hiis
1446 1879 1623 1916 versibus
1657 1892 1749 1915 con-

438 1940 633 1976 tinentur:

603 1998 772 2048 Rigidus
803 1997 979 2047 algescit,
1006 1997 1186 2046 pallescit
1217 2003 1330 2044 atque
1360 1997 1571 2046 gravescit,

674 2056 807 2099 Sensit,
840 2054 988 2090 diviciis
1014 2055 1212 2104 privatur,
1246 2055 1407 2091 horride
1426 2055 1540 2103 fetet.
1767 2058 1808 2090 30

500 2114 681 2150 Primum
715 2112 897 2150 omnium
921 2121 1179 2161 peccatorum
1215 2121 1251 2148 et
1274 2112 1386 2148 radix
1415 2112 1544 2149 tocius
1566 2111 1750 2160 nequicie

443 2181 499 2209 est
523 2172 731 2209 luciferina
754 2170 940 2219 superbia
965 2169 1181 2207 humilitati
1206 2170 1419 2217 contraria,
1444 2183 1564 2219 quam
1596 2179 1748 2218 pestem

442 2231 550 2278 fugat
597 2229 778 2267 Christus
822 2241 894 2277 per
943 2227 1041 2264 illud
1086 2230 1190 2265 Luce
1233 2229 1391 2271 XX1110,
1431 2230 1504 2274 46:
1551 2229 1669 2264 Pater
1714 2228 1748 2263 in

442 2300 578 2324 manus
609 2295 695 2323 tuas
727 2287 951 2323 commendo
983 2287 1161 2335 spiritum
1196 2299 1332 2322 meum.
1366 2285 1499 2322 Nichil
1532 2286 1637 2323 enim
1661 2286 1749 2334 plus

442 2347 551 2394 fugat
591 2345 763 2394 rigidam
796 2343 1119 2381 inobedienciam
1159 2353 1196 2380 et
1229 2343 1462 2392 superbiam
1502 2357 1622 2392 quam
1657 2356 1750 2380 con·
1767 2345 1806 2380 35

441 2404 619 2440 siderare
635 2403 840 2439 humiliter
855 2404 1062 2451 quomodo
1079 2404 1184 2439 Deus
1200 2411 1257 2438 est
1275 2402 1546 2450 omnipotens,
1570 2414 1750 2438 summus

442 2463 569 2507 iudex,
604 2474 723 2510 quem
747 2461 871 2498 nichil
903 2470 1036 2509 potest
1059 2461 1197 2507 latere,
1231 2460 1288 2496 sic
1312 2461 1419 2508 quod
1443 2460 1652 2497 serviendo
1676 2459 1750 2496 sibi

442 2530 479 2558 ct
512 2520 739 2556 obediendo
775 2519 975 2556 mandatis
1009 2518 1102 2566 suis,
1136 2518 1333 2567 paciendo
1367 2518 1533 2555 iniurias
1565 2517 1750 2555 commit-

512 2700 532 2718 1.
561 2690 635 2718 DG:
665 2689 799 2717 Mattlzei
824 2689 860 2717 X.
1002 2697 1028 2717 2.
1058 2688 1162 2716 DGH:
1196 2689 1254 2716 lzoc
1286 2689 1386 2719 deest:
1419 2688 1460 2716 ib.
1491 2687 1535 2715 H:
1564 2686 1748 2722 przvllegia.

441 2736 470 2759 4.
492 2727 534 2753 D:
561 2733 614 2753 eos
634 2724 727 2752 deest.
830 2725 858 2753 ό.
878 2725 924 2752 A:
951 2724 1133 2763 impeti-acio
1154 2724 1252 2751 twice.
1355 2731 1382 2758 7.
1405 2723 1450 2750 H:
1475 2722 1576 2750 multis
1589 2722 1748 2756 preciosa.

443 2769 480 2795 17-
498 2762 521 2788 l)
537 2760 567 2788 in
583 2768 696 2794 marg:
716 2758 758 2786 Se
779 2762 837 2786 tem
856 2760 947 2787 verba
957 2769 968 2792 ,·
986 2760 1026 2786 lb.
1043 2760 1086 2786 A:
1107 2759 1191 2786 locus
1209 2761 1263 2785 est.
1319 2766 1361 2793 19.
1382 2758 1487 2785 ADG:
1504 2759 1634 2792 peccata
1655 2755 1749 2783 deest.

442 2804 480 2823 21.
503 2797 545 2823 A:
574 2795 641 2821 hoc.
724 2802 736 2821 2
761 2816 766 2821 .
788 2796 832 2821 A:
860 2795 1017 2825 versuhus:
1045 2794 1086 2820 ib.
1107 2793 1132 2820 D
1154 2794 1184 2820 in
1206 2801 1320 2827 marg:
1340 2791 1433 2820 Nota.
1514 2790 1556 2819 25.
1579 2791 1622 2818 H:
1649 2790 1748 2825 heloy.

442 2831 489 2857 26.
510 2830 584 2857 DG:
605 2829 663 2856 hoc
682 2829 736 2856 ait.
803 2836 847 2864 27.
868 2830 912 2856 A:
933 2829 1086 2856 versabas.
1155 2835 1201 2862 29.
1223 2827 1296 2854 Db:
1318 2827 1468 2862 Rugidus.
1541 2824 1587 2853 30.
1608 2824 1652 2852 H:
1674 2825 1750 2852 divi-

443 2865 524 2892 nitus
539 2864 694 2899 privatur.
768 2862 810 2891 32.
831 2863 856 2890 D
878 2864 907 2891 in
929 2872 1044 2897 marg:
1074 2862 1190 2890 Contra
1209 2862 1394 2897 superbiam.
1472 2859 1515 2889 33.
1537 2860 1562 2888 D
1583 2860 1613 2887 in
1635 2867 1722 2895 marg
1743 2869 1748 2886 :

442 2900 535 2927 Pater
555 2900 585 2926 in
607 2906 713 2926 manus
734 2903 762 2926 et
782 2898 812 2926 in
834 2906 929 2934 marg.
1020 2896 1060 2926 35.
1084 2897 1126 2924 H:
1147 2897 1284 2933 rigidam
1304 2896 1398 2924 deest.

2042 2947 2062 3127 amb-24¹1
2051 2917 2060 2925 ι
