2062 3276
196 246 245 281 68

206 367 311 394 Christ
331 367 382 395 did
404 372 457 395 not

286 402 323 429 lie
343 402 373 429 in

212 437 397 472 pretending
417 441 447 464 to

236 480 274 505 go
294 471 422 499 further.

217 1005 318 1034 There
340 1006 366 1034 is
387 1015 426 1033 no

237 1042 330 1077 proof
346 1043 411 1069 that

271 1077 378 1104 Christ

189 1112 385 1139 consecrated
407 1112 457 1138 the

217 1147 307 1173 bread
332 1147 433 1174 before

224 1181 369 1216 breaking
389 1182 419 1208 it.

186 1990 413 2053 Chl'iffl'sstfflff.
430 1992 456 2018 is

215 2034 303 2060 glven
324 2035 353 2053 m
408 2035 432 2054 is

259 2061 387 2097 <bodi1y)

255 2096 396 2123 absence.

777 255 1000 286 JOHANNIS
1017 255 1202 287 WYCLIF
1221 255 1478 288 SERMONUM
1537 243 1692 300 [SERMO
1713 254 1794 282 Vll!-

540 362 621 396 Nec
669 369 726 397 est
771 362 995 408 putandum
1041 362 1148 408 quod
1195 360 1376 398 Christus
1420 360 1460 397 in
1507 362 1581 398 ista
1629 362 1794 399 ficcione

482 418 690 455 fabricavit
726 419 993 461 mendacium,
1029 432 1118 454 cum
1144 431 1233 454 vere
1256 419 1447 455 innuebat
1470 432 1511 456 se
1543 420 1698 468 longius
1722 421 1792 467 ire,

485 477 631 512 docens
664 489 735 524 per
768 478 842 512 hoc
876 478 983 524 quod
1017 478 1244 512 accedendo
1274 478 1323 512 ad
1347 478 1475 512 celum
1499 490 1579 513 non
1602 479 1793 514 debemus

481 535 531 570 ad
565 536 669 571 dona
702 534 939 582 temporalia
984 535 1192 577 anhelare:
1238 544 1274 570 et
1319 535 1473 570 utinam
1518 536 1659 572 fratres
1704 549 1793 584 cog-

480 602 691 628 noscerent
724 593 826 628 hanc
849 591 1087 628 doctrinam.
1126 591 1306 628 Christus
1330 601 1465 628 autem
1491 593 1793 630 communicans
1810 599 1826 631 5

481 663 572 686 cum
617 650 700 686 istis
747 649 952 697 discipulis
991 649 1176 686 retribuit
1221 649 1275 685 eis
1320 650 1535 687 carismata
1579 651 1789 699 ampliora,

482 721 571 744 cum
605 707 917 744 communicavit
951 708 1004 744 eis
1037 720 1195 743 sensum
1221 707 1417 755 scripture
1441 718 1521 744 tam
1548 709 1792 746 revelacione

479 765 695 802 intrinseca
729 779 850 814 quam
884 766 923 801 in
957 765 1073 809 facto,
1108 778 1197 801 cum
1234 766 1480 803 consecravit
1511 767 1587 802 illis
1620 767 1791 803 hostiam

479 823 519 859 in
565 837 709 871 corpus
754 837 870 860 suum
918 827 975 867 (ut
1015 824 1145 871 placet
1177 824 1434 872 Augustino),
1481 826 1627 861 docens
1661 825 1792 873 ipsum

478 882 716 918 naturaliter
763 895 846 918 esse
892 894 1029 918 verum
1078 894 1220 929 panem
1271 891 1308 918 et
1352 884 1498 919 docens
1543 884 1651 931 quod
1696 884 1793 919 hora
1813 901 1851 922 10

478 939 593 975 nobis
626 940 829 988 incognita
861 940 1007 976 suflicit
1040 939 1123 986 ipse
1158 939 1383 976 mentaliter
1415 953 1661 977 consecrare.

537 1000 650 1034 Unde
683 998 809 1034 nostri
849 998 1056 1034 instabiles
1096 998 1162 1046 qui
1202 998 1432 1046 sompniant
1471 1000 1580 1047 quod
1613 999 1793 1035 Christus

478 1065 694 1104 antequam
719 1056 867 1104 incepit
890 1056 999 1104 loqui
1024 1055 1227 1103 discipulis
1250 1056 1486 1103 regulariter
1504 1070 1646 1104 panem
1673 1070 1792 1105 quem

478 1114 649 1161 fregerat
683 1114 928 1150 consecravit
961 1114 1043 1149 sine
1076 1114 1317 1150 fundacione
1350 1115 1437 1161 plus
1470 1128 1591 1162 quam
1625 1115 1679 1150 illi
1713 1117 1792 1151 duo

478 1171 664 1219 discipuli
691 1172 887 1208 fluctuant
911 1172 951 1207 in
973 1171 1138 1207 incerto.
1163 1174 1262 1207 Nam
1288 1171 1373 1219 pari
1398 1172 1600 1209 evidencia
1625 1182 1792 1220 possunt
1811 1180 1848 1212 15

479 1230 610 1266 dicere
643 1232 751 1278 quod
784 1231 938 1266 nullum
973 1243 1116 1277 panem
1152 1229 1276 1265 nostri
1305 1232 1532 1266 sacerdotes
1557 1240 1791 1266 consecrant

476 1290 545 1324 sed
579 1288 759 1324 Christus
792 1288 831 1323 in
863 1288 984 1323 inicio
1017 1287 1249 1323 abscondite
1294 1288 1539 1324 consecravit
1585 1298 1621 1324 et
1665 1288 1792 1324 noluit

477 1346 533 1381 uti
567 1346 651 1381 istis
684 1345 916 1393 presbiteris
949 1354 1156 1393 tamquam
1203 1345 1363 1393 organis
1408 1346 1449 1381 in
1495 1348 1690 1383 sacrando
1723 1348 1791 1382 sed

475 1404 599 1439 voluit
646 1416 790 1451 panem
841 1406 889 1440 ab
939 1416 985 1439 eo
1032 1412 1233 1439 sacratum
1283 1405 1332 1439 ad
1379 1412 1538 1451 tempus
1587 1404 1790 1440 modicum

476 1474 639 1497 manere
678 1475 757 1497 non
796 1471 838 1497 ut
879 1474 1023 1509 corpus
1058 1461 1220 1497 Domini
1254 1463 1481 1497 adoratum.
1531 1464 1790 1510 Deponamus
1807 1479 1849 1500 20

475 1519 612 1567 itaque
645 1519 741 1555 istas
774 1533 894 1556 vanas
928 1519 1092 1555 ficticias
1127 1529 1163 1555 et
1201 1532 1478 1567 supponamus
1523 1521 1643 1568 quod,
1690 1520 1791 1556 sicut

477 1577 657 1613 Christus
708 1579 913 1625 loquendo
966 1578 1212 1613 consecravit
1258 1587 1294 1614 et
1348 1580 1620 1614 consecrando
1671 1580 1791 1614 verba

475 1636 783 1672 sacramentalia
806 1636 1023 1681 nunciavit,
1055 1635 1109 1671 sic
1133 1635 1258 1671 voluit
1281 1648 1373 1672 suos
1396 1637 1622 1672 sacerdotes
1646 1637 1789 1682 facere,

476 1703 513 1729 et
537 1707 608 1740 pro
632 1694 794 1730 instanti
819 1694 906 1729 finis
929 1695 1141 1730 verborum
1173 1695 1233 1729 vel
1266 1694 1343 1729 alio
1376 1707 1455 1742 quo
1488 1694 1561 1729 sibi
1595 1694 1790 1741 placuerit

476 1752 734 1797 consecravit,
780 1761 823 1787 ut
864 1761 920 1787 est
953 1752 1131 1799 dignum.
1179 1751 1267 1787 Alia
1300 1761 1433 1787 autem
1469 1752 1589 1787 dubia
1622 1752 1847 1791 literalia25

475 1818 626 1845 textum
659 1810 779 1845 istum
814 1809 1103 1846 concernencia
1136 1809 1319 1857 relinquo
1351 1809 1684 1857 prudencioribus
1724 1812 1790 1846 de-

477 1868 680 1913 claranda,
727 1877 870 1903 notans
915 1869 1120 1915 quomodo
1155 1867 1334 1903 Christus
1378 1867 1417 1903 in
1457 1867 1686 1904 evanicione
1719 1881 1789 1903 sua

476 1927 625 1960 nedum
671 1925 886 1962 declaravit
932 1925 971 1960 in
1021 1926 1126 1961 facto
1176 1926 1283 1973 quod
1335 1925 1410 1961 fuit
1462 1925 1590 1961 iturus
1634 1926 1790 1973 longius

477 1983 579 2018 sicut
612 1992 776 2030 perante
809 1983 929 2019 tacite
963 1983 1155 2019 innuebat
1188 1984 1255 2019 sed
1289 1985 1396 2031 quod
1428 1983 1467 2018 in
1497 1996 1567 2019 sua
1592 1983 1789 2031 corporali

477 2041 663 2076 absencia
696 2043 914 2077 secundum
948 2041 1136 2077 deitatem
1161 2054 1253 2088 sepe
1277 2050 1451 2077 mentem
1476 2041 1603 2088 magis
1625 2041 1791 2077 irradiat
1807 2050 1848 2081 30

477 2111 597 2146 quam
622 2099 661 2134 in
684 2112 755 2135 sua
778 2099 985 2146 presencia
1010 2098 1223 2146 corporali,
1258 2112 1347 2135 cum
1375 2112 1520 2146 magna
1544 2112 1636 2146 pars
1654 2108 1790 2135 nostre

477 2156 642 2192 ecclesie
676 2157 834 2193 insolite
873 2166 1093 2205 temptatur
1125 2170 1147 2192 a
1181 2156 1342 2192 diabolo
1381 2158 1430 2192 ad
1471 2158 1517 2192 de
1556 2169 1627 2192 sua
1667 2157 1789 2193 beati-

474 2214 614 2250 tudine
659 2216 965 2262 desperandum.
1012 2218 1060 2251 Et
1093 2214 1274 2251 Christus
1318 2215 1358 2250 in
1403 2214 1579 2262 qualibet
1620 2214 1787 2250 istarum

476 2274 612 2308 decem
647 2273 951 2320 apparicionum
985 2273 1140 2309 videtur
1164 2285 1256 2308 suos
1280 2271 1496 2320 discipulos
1520 2272 1786 2320 temptavisse.

533 2332 764 2378 Congruum
814 2341 871 2367 est
916 2332 963 2366 de
1010 2329 1348 2378 temptacionibus
1381 2343 1522 2378 parum
1558 2330 1685 2378 loqui:
1720 2332 1788 2367 Est
1805 2336 1845 2370 35

474 2396 607 2423 autem
642 2389 861 2436 temptacio
907 2389 1034 2425 activa
1072 2398 1184 2424 actus
1222 2388 1455 2435 temptantis
1496 2397 1532 2424 et
1571 2389 1788 2435 temptacio

543 2506 562 2525 1.
585 2498 608 2525 E
628 2499 658 2525 in
681 2507 793 2544 marg:
823 2499 927 2528 Ficcio
951 2500 1072 2527 Christi.
1152 2509 1181 2532 4.
1202 2500 1247 2527 A:
1264 2499 1391 2535 fratres
1410 2500 1504 2526 deest.
1579 2501 1606 2527 0.
1630 2500 1699 2527 DE:
1727 2507 1789 2526 am-

467 2533 568 2567 pliata
586 2534 657 2560 sive.
743 2537 767 2560 δ.
791 2534 818 2561 Ι;
847 2535 931 2570 quod
949 2535 1105 2570 infucto;
1131 2542 1210 2561 corr.
1233 2537 1311 2561 vult:
1340 2535 1370 2561 in
1389 2538 1591 2562 sacramento.
1684 2542 1721 2562 12.
1742 2536 1787 2561 A:

472 2568 573 2594 nostri
591 2568 691 2599 deest:
720 2569 760 2595 ib.
784 2569 805 2595 E
826 2570 855 2596 in
878 2578 991 2605 marg:
1017 2569 1217 2597 Consecracio
1242 2569 1356 2596 Christi
1374 2570 1520 2596 mentalis.
1595 2570 1636 2596 16.
1657 2570 1701 2596 A:
1729 2569 1792 2595 nisi

472 2610 528 2636 pro
549 2603 660 2629 nostri.
724 2611 763 2637 17.
786 2605 828 2630 A:
855 2605 901 2630 ab.
966 2604 1004 2631 ¹8.
1027 2604 1178 2640 ot·g‘cznis,·
1197 2606 1241 2631 A:
1263 2604 1391 2631 ordinis.
1454 2611 1496 2638 ¹9-
1516 2603 1616 2631 ADE:
1637 2604 1789 2631 modicum

471 2636 564 2663 deest.
621 2645 659 2663 21.
677 2638 719 2664 A:
743 2639 846 2672 imque
863 2655 889 2657 ῌ
904 2646 1109 2673 supponamus
1123 2639 1217 2665 deest.
1272 2638 1315 2665 23.
1337 2638 1361 2665 E
1381 2638 1411 2665 in
1433 2646 1547 2672 marg:
1574 2639 1668 2665 Verba
1686 2645 1789 2665 sacra-

471 2671 624 2698 mentalia.
699 2680 744 2705 24.
770 2673 795 2699 1:
814 2674 941 2707 placuit.
1015 2674 1055 2701 25.
1077 2673 1176 2700 ADE:
1199 2676 1366 2700 consecrat.
1440 2680 1487 2708 29.
1508 2674 1553 2700 A:
1573 2675 1681 2708 aperte
1699 2676 1789 2704 ante,-

471 2705 498 2732 I:
515 2714 575 2740 per
595 2709 679 2733 tante
698 2708 816 2734 tacitus.
891 2708 935 2735 30.
959 2708 999 2734 D:
1023 2711 1141 2737 mente,-
1168 2708 1191 2734 E
1211 2716 1307 2734 corin:
1330 2711 1468 2735 mentem.
1542 2706 1584 2734 32.
1606 2709 1650 2734 A:
1670 2707 1809 2742 aliquid*

471 2741 509 2767 de
526 2749 600 2769 sua.-
627 2741 653 2767 I:
682 2749 718 2768 ac
738 2742 775 2767 de
793 2750 857 2769 sua.
966 2742 1011 2775 34.
1032 2744 1077 2769 A:
1105 2743 1333 2776 opemcionum.
1436 2742 1477 2770 35.
1498 2742 1524 2769 D
1545 2742 1575 2769 in
1597 2750 1711 2777 marg:
1742 2742 1789 2769 De

471 2775 742 2810 temptacionibus;
768 2776 791 2803 Ε
812 2777 841 2803 in
865 2785 978 2811 marg:
1260 2812 1265 2817 .

965 2814 1178 2880 Te›71ptacio{
1196 2814 1318 2881 gazae-{lla

468 2878 510 2907 35.
531 2879 543 2905 Ι
563 2879 592 2906 in
615 2888 731 2915 marg:
756 2880 930 2916 Temptacio
951 2881 1119 2916 multiplex.
