2062 3276
199 900 237 921 10

200 1181 235 1212 15

250 255 386 283 51511110
408 243 504 300 11111]
731 254 922 294 QUARTA
951 254 1076 285 PARS.

251 377 337 401 sam
360 376 473 400 suam
498 375 619 412 quam
644 361 765 399 vitam
791 359 998 410 propriam
1034 360 1301 408 corporalem.
1335 359 1563 396 Adulterari

252 435 344 470 ergo
378 434 467 458 cum
508 433 656 469 sponsa
690 418 838 456 Christi
878 427 935 454 est
974 431 1177 454 summum
1217 417 1371 454 facinus
1404 426 1442 454 et
1475 429 1565 465 pec-

253 490 386 517 catum
421 478 582 516 diaboli.
624 478 691 515 Ille
730 489 823 525 ergo
864 475 982 524 digne
1020 485 1128 512 orat:
1170 476 1361 512 Advem'at
1399 488 1564 526 regnum

251 546 371 585 tuum,
411 537 477 586 qui
512 536 551 573 in
584 536 727 573 effectu
766 543 959 584 procurat
998 535 1223 582 profectum
1264 534 1433 570 celerem
1474 533 1565 569 111116

252 609 389 645 regno,
424 595 671 640 meditando,
705 594 875 640 orando,
901 592 1135 640 castigando
1159 593 1220 629 vel
1244 591 1358 628 aliter
1382 590 1566 627 fidelibus

254 654 533 691 ministrando.

309 711 454 749 Tercio
481 710 576 747 dicit
601 711 767 746 devotus
791 708 895 745 filius
917 708 1129 745 Trinitatis
1153 708 1193 744 in
1217 708 1370 744 honore
1394 706 1566 754 Spiritus

252 770 406 807 Sancti:
446 769 534 805 Fiat
568 769 745 804 voluntas
777 775 840 803 tua
879 766 976 803 sicut
1008 767 1044 802 in
1078 766 1158 803 celo
1190 773 1226 802 et
1258 766 1293 801 in
1327 773 1447 801 terra.
1485 764 1567 801 Scit

253 828 356 865 enim
402 828 511 876 quod
555 827 742 863 voluntas
790 825 1029 873 beneplaciti
1076 824 1148 861 Dei
1193 836 1237 860 ex
1282 823 1365 860 eius
1410 822 1567 859 iusticia

252 885 478 923 necessario
512 893 569 922 est
602 884 781 933 impleta.
816 885 864 919 Et
888 885 935 920 de
960 884 1035 919 hoc
1068 883 1291 931 gaudenter
1323 880 1569 930 pronunciat

252 957 363 993 spem
403 942 605 981 oracionis
646 955 722 991 que
762 941 909 979 dicitur
951 940 1126 978 elevacio
1168 940 1313 977 mentis
1348 940 1386 976 in
1420 942 1568 976 Deum:

252 1004 341 1039 Fiat
374 1003 551 1039 voluntas
583 1009 659 1037 tua.
705 1000 788 1037 Scit
827 999 954 1036 eciam
996 1000 1104 1048 quod
1143 999 1328 1035 voluntas
1369 997 1471 1046 signi
1509 998 1570 1034 vel

253 1060 433 1098 mandati
467 1073 547 1096 non
586 1067 717 1107 potest
757 1070 840 1094 esse
873 1057 948 1093 nisi
982 1059 1030 1094 ad
1068 1059 1232 1102 bonum,
1274 1069 1363 1093 cum
1406 1057 1482 1092 hoc
1521 1055 1571 1091 sit

254 1120 429 1156 voluntas
461 1118 538 1155 Dei
567 1116 825 1167 sanctifficacio
860 1123 1000 1152 vestra.
1046 1117 1138 1152 Ideo
1170 1123 1280 1163 patet
1313 1115 1421 1162 quod
1456 1115 1571 1150 debet

253 1191 353 1226 pura
386 1176 576 1214 oracione
610 1187 751 1223 rogare
780 1187 854 1223 pro
880 1173 962 1210 eius
987 1173 1229 1222 implecione
1253 1172 1292 1208 in
1316 1181 1436 1218 terra,
1470 1171 1571 1208 sicut

253 1236 443 1284 impletur
476 1234 515 1270 in
549 1235 647 1280 celo,
688 1234 796 1282 quod
829 1232 1048 1280 impleatur
1086 1231 1126 1268 in
1159 1230 1326 1268 ecclesia
1360 1230 1571 1276 militante,

254 1294 357 1331 sicut
396 1293 586 1341 impletur
619 1292 659 1328 in
692 1290 866 1337 Christo,
908 1291 1016 1339 quod
1055 1290 1271 1338 impleatur
1305 1298 1341 1325 et
1374 1288 1415 1324 in
1448 1288 1571 1324 eccle-

254 1351 426 1388 siasticis
474 1360 510 1387 et
544 1350 583 1386 in
627 1349 753 1386 laicis.
801 1351 855 1385 Ex
895 1348 1027 1397 primo
1073 1361 1191 1384 sensu
1239 1346 1419 1395 sequitur
1463 1347 1571 1394 quod

254 1423 373 1447 nemo
414 1410 531 1446 debet
570 1420 868 1445 remurmurare
902 1416 1042 1443 contra
1076 1409 1203 1443 Deum
1237 1418 1309 1441 nec
1343 1404 1571 1441 contristari

255 1470 302 1505 de
343 1467 586 1516 implecione
629 1465 847 1503 voluntatis
892 1465 1035 1501 divine.
1088 1467 1189 1501 Nam
1237 1476 1370 1500 servus
1410 1462 1572 1499 Domini

255 1526 400 1563 terreni
446 1525 654 1570 subinfert,
696 1533 733 1561 et
772 1523 803 1560 si
848 1524 981 1571 placet
1019 1531 1178 1559 terreno
1218 1521 1397 1567 domino,
1443 1522 1573 1569 placet

255 1584 344 1631 sibi,
377 1585 482 1621 unde
515 1582 673 1632 spissim
708 1581 928 1629 subiungit:
968 1580 1008 1617 Si
1042 1581 1200 1629 placeat
1232 1580 1358 1625 vobis,
1393 1578 1449 1615 sic
1483 1579 1572 1623 fiat3

256 1652 408 1692 quanto
457 1641 583 1689 magis
623 1642 670 1678 de
709 1653 868 1677 summo
909 1639 1074 1675 domino
1115 1639 1226 1676 cuius
1264 1639 1448 1675 voluntas
1493 1650 1573 1673 non

258 1711 387 1750 potest
425 1699 627 1748 obliquari
661 1712 682 1736 a
715 1697 969 1743 rectitudine,
1010 1699 1200 1734 debemus
1241 1695 1574 1734 condicionaliter

258 1769 392 1808 petere
425 1758 457 1795 si
490 1758 563 1794 sibi
598 1758 766 1806 placeat.

316 1819 518 1854 Debemus
551 1816 676 1852 eciam
703 1827 843 1851 omnes
868 1826 990 1862 penas
1014 1812 1131 1849 nobis
1156 1812 1329 1849 inflictas
1353 1813 1574 1860 gaudenter

258 1876 437 1921 sufferre,
471 1875 579 1923 quod
613 1874 642 1909 si
676 1873 746 1919 sic,
780 1874 971 1909 debemus
1004 1871 1103 1908 scire
1137 1872 1243 1919 quod
1268 1871 1378 1906 nulla
1401 1869 1449 1906 sit
1473 1882 1573 1917 pena

258 1933 332 1970 nisi
366 1934 468 1969 iusta
502 1942 539 1969 et
566 1945 587 1968 a
612 1934 695 1968 Deo
719 1931 890 1975 inflicta3
924 1931 991 1966 sed
1017 1931 1208 1965 debemus
1241 1941 1402 1965 omnem
1436 1928 1574 1964 volun-

260 2001 382 2029 tatem
416 2000 593 2027 nostram
628 1988 824 2026 voluntati
849 1988 919 2025 Dei
955 1988 1220 2024 conformare.
1256 1989 1360 2034 Ergo
1385 1987 1575 2022 debemus

260 2063 420 2087 omnem
456 2061 600 2097 penam
625 2048 664 2084 in
687 2047 802 2084 nobis
826 2046 1021 2083 inflictam
1047 2046 1146 2082 velle
1170 2058 1266 2081 esse.
1302 2044 1576 2081 Confirmatur

262 2121 304 2145 ex
343 2109 419 2144 hoc
458 2108 565 2156 quod
613 2106 714 2143 sicut
760 2106 951 2142 debemus
997 2116 1133 2140 amare
1173 2106 1300 2140 Deum
1347 2102 1574 2150 graciosum

262 2165 405 2215 premii
430 2165 678 2214 largitorem,
704 2164 759 2200 ita
783 2164 973 2199 debemus
997 2162 1127 2211 ipsum
1153 2175 1289 2198 amare
1313 2160 1574 2197 iustissimum

262 2224 506 2273 punitorem⁷
553 2223 649 2271 quia
700 2222 848 2259 scimus
893 2222 1002 2270 quod
1051 2234 1132 2256 non
1177 2228 1309 2268 potest
1354 2218 1428 2254 nisi
1476 2219 1577 2254 iuste

263 2282 405 2331 punire
438 2283 487 2318 ad
523 2283 718 2317 honorem
743 2280 802 2316 sui
826 2288 863 2316 et
888 2281 1035 2316 bonum
1062 2278 1240 2315 ecclesie.
1274 2278 1378 2325 Ergo
1402 2276 1468 2325 qui
1493 2276 1577 2312 odit

266 2343 341 2377 1106
364 2339 448 2376 odit
472 2342 598 2376 Deum
624 2348 744 2388 atque
767 2337 983 2382 iusticiam,
1009 2349 1146 2385 ymmo
1170 2336 1380 2373 ecclesiam
1407 2343 1576 2371 matrem

265 2411 392 2435 suam.
439 2399 515 2434 Sed
556 2410 674 2434 nemo
714 2405 822 2434 amat
862 2398 988 2432 Deum
1030 2395 1178 2431 iustum
1225 2394 1455 2443 punitorem
1501 2392 1574 2428 nisi

267 2465 373 2494 amet
418 2455 691 2504 punicionem‚
738 2467 830 2503 ergo
869 2453 1037 2502 quilibet
1077 2454 1194 2489 debet
1238 2465 1375 2489 amare
1414 2463 1575 2487 omnem

266 2513 538 2563 punicionem,
576 2514 788 2562 gaudendo
826 2512 977 2548 scilicet
1011 2512 1058 2547 de
1091 2510 1245 2547 iusticie
1279 2510 1578 2558 complemento

268 2582 304 2610 et
327 2573 501 2620 lugendo
526 2573 573 2608 de
598 2585 717 2609 causa
740 2570 1025 2608 occasionante
1058 2569 1211 2605 scilicet
1244 2576 1410 2616 peccato
1442 2566 1577 2604 seculi.

335 2730 359 2757 5.
382 2730 423 2757 D:
445 2730 538 2757 aliter
557 2729 649 2756 deest.
724 2737 763 2764 17.
784 2729 856 2756 DG:
879 2729 1020 2764 implelur
1040 2727 1140 2757 deest:
1161 2726 1201 2753 ib.
1224 2725 1296 2753 DG:
1319 2725 1402 2760 quod
1420 2725 1582 2760 immolar,-

268 2765 308 2793 ib.
330 2764 404 2792 DG:
425 2767 455 2791 et
473 2764 568 2792 deest.
623 2771 661 2792 21.
683 2764 724 2791 b:
746 2764 877 2799 quodsi.
934 2771 978 2797 27.
993 2763 1038 2790 A:
1059 2761 1141 2797 quod
1154 2761 1351 2796 sisicpatet,·
1371 2761 1414 2787 ib.
1428 2761 1472 2787 A:
1494 2759 1579 2786 nulla

268 2801 333 2827 scit.
396 2798 442 2827 30.
465 2799 538 2826 DG:
559 2797 655 2826 eciam
675 2799 772 2826 nobis.
838 2798 876 2826 31.
900 2798 940 2825 D:
962 2797 1045 2833 quod
1063 2796 1156 2824 deest.
1219 2795 1265 2830 39.
1286 2796 1328 2823 D:
1350 2794 1512 2829 diligendo
1533 2793 1579 2820 de.

343 2892 392 2924 14.
419 2883 441 2914 1.
468 2881 592 2914 Thess.
619 2882 675 2923 IV,
703 2882 733 2916 3.

1770 256 1842 288 441

1633 715 1700 743 The
1721 715 1802 742 third

1607 751 1735 786 petition
1757 751 1782 776 is
1803 751 1832 777 111

1602 786 1723 813 honour
1742 785 1776 812 os
1793 785 1842 812 the

1668 820 1774 856 spirit.

1613 1241 1711 1268 (lod's
1732 1240 1790 1266 will
1812 1241 1837 1267 is

1605 1284 1674 1304 sure
1695 1280 1725 1303 to
1747 1276 1781 1302 be
1803 1276 1849 1302 for

1639 1319 1696 1338 our
1716 1310 1807 1345 good.

1614 1824 1672 1851 wt-
1694 1825 1789 1859 ought
1810 1830 1839 1850 to

1674 1864 1777 1894 acc-:pl

1632 1895 1829 1929 punishment

1597 1929 1697 1964 61116111*
1721 1930 1865 1964 huowiiig

1653 1965 1671 1991 il
1695 1965 1719 1991 is
1742 1964 1810 1996 11151.
