2062 3276
222 726 344 761 Danger
364 726 399 754 of

234 761 379 795 allowing

183 796 312 832 worldly
333 795 435 823 affairs

189 835 218 857 ¹⁰
236 832 427 894 §iiliffil'hthe

751 261 976 294 JOHANNIS
993 259 1179 292 WYCLIF
1198 259 1455 291 SERMONUM
1519 244 1670 301 [SERMO
1690 254 1768 282 LIII·

458 369 721 419 periculosior
744 380 790 405 ac
813 368 960 404 cadens
992 365 1225 415 preciosior.
1260 365 1353 402 Ideo
1377 363 1574 401 extraccio
1597 363 1770 400 hominis

458 441 480 465 a
511 428 658 476 laqueo
704 425 854 463 diaboli
893 437 973 462 non
1006 433 1063 461 est
1096 436 1197 472 opus
1236 423 1377 460 servile
1408 421 1576 459 vetitum
1609 421 1650 458 in
1682 423 1770 459 sab-

458 488 565 522 bato.
611 485 700 522 Alia
733 493 868 521 autem
902 495 1026 531 opera
1059 481 1286 531 corporalia
1325 493 1401 529 que
1436 489 1527 517 sunt
1560 479 1770 516 hominurn

458 543 685 581 necessaria
717 555 791 591 pro
824 543 991 578 sabbato
1024 549 1115 577 sunt
1147 539 1221 576 sibi
1254 539 1376 585 licita,
1410 547 1452 574 ut
1484 537 1711 575 necessaria
1734 546 1772 574 et

461 603 642 638 modesta
675 601 857 639 ciborum
891 598 1110 647 apparacio
1144 607 1180 634 et
1204 606 1335 634 cetera
1359 609 1435 645 que
1458 609 1502 633 ex
1524 595 1772 633 limitacione

459 660 654 708 temporis
686 667 846 708 oportet
877 658 918 693 in
951 656 1126 694 sabbatis
1160 655 1258 692 fieri.

517 719 607 755 Alia
648 727 782 755 autem
820 727 944 764 opera
988 713 1214 762 corporalia
1259 712 1404 762 quibus
1437 714 1542 748 Deus
1585 711 1773 748 limitavit

462 776 561 813 alias
583 776 701 813 ferias
725 788 805 811 non
828 775 945 810 debet
977 772 1216 809 christianus
1249 780 1413 819 propter
1446 769 1773 818 desperacionem

463 835 510 870 de
542 842 656 882 grato
689 831 883 880 temporis
911 830 951 867 in
973 830 1148 867 sabbatis
1180 829 1353 878 operari,
1387 841 1433 865 eo
1466 830 1572 877 quod
1609 837 1773 876 propter

462 893 615 928 nullum
664 893 815 928 bonum
859 888 1046 938 possibile
1091 889 1208 924 debet
1251 888 1373 923 homo
1415 887 1476 922 vel
1521 886 1560 922 in
1605 886 1773 923 minimo

462 951 654 986 mandato
673 949 745 986 Dei
779 948 1024 996 delinquere,
1059 945 1153 983 licet
1184 955 1321 982 tamen
1353 957 1396 980 ex
1429 943 1598 981 licencia
1631 944 1773 991 prelati

462 1021 533 1056 pro
568 1008 703 1056 aliqua
736 1008 835 1043 hora
867 1005 1022 1042 sabbati
1056 1006 1161 1041 bona
1183 1004 1341 1040 fortune
1370 1002 1485 1038 aliter
1508 1001 1774 1050 periclitanda

462 1067 614 1102 salvare
648 1075 685 1102 et
717 1064 804 1101 aliis
837 1063 945 1100 horis
978 1061 1134 1099 sabbati
1166 1062 1369 1098 laudando
1393 1063 1522 1096 Deum
1556 1059 1773 1107 attenciu53

462 1125 531 1160 sed
563 1123 775 1160 occasione
807 1122 920 1158 istius
953 1120 1225 1157 excusacionis
1264 1118 1465 1168 paulative
1504 1117 1695 1155 inciditur
1733 1117 1775 1154 in

463 1182 671 1218 caribdim.
721 1180 786 1216 Hii
825 1189 959 1216 autem
1000 1187 1166 1227 peccato
1211 1176 1361 1214 diaboli
1407 1176 1532 1213 cecati
1577 1177 1775 1213 accedunt

463 1242 514 1277 ad
558 1239 767 1276 ecclesiam
813 1239 881 1274 sed
919 1238 980 1274 vel
1019 1237 1212 1273 omittunt
1257 1247 1373 1272 orare
1416 1235 1478 1271 vel
1521 1234 1616 1270 solis
1660 1234 1775 1271 labiis

464 1297 583 1334 motis
623 1298 743 1334 corde
781 1304 951 1344 vagante
990 1295 1029 1331 in
1068 1295 1202 1331 seculo
1248 1293 1430 1330 derident
1461 1292 1682 1329 Dominum
1714 1293 1776 1329 vel

463 1355 588 1392 tercio
621 1364 839 1392 causantur
869 1355 917 1391 de
945 1352 1076 1390 causis
1108 1351 1356 1389 secularibus
1378 1359 1585 1399 tamquam
1611 1350 1713 1386 cives
1736 1349 1775 1386 in

464 1414 691 1460 theoloneo‚
739 1425 876 1461 ymmo
922 1412 1105 1448 mulieres
1153 1409 1296 1458 quibus
1340 1409 1559 1457 Apostolus
1607 1407 1776 1456 precipit

463 1472 579 1508 silere
621 1472 657 1507 in
706 1471 864 1507 ecclesia
909 1477 1181 1518 prorumpunt
1220 1468 1260 1504 in
1300 1466 1476 1504 convicia
1517 1466 1644 1503 eciam
1677 1467 1776 1502 hora

465 1530 596 1566 misse.
656 1530 805 1566 Omnes
858 1541 952 1576 ergo
1011 1527 1075 1563 isti
1127 1539 1208 1563 non
1261 1525 1517 1562 considerant
1569 1525 1776 1572 quomodo

465 1588 646 1625 Christus
678 1586 828 1624 faciens
867 1586 1071 1634 flagellum
1105 1586 1152 1621 de
1186 1583 1372 1620 funiculis
1412 1582 1560 1630 expulit
1599 1590 1777 1618 ementes

465 1655 502 1682 et
533 1647 749 1682 vendentes
783 1646 830 1680 de
863 1645 1014 1692 templo
1055 1642 1210 1679 dicens:
1250 1643 1402 1677 Domus
1440 1653 1522 1676 mea
1555 1647 1610 1676 est
1642 1640 1779 1676 domus

465 1704 668 1740 oracionis.
711 1703 784 1739 Vos
827 1710 953 1738 autem
987 1701 1144 1751 fecistis
1188 1712 1270 1736 eam
1315 1700 1536 1749 speluncam
1582 1699 1777 1734 latronum

464 1763 552 1798 Joh.
587 1763 655 1807 110,
686 1761 728 1797 15
773 1768 810 1796 et
850 1760 993 1797 Matth.
1027 1760 1151 1804 XXIO,
1183 1771 1213 1793 1.
1267 1759 1315 1793 Et
1355 1756 1409 1793 hii
1448 1756 1574 1793 tercio
1614 1765 1779 1805 peccato
1820 1758 1834 1790 ἶ

466 1819 596 1856 carnis
630 1817 756 1855 cecati
788 1827 879 1866 post
912 1817 1075 1854 missam
1101 1825 1138 1853 et
1162 1824 1252 1853 ante
1286 1824 1377 1851 sunt
1410 1814 1629 1862 plurimum
1653 1826 1780 1862 usque

466 1879 515 1914 ad
539 1876 774 1914 ebrietatem
807 1875 1054 1925 ingurgitati.
1088 1877 1142 1911 Ex
1167 1886 1245 1922 qua
1269 1881 1459 1922 spumant
1482 1872 1651 1918 luxuria,
1686 1871 1779 1918 rixe,

466 1935 686 1972 homicidia
709 1944 746 1971 et
767 1935 905 1971 omnia
937 1945 1083 1982 genera
1117 1940 1393 1980 peccatorum⁷
1428 1931 1467 1966 in
1492 1939 1646 1967 tantum
1671 1931 1779 1978 quod

467 1993 598 2029 minus
632 1993 783 2029 malum
817 1992 919 2029 foret
951 1991 991 2028 in
1024 1989 1200 2028 sabbatis
1234 1990 1333 2026 tales
1367 1988 1551 2025 homines
1590 1987 1779 2036 occupari

466 2051 505 2086 in
539 2060 674 2088 aratro
696 2051 757 2087 vel
780 2049 931 2098 auriga.
964 2050 1082 2086 Tales
1105 2049 1241 2097 itaque
1265 2047 1366 2083 servi
1389 2046 1634 2094 negligentes
1657 2049 1812 2094 opera?

468 2109 743 2145 misericordie
776 2108 815 2144 in
849 2121 888 2145 se
922 2116 958 2144 et
992 2106 1183 2155 proximis
1216 2105 1447 2142 omittentes
1480 2103 1655 2140 audituri
1688 2113 1780 2139 sunt

467 2167 507 2203 in
531 2166 640 2204 finali
674 2165 843 2202 iudicio:
878 2167 933 2202 Ite
955 2165 1151 2201 maledicti
1181 2164 1216 2199 in
1241 2164 1367 2214 ignem
1394 2170 1579 2205 eternum,
1612 2160 1779 2198 Matthei

467 2226 606 2271 XXV0‚
641 2237 708 2271 41,
743 2223 837 2272 quia
869 2225 1014 2259 Jerem.
1048 2224 1239 2261 XLVIIIO,
1271 2234 1315 2257 10
1349 2220 1513 2256 dicitur:
1546 2219 1780 2255 Maledictus

467 2283 531 2331 qui
550 2283 655 2331 jacit
688 2294 783 2331 opus
806 2281 965 2317 Domini
994 2281 1253 2330 negligenter,
1286 2279 1352 2314 ubi
1386 2277 1452 2314 alii
1486 2278 1692 2326 paululum
1717 2276 1780 2313 hie

467 2340 594 2377 vexati
628 2340 792 2377 audient
823 2351 961 2375 vocem
986 2337 1133 2375 Christi
1168 2336 1401 2374 amabilem:
1434 2336 1561 2372 Venite
1583 2335 1780 2378 benedicti,

468 2398 535 2434 ubi
569 2399 776 2434 intrabunt
810 2398 937 2433 celum
971 2409 1062 2434 cum
1096 2395 1268 2432 Domino
1302 2393 1531 2431 eternaliter
1563 2392 1779 2441 regnaturi.

540 2589 564 2616 3.
588 2589 661 2616 DG:
683 2590 836 2616 hominum
858 2588 952 2615 deest.
1057 2596 1096 2619 ¹4-
1119 2586 1192 2613 DG:
1214 2586 1307 2613 illius.
1410 2586 1450 2612 ιώ.
1472 2585 1543 2612 DG:
1565 2584 1608 2611 ad
1625 2584 1783 2611 ecclesiam

470 2625 569 2655 deest:
593 2625 634 2652 ib.
656 2624 773 2651 CodeL:
795 2623 850 2650 sed
867 2623 952 2650 solis.
1021 2622 1060 2649 18.
1083 2623 1125 2648 A:
1148 2621 1184 2648 de
1203 2621 1288 2648 canis
1308 2620 1508 2648 secularibus.
1578 2627 1620 2654 19.
1640 2620 1684 2646 A:
1704 2617 1782 2653 Apo-

470 2659 566 2685 stolis.
641 2666 686 2693 29.
709 2660 752 2685 A:
781 2658 870 2685 nimis
890 2657 1011 2684 nmlum.
1085 2656 1129 2684 30.
1152 2656 1192 2683 D:
1221 2656 1251 2682 in
1273 2656 1373 2688 ἀρθείς
1400 2656 1440 2682 ib.
1461 2654 1562 2687 servis
1586 2655 1629 2681 A:
1656 2653 1781 2680 scilicet.

470 2692 513 2720 33.
546 2693 620 2720 AD:
659 2694 733 2728 quia
765 2693 864 2726 deest;
902 2692 944 2719 ib.
978 2691 1094 2719 Codd.:
1127 2689 1188 2718 Jer.
1221 2689 1355 2717 XXVIII.
1497 2687 1543 2722 34.
1576 2689 1620 2716 A:
1654 2690 1687 2715 ut
1716 2687 1782 2715 alii.

471 2727 514 2762 35,
535 2727 581 2756 36.
603 2728 675 2755 DG:
704 2727 806 2755 Venite
826 2743 858 2746 —
879 2726 1046 2763 regnaturi
1064 2726 1157 2753 deest.

543 2878 597 2899 ρο.
624 2868 646 2898 ι.
675 2868 752 2898 eor.
779 2866 866 2907 xm
895 2868 948 2907 34.
1045 2865 1098 2906 35,
1126 2864 1178 2898 30.
1206 2864 1325 2896 Matth.
1351 2865 1454 2904 xxv,
1483 2865 1536 2904 34.

1793 898 1832 919 10

1795 1176 1831 1209 15

1799 2337 1837 2369 35
