2062 3276
239 223 375 252 senno
394 224 446 252 1x.
451 214 463 271 j
722 229 915 269 QUARTA
941 230 1069 263 PARS.

239 332 399 369 cionum
433 332 627 370 miscebat
659 334 900 382 superbiam.
936 337 1050 373 Unde
1082 337 1186 374 inter
1224 348 1356 376 cetera
1389 351 1554 388 peccata

239 391 426 438 superbia
480 392 598 428 habet
650 392 851 429 racionem
905 395 1147 441 apparencie
1200 396 1307 442 boni,
1362 410 1452 434 cum
1506 400 1555 436 sit

239 450 387 484 bonum
421 449 628 496 superbire
650 450 710 486 vel
743 452 931 488 excedere
964 462 1145 489 creature
1178 463 1215 490 et
1240 454 1414 492 hominis
1443 458 1554 493 boni-

238 515 374 543 tatem.
410 510 511 544 Cum
546 509 651 543 Deus
682 509 908 545 necessario
941 519 1106 558 propter
1139 511 1452 550 immensitatem
1485 528 1554 552 sue

204 564 427 601 §bonitatis
460 574 621 612 superat
654 566 876 613 quamlibet
908 577 1150 616 creaturam,
1184 570 1371 618 superbia
1404 581 1553 619 tamen,

238 631 358 669 prout
396 623 492 660 dicit
531 632 755 670 peccatum,
790 624 903 672 fingit
936 626 1079 662 falsum
1114 640 1315 664 excessum
1350 630 1553 677 bonitatis,

237 692 372 727 ymmo
405 680 535 717 innuit
568 681 895 729 equiparanciam
919 684 979 719 vel
1002 697 1206 721 excessum
1230 696 1412 724 creature
1435 701 1555 736 super

237 737 550 775 immensitatem
590 739 778 775 bonitatis
818 740 960 777 divine.
1006 744 1111 779 Deus
1154 743 1259 779 enim
1304 758 1384 781 non
1424 755 1554 794 potest

237 795 292 832 sic
325 798 423 833 velle
456 807 493 833 et
516 809 606 832 cum
642 798 715 833 hoc
748 811 828 833 non
861 799 1016 846 punire,
1050 800 1140 837 ideo
1165 803 1286 838 homo
1309 803 1377 851 qui
1401 805 1555 852 appetit

183 852 311 890 mista
345 856 423 891 duo
447 854 599 903 appetit
629 856 708 890 duo
738 855 1034 893 irracionabilia
1066 871 1187 906 supra
1211 862 1352 897 Deum.
1387 863 1555 898 Studeat

237 924 330 960 ergo
376 914 496 949 homo
535 925 612 961 que
658 922 715 949 est
754 914 825 949 Dei
870 914 1021 952 directa
1060 916 1204 954 volicio
1246 927 1283 954 et
1331 920 1555 956 conformet

237 971 449 1018 (quantum
483 970 644 1015 sufficit)
677 983 717 1007 se
750 971 820 1008 illi.

292 1029 372 1064 Nec
406 1038 463 1065 est
496 1028 657 1065 difficile
690 1029 797 1065 fideli
837 1039 873 1066 et
912 1031 1137 1079 specialiter
1169 1034 1356 1083 theologo
1388 1048 1553 1073 noscere

234 1085 427 1122 directam
474 1086 546 1123 Dei
590 1086 842 1125 volicionem.
895 1090 1004 1126 Voco
1058 1100 1193 1128 autem
1239 1093 1433 1130 directam
1480 1094 1553 1131 Dei

180 1147 217 1180 15
232 1144 470 1181 volicionem
511 1145 619 1181 illam
659 1158 739 1193 qua
772 1148 878 1182 Deus
910 1149 993 1184 vult
1027 1158 1252 1186 creaturam
1286 1151 1360 1187 sibi
1393 1152 1552 1199 servire,

233 1211 450 1251 antequam
496 1211 647 1251 peccet,
694 1203 786 1252 quia
820 1206 926 1241 Deus
973 1220 1054 1242 non
1097 1209 1179 1244 vult
1220 1211 1329 1256 quod
1369 1219 1552 1247 creatura

233 1260 368 1308 aliqua
399 1261 603 1309 puniatur,
637 1263 746 1309 quod
779 1264 1097 1312 condempnetur
1119 1266 1180 1302 vel
1203 1269 1310 1315 quod
1343 1267 1554 1305 induretur

232 1318 308 1354 nisi
346 1319 557 1356 occasione
596 1321 688 1355 data
722 1321 770 1355 de
803 1330 968 1368 peccato
1001 1324 1206 1370 preterito.
1253 1327 1425 1370 Quando
1459 1339 1551 1375 ergo

233 1377 416 1413 voluntas
450 1377 622 1413 hominis
655 1378 771 1425 plene
804 1380 1000 1416 consentit
1033 1382 1083 1416 ad
1112 1382 1266 1419 facinus
1300 1396 1390 1419 cum
1414 1386 1552 1421 volun-

175 1448 218 1470 20
233 1443 314 1471 tate
367 1434 527 1481 diaboli,
576 1445 670 1471 tunc
721 1436 937 1474 voliciones
989 1451 1128 1475 eorum
1187 1450 1279 1477 sunt
1330 1442 1461 1488 simul,
1516 1452 1553 1479 et

234 1493 431 1541 malignus
475 1494 602 1541 tangit
646 1505 750 1529 eum.
800 1497 847 1531 Et
885 1497 1144 1534 conformiter
1181 1500 1277 1534 dum
1317 1500 1399 1536 vult
1438 1501 1551 1537 alteri

232 1550 409 1588 invidere
440 1553 501 1588 vel
534 1552 650 1588 irasci
683 1551 1019 1591 irracionabiliter
1052 1556 1240 1593 fratribus
1279 1559 1329 1593 ad
1362 1557 1550 1595 iniuriam

232 1609 437 1657 propriam
469 1610 769 1657 vindicandum,
804 1613 899 1647 dum
934 1614 1016 1649 vult
1049 1626 1070 1649 a
1104 1615 1238 1651 debito
1273 1615 1345 1651 Dei
1384 1617 1550 1653 servicio

231 1667 367 1713 ociari,
414 1670 509 1704 dum
549 1669 630 1704 vult
667 1670 906 1716 temporalia
945 1671 1170 1708 inordinate
1211 1682 1413 1721 appetere⁷
1454 1676 1549 1711 dum

173 1729 213 1762 25
231 1726 312 1761 vult
350 1725 685 1763 irracionabiliter
723 1740 886 1774 pascere
919 1742 1064 1777 corpus
1097 1743 1213 1766 suum
1246 1733 1307 1767 vel
1340 1734 1434 1768 dum
1468 1734 1551 1769 vult

231 1784 531 1821 communicare
575 1798 666 1821 cum
710 1786 858 1822 femina
904 1788 963 1823 vel
1008 1800 1098 1823 cum
1139 1799 1323 1826 creatura
1367 1791 1443 1827 alia
1483 1793 1550 1827 ab-

229 1844 379 1879 utendo
412 1843 597 1890 potencia
631 1844 867 1891 generandi3
902 1846 1095 1892 dyabolus
1130 1847 1233 1883 enim
1268 1849 1472 1896 cognoscit
1506 1862 1549 1885 ex

229 1900 403 1936 naturali
436 1901 617 1937 sollercia
651 1911 687 1937 et
711 1902 876 1950 antiqua
910 1904 1159 1951 experiencia
1192 1908 1396 1954 quomodo
1430 1909 1550 1944 homo

231 1967 288 1994 est
311 1971 461 2006 pronus
495 1961 544 1995 ad
569 1959 700 1995 taliter
723 1960 1038 2008 delinquendum
1073 1972 1110 1998 et
1144 1973 1278 2011 captat
1311 1964 1384 2000 sibi
1418 1966 1550 2002 media

173 2019 215 2051 30
230 2016 420 2064 proniora
459 2029 530 2065 per
567 2030 644 2066 que
684 2018 846 2055 inducat
879 2020 1081 2055 volitivam
1123 2022 1295 2058 hominis
1335 2024 1385 2058 ad
1418 2023 1550 2059 taliter

230 2075 345 2122 plene
368 2076 596 2121 volendum,
622 2086 657 2112 et
681 2077 735 2112 sic
759 2086 968 2124 peccatum
994 2079 1259 2116 committitur
1282 2080 1394 2117 cuius
1418 2094 1550 2129 perse-

228 2133 457 2169 veranciam
481 2134 721 2171 diabolicam
745 2135 926 2171 diabolus
956 2136 1092 2173 multis
1116 2137 1256 2174 mediis
1281 2139 1548 2175 machinatur.

1792 244 1842 279 79

1568 1047 1632 1074 Itis
1647 1051 1701 1074 not
1714 1046 1844 1075 disticult

1586 1087 1616 1108 to
1637 1082 1729 1109 know
1749 1082 1832 1110 what

1569 1116 1638 1144 God
1660 1117 1738 1179 xxggs
1761 1122 1842 1145 usto

288 2193 335 2227 Et
378 2191 480 2228 inter
530 2205 669 2229 omnes
722 2194 898 2229 cautelas
942 2195 1102 2241 dyaboli
1149 2197 1299 2232 nullam
1354 2198 1549 2234 maiorem
1567 2207 1611 2235 Of
1629 2209 1664 2236 all
1689 2210 1844 2237 snaresof

228 2249 289 2284 vel
332 2249 598 2286 infideliorem
644 2252 854 2287 considero
899 2264 1021 2300 quam
1068 2256 1175 2301 quod
1221 2256 1342 2291 homo
1387 2255 1427 2291 in
1473 2256 1550 2292 fide

173 2309 211 2342 35
230 2306 390 2343 deficiat
436 2321 517 2343 non
564 2310 679 2356 plene
728 2311 926 2346 credendo
981 2312 1191 2347 sentenciis
1244 2313 1548 2360 scripturarum.

229 2366 277 2400 Et
319 2365 424 2401 istud
468 2376 679 2413 peccatum
722 2367 869 2404 nostris
910 2369 1159 2416 temporibus
1199 2380 1256 2406 est
1295 2372 1549 2409 communius

229 2422 444 2466 usitatum,·
482 2424 594 2460 cuius
634 2439 758 2461 unum
799 2425 977 2462 medium
1018 2426 1211 2464 inducens
1258 2438 1315 2465 est
1359 2431 1548 2477 superbia

230 2482 277 2516 de
321 2481 549 2518 variacione
594 2483 734 2531 logice,
774 2484 868 2532 quia
908 2485 1090 2521 homines
1129 2487 1302 2534 logicam
1350 2488 1548 2536 scripture

230 2538 444 2575 infideliter
496 2554 576 2577 non
627 2542 858 2578 admittunt.
917 2545 977 2578 Ad
1032 2553 1188 2580 tantum
1243 2546 1347 2581 enim
1406 2546 1547 2583 inoluit

299 2650 322 2677 3.
344 2651 388 2677 A:
408 2651 560 2685 superire.
630 2652 658 2678 ὁ.
679 2654 723 2679 A:
746 2654 915 2686 e.rce,'.s·um‚·
940 2654 981 2680 ib.
1004 2654 1046 2681 D:
1068 2655 1143 2683 boni
1160 2657 1237 2683 fluis:
1305 2656 1332 2684 8.
1354 2657 1423 2685 Dii:
1446 2658 1548 2685 divine

231 2684 331 2717 deest3
353 2686 393 2712 ib.
409 2685 433 2712 E
448 2693 477 2712 in
494 2694 606 2719 marg:
625 2687 787 2722 Superbia.
845 2697 878 2716 11.
893 2691 938 2716 A:
960 2690 1079 2717 volucis»
1102 2696 1141 2718 (et
1162 2691 1301 2726 passim».
1360 2692 1440 2719 151:
1462 2701 1547 2720 crea-

230 2722 314 2746 turus
328 2740 334 2745 .
352 2741 358 2746 .
375 2724 528 2754 .peccent.
605 2730 643 2757 ¹7-
664 2723 723 2749 AI:
746 2724 946 2758 dampnatum·
965 2725 1006 2750 ib.
1027 2724 1051 2751 E
1072 2726 1101 2752 in
1124 2734 1239 2760 marg:
1261 2727 1389 2754 Dz'recta
1409 2728 1548 2754 voluntas

231 2753 298 2780 Dei.
373 2758 412 2782 ιδ’.
434 2756 462 2781 1:
486 2756 614 2791 Quando
635 2757 724 2784 enim
798 2759 840 2786 25.
863 2759 933 2785 DE:
961 2761 1025 2785 vult
1045 2759 1091 2786 de.
1166 2761 1206 2787 25.
1227 2762 1270 2787 A:
1298 2762 1423 2796 signnm
1442 2770 1548 2790 suum:

228 2788 351 2823 signum
371 2790 500 2819 extinct:
530 2791 596 2817 lm:
617 2799 702 2818 suum
723 2793 815 2820 deest.
889 2793 931 2821 35.
954 2795 975 2821 h
996 2795 1026 2821 in
1049 2803 1162 2831 marg:
1185 2796 1334 2823 Diabolus
1353 2804 1391 2823 ex
1411 2798 1549 2823 naturali

229 2824 373 2886 ἒοίίεΙιϊιζι
401 2826 560 2886 ccljgposcit
585 2827 626 2853 ad
653 2829 736 2861 quod
763 2828 851 2855 humo
880 2832 925 2856 est
943 2836 1064 2864 pronus
1090 2833 1120 2856 et
1144 2838 1183 2857 ex
1207 2831 1312 2865 aliqua
1339 2831 1545 2866 experienda.

250 2865 277 2892 9.
321 2869 326 2885 z
348 2868 418 2887 ιηνα
432 2864 487 2887 ult.

1591 2243 1640 2270 the
1662 2245 1740 2271 devil
1763 2245 1812 2271 the

1589 2283 1723 2314 greatest
1743 2280 1768 2305 is
1789 2285 1820 2306 to

1612 2315 1700 2340 make
1721 2322 1791 2341 man

1618 2349 1787 2376 disbelieve

1612 2384 1784 2418 Scripture.
