2062 3276
191 298 263 323 100

219 754 285 782 The
307 754 418 789 priests

195 789 303 816 should
327 797 401 824 pray
420 792 450 815 to

204 824 272 851 God
294 829 325 851 10
346 831 435 858 spate

226 859 274 886 tlte
296 859 415 894 people.

198 1855 263 1883 The
284 1854 408 1882 Cliurch
430 1853 455 1880 is

202 1890 345 1917 deceived
368 1897 400 1915 as
421 1893 451 1915 to

254 1932 399 1960 penunce.

210 2316 395 2344 Confession
417 2320 447 2342 to

271 2351 339 2378 God
362 2352 387 2378 is

245 2394 417 2422 necessary.

762 293 985 326 JOHANNIS
1004 293 1187 325 WYCLIF
1209 292 1464 324 SERMONUM
1547 278 1698 336 [SERMO
1720 288 1784 316 ΧΠ·

473 409 608 447 gentes
640 401 777 446 ubera,
812 399 1038 447 egrediatur
1070 411 1239 446 sponsus
1270 400 1317 434 de
1341 397 1460 434 cubili
1484 411 1555 434 suo
1579 406 1616 434 et
1639 410 1784 445 sponsa

473 459 520 493 de
553 458 730 494 thalamo
764 470 847 493 suo.
894 459 994 493 Nam
1029 469 1072 492 ex
1118 456 1374 492 multitudine
1419 455 1587 491 istorum
1632 464 1783 503 septem

473 515 797 563 promerencium
850 514 1103 550 sermonibus
1155 523 1290 550 sancte
1343 513 1634 550 exhortacionis
1679 515 1785 549 Deus

472 582 561 621 post
604 582 769 621 peccata
814 571 1083 608 communiter
1127 580 1184 607 est
1236 572 1434 619 placatus3
1488 571 1576 607 ideo
1628 579 1786 619 oportet

472 632 581 679 quod
633 631 855 667 sacerdotes
905 639 1112 678 tamquam
1167 631 1326 666 coraule
1370 628 1598 666 devocionis
1650 628 1819 677 populi5

468 690 626 738 plorent
672 689 772 724 inter
815 688 1040 724 vestibulum
1093 696 1128 724 et
1178 688 1314 732 altare,
1369 689 1463 723 dum
1514 696 1605 723 sunt
1656 686 1787 722 media

474 747 578 783 inter
610 745 805 783 sacrificia
838 755 875 782 et
913 745 1105 782 libamina
1140 745 1209 781 Dei
1241 745 1489 782 abscondita.
1543 744 1620 792 Ipsi
1653 753 1786 781 autem

475 804 737 841 effectualiter
781 813 941 840 orarent
985 805 1093 851 quod
1126 803 1323 839 Dominus
1362 811 1499 852 pascat
1527 803 1672 852 populo
1716 812 1788 838 suo

474 862 649 899 liberans
684 874 749 898 eos
783 875 805 898 a
838 863 943 898 malo
975 862 1035 898 vie
1069 871 1105 898 et
1139 874 1160 898 a
1194 862 1299 898 malo
1332 862 1524 909 gehenne.
1570 860 1634 897 Sic
1680 859 1786 896 enim

474 934 554 956 non
594 921 705 956 daret
740 922 845 956 Deus
883 920 1135 956 hereditatem
1175 919 1285 967 regni
1329 919 1388 955 sui
1432 918 1471 954 in
1516 917 1786 966 perdicionem
1809 932 1846 953 10

475 978 633 1026 dyaboli
674 990 746 1014 nec
779 978 814 1013 in
848 978 1096 1027 obprobrium
1131 979 1404 1013 membrorum
1439 989 1603 1013 suorum
1637 988 1714 1024 que
1747 975 1787 1011 in

474 1036 630 1072 inferno
664 1037 903 1084 exprobrant
937 1035 1141 1083 reciproce
1174 1035 1247 1071 sibi
1270 1035 1379 1083 ipsis.
1412 1036 1527 1071 Tunc
1551 1043 1683 1071 autem
1708 1047 1788 1070 non

475 1094 653 1130 dicerent
698 1093 846 1130 diaboli
892 1093 971 1129 suis
1017 1093 1105 1129 filiis
1151 1095 1418 1141 reprobando,
1472 1093 1534 1128 ubi
1585 1097 1642 1129 est
1681 1091 1789 1129 Deus

476 1165 623 1189 eornm.
670 1154 750 1188 Nos
784 1164 903 1199 super
941 1164 1007 1188 eos
1040 1151 1264 1187 eminenter
1296 1151 1444 1187 fuimus
1479 1149 1687 1197 dominati,
1722 1151 1789 1186 sed

476 1212 583 1258 quod
618 1212 723 1246 Deus
756 1222 798 1246 ex
833 1219 969 1246 eterna
1010 1209 1283 1245 misericordia
1328 1209 1475 1261 {elatus
1513 1216 1567 1244 est
1612 1209 1658 1244 de
1703 1213 1847 1256 pre-15

475 1268 592 1304 terito
628 1268 728 1303 filios
761 1280 852 1303 suos
886 1280 986 1315 quos
1016 1266 1300 1315 predestinavit
1323 1268 1372 1303 ad
1395 1275 1543 1303 terram
1566 1265 1789 1302 vivencium

477 1335 513 1362 et
546 1339 589 1362 ex
621 1326 889 1362 immensitate
923 1338 990 1361 sue
1025 1325 1297 1361 misericordie
1336 1325 1510 1374 pepercit
1546 1324 1691 1373 populo
1737 1323 1791 1359 sic

476 1383 670 1432 peccanti.
726 1385 772 1419 Et
817 1383 871 1419 sic
916 1384 1109 1420 habemus
1162 1396 1397 1430 responsum
1452 1382 1629 1419 divinum
1683 1383 1791 1430 quod

476 1451 689 1490 postquam
725 1441 853 1477 finalis
886 1440 1111 1489 penitencia
1144 1441 1261 1477 fuerit
1294 1440 1494 1487 inchoata,
1541 1442 1647 1476 Deus
1681 1439 1790 1476 dabit

477 1500 591 1536 nobis
624 1501 861 1541 frumentum
907 1508 949 1535 ut
994 1512 1138 1547 panem
1186 1498 1291 1545 fidei,
1338 1500 1463 1534 vinum
1509 1506 1552 1534 ut
1585 1510 1695 1546 spem
1730 1510 1791 1533 ex·
1809 1512 1850 1534 20

477 1557 732 1594 hilaracionis
784 1556 928 1605 premii
982 1565 1016 1593 et
1060 1558 1183 1593 oleum
1237 1556 1414 1593 caritatis
1466 1569 1545 1604 qua
1597 1565 1791 1604 perpetuo

477 1629 615 1652 sumus
658 1615 782 1653 uncti.
830 1617 871 1650 In
916 1615 999 1651 istis
1044 1614 1148 1651 enim
1192 1614 1252 1651 rie
1297 1614 1497 1662 capacitas
1542 1622 1599 1650 est
1643 1614 1793 1662 repleta

478 1686 687 1722 quousque
720 1674 835 1721 plene
869 1682 953 1710 tota
986 1672 1201 1709 multitudo
1235 1673 1407 1709 hostium
1442 1671 1710 1720 spiritualium
1745 1671 1793 1707 sit

479 1733 656 1771 exclusa:
703 1744 794 1768 nam
830 1740 918 1779 post
952 1732 1133 1767 membra
1166 1731 1313 1767 Christi
1359 1739 1473 1766 erunt
1518 1731 1566 1767 ab
1612 1729 1792 1766 hostibus

479 1789 753 1838 spiritualibus
786 1789 942 1837 plenius
974 1789 1144 1825 liberati.
1810 1793 1850 1826 25

538 1847 653 1885 Circa
687 1849 788 1884 hanc
823 1847 1029 1895 epistolam
1055 1846 1262 1883 dubitatur
1284 1855 1417 1883 utrum
1443 1858 1605 1894 presens
1628 1845 1793 1882 ecclesia

480 1905 585 1942 circa
619 1905 826 1941 materiam
860 1905 1083 1953 penitencie
1117 1904 1166 1940 sit
1199 1905 1326 1950 illusa,
1361 1913 1397 1940 et
1429 1913 1580 1940 certum
1605 1912 1662 1940 est
1685 1905 1792 1952 quod

479 1964 547 2010 sic,
601 1962 810 2011 supposita
854 1963 1031 2011 practica
1075 1962 1153 1999 iam
1199 1962 1385 1999 instante.
1440 1962 1551 1999 Sicut
1596 1961 1700 1998 enim
1753 1961 1793 1997 in

479 2030 733 2058 sacramento
779 2021 1005 2067 eukaristie,
1050 2020 1104 2056 sic
1150 2020 1190 2056 in
1223 2020 1298 2057 isto
1331 2029 1583 2057 sacramento
1628 2019 1793 2056 ecclesia

479 2079 722 2127 simplicium
757 2078 1004 2127 spoliativius
1037 2088 1073 2115 et
1108 2078 1379 2126 blasphemius
1425 2088 1480 2114 est
1524 2077 1659 2123 illusa;
1704 2077 1793 2113 ideo
1811 2082 1852 2114 30

481 2139 597 2173 debet
630 2137 756 2173 fidelis
791 2137 997 2184 theologus
1031 2137 1070 2172 in
1104 2136 1267 2172 nomine
1301 2136 1447 2172 Christi
1485 2135 1693 2172 veritatem
1728 2136 1793 2170 de-

479 2204 625 2243 tegere.
687 2197 754 2231 Est
806 2204 939 2231 autem
994 2195 1136 2242 duplex
1188 2193 1415 2242 penitencia
1466 2193 1545 2229 sive
1598 2192 1793 2229 confessio

481 2253 629 2289 scilicet
683 2254 816 2301 quoad
861 2255 988 2288 Deum
1043 2261 1079 2288 et
1132 2253 1265 2300 quoad
1311 2251 1515 2288 hominem
1562 2250 1793 2287 humanitus

480 2311 674 2347 instituta.
718 2310 852 2347 Prima
885 2310 1079 2346 confessio
1113 2319 1168 2346 est
1202 2309 1435 2358 simpliciter
1467 2308 1690 2345 necessario
1732 2322 1794 2344 or-

482 2368 619 2406 dinata
652 2382 673 2405 a
707 2371 803 2414 Deo,
846 2377 882 2404 et
921 2368 1023 2404 sicut
1062 2368 1209 2404 infame
1249 2377 1457 2416 peccatum
1491 2366 1623 2403 divisit
1655 2379 1794 2415 pecca·
1811 2371 1850 2404 35

482 2436 609 2463 torem
644 2440 665 2463 a
691 2429 787 2472 Deo,
822 2426 877 2462 sic
910 2428 959 2462 ad
994 2425 1283 2462 confessionem
1310 2425 1380 2462 Dei
1414 2424 1632 2473 requiritur
1664 2423 1794 2460 cordis

554 2569 573 2591 1,
604 2567 627 2586 2.
658 2560 698 2586 E.-
729 2563 759 2587 σῖ
786 2567 898 2595 sponsa
921 2575 949 2578 —
971 2568 1026 2586 suo
1056 2560 1148 2587 deest.
1294 2560 1333 2591 [8,
1365 2568 1405 2588 io.
1435 2559 1535 2586 ADE:
1566 2561 1595 2585 el
1617 2561 1792 2593 postquam.

483 2603 525 2630 19.
548 2602 592 2621 20.
614 2595 713 2622 ADE:
736 2595 792 2621 dat
810 2595 906 2621 nobis.
969 2594 1015 2621 26.
1038 2594 1121 2621 ΑΗΕ
1141 2595 1169 2621 in
1193 2603 1304 2629 marga
1327 2591 1476 2626 Dubimn;
1494 2594 1506 2621 I
1527 2593 1555 2620 iu
1579 2601 1692 2627 marg:
1717 2593 1794 2627 Que-

481 2630 551 2657 stio.
624 2628 669 2656 30.
691 2630 718 2656 I:
741 2632 787 2657 est
806 2629 899 2656 deest.
974 2628 1017 2656 32.
1039 2629 1063 2655 D
1086 2629 1115 2655 in
1137 2637 1232 2664 marg.
1254 2629 1325 2656 inf.:

955 2663 1130 2690 Ponitencia
1150 2665 1163 2699 l

957 2698 1119 2733 Confessio
1151 2701 1160 2730 1

482 2732 525 2761 32.
539 2734 575 2761 ,Α
596 2732 624 2760 in
648 2741 761 2768 marga
786 2732 962 2767 penitencia
989 2733 1120 2768 duplex;
1147 2733 1172 2759 E
1192 2732 1222 2760 in
1244 2741 1356 2768 marg:
1389 2732 1552 2767 Confessio
1573 2732 1704 2766 duplex:
1732 2731 1742 2757 1
1763 2731 1791 2758 in

484 2776 596 2802 marg*
622 2767 783 2804 Cozifessio
803 2768 924 2802 duplex.
998 2766 1043 2801 34.
1064 2768 1109 2794 A:
1131 2770 1179 2794 est
1196 2767 1289 2794 deest.
1363 2766 1409 2794 36.
1431 2768 1470 2795 h:
1493 2767 1553 2794 Dei
1571 2766 1751 2802 requiritur.

1187 2681 1308 2716 duplex.

555 2862 608 2904 34.
647 2862 698 2894 Cf.
726 2855 938 2905 Trialogum‚
978 2873 1010 2904 p.
1044 2861 1120 2895 326.
1159 2862 1210 2894 Cf.
1250 2863 1441 2894 doctrinam
1474 2862 1717 2894 Taboritarum
1751 2861 1792 2893 de

484 2916 700 2941 sacramento
726 2910 965 2953 poenitenciae
992 2910 1013 2941 1.
1040 2920 1067 2941 c.
1095 2919 1172 2952 pag.
1198 2908 1276 2953 607.
