2062 3276
171 1421 251 1449 How
271 1425 302 1448 to
323 1421 397 1454 keep

148 1461 201 1484 out
220 1457 271 1483 the
291 1455 424 1483 enemies

190 1491 224 1519 of
241 1492 291 1518 the
311 1491 388 1518 soul.

150 2289 305 2317 Nearness
326 2289 360 2315 of
377 2288 427 2315 the

235 2324 294 2360 day
314 2324 348 2351 of

204 2358 375 2393 judgment.

717 262 941 294 JOHANNIS
960 260 1145 292 WYCLIF
1165 259 1421 291 SERMONUM
1451 246 1604 303 [SERMO
1624 255 1735 284 XXIV.

431 369 742 419 Quociescunque
786 370 832 405 de
876 369 936 404 die
979 367 1111 403 iudicii
1152 366 1293 417 cogito,
1343 378 1496 415 semper
1539 365 1574 401 in
1621 365 1739 401 corde

425 440 508 464 nzeo
552 435 754 474 tremesco,
799 427 884 475 quia
929 426 1009 462 sive
1053 425 1204 461 dormio
1248 425 1328 460 sive
1372 424 1542 470 comedo,
1586 435 1739 472 semper

426 486 461 521 in
509 485 667 521 auribus
714 485 807 521 meis
853 491 1018 534 apparet
1067 483 1134 519 illa
1185 483 1274 518 tuba
1324 494 1528 525 resonare;
1580 481 1740 531 Sin-gite

427 543 583 589 mortni,
629 543 749 579 venite
786 543 838 578 ad
876 542 1070 578 iudicium.
1117 539 1358 577 Misceamus
1399 539 1519 587 igitur
1558 551 1738 574 amorem

429 614 519 638 cum
561 601 719 647 timore,
760 609 802 636 ut
841 599 881 636 in
920 612 989 647 spe
1029 607 1284 647 expectemus
1324 598 1498 633 fructum
1526 596 1774 633 ‘bonorum5

429 671 598 707 operum
647 659 688 695 in
732 657 841 694 finali
881 657 1075 702 examine,
1116 656 1209 704 quia
1248 656 1315 705 qui
1354 655 1460 692 venit
1500 654 1539 690 in
1577 654 1741 691 nomine

432 716 592 765 dyaboli
637 726 845 764 tamquam
896 715 978 751 eius
1024 714 1207 750 minister
1247 713 1493 750 cruciabitur
1531 722 1740 760 tamquam

431 774 653 823 discipulus
706 773 869 810 maximi
923 771 1082 820 tyranni
1128 781 1166 808 et
1209 781 1253 808 ut
1298 772 1382 808 eius
1428 770 1619 818 magister
1659 772 1743 806 Deo

431 832 613 870 subditus
647 832 715 878 sit3
751 831 817 880 qui
851 839 988 868 autem
1022 829 1129 867 venit
1169 829 1210 865 in
1248 829 1413 866 nomine
1446 828 1610 865 Domini
1642 837 1744 864 tam-

431 903 552 940 quam
600 902 736 926 servus
784 891 912 926 bonus
959 897 996 924 et
1037 887 1163 924 fidelis
1203 887 1375 935 accipiet
1413 886 1803 923 benediccionemxo

431 962 453 985 a
498 948 687 993 Domino,
733 960 823 984 cum
864 947 1038 983 dicetur:
1092 946 1219 981 Venite
1262 945 1449 981 benedicti
1485 944 1615 994 patris
1659 944 1745 990 mei,

427 1007 622 1056 possidete
654 1013 840 1055 paratum
881 1005 986 1041 vobis
1025 1016 1190 1054 regnum
1229 1017 1251 1039 α
1291 1003 1563 1039 constitucione
1601 1002 1745 1039 mundi.

434 1064 508 1101 Hic
540 1073 674 1101 autem
713 1063 754 1099 in
785 1063 848 1100 via
889 1064 1081 1099 habemus
1122 1061 1181 1097 ius
1220 1062 1271 1098 ad
1310 1073 1406 1107 rem,
1441 1062 1509 1097 sed
1543 1059 1596 1095 ibi
1628 1068 1748 1096 nacta

434 1122 686 1170 possessione
720 1121 960 1158 habebimus
993 1121 1158 1169 plenum
1192 1119 1251 1156 ius
1284 1119 1325 1155 in
1358 1131 1412 1155 re.

909 1257 1104 1298 SERMO
1136 1257 1286 1297 XXIV.
1771 1256 1808 1288 15

496 1355 712 1390 Induamur
744 1366 857 1389 arma
891 1353 998 1389 lucis.
1035 1355 1148 1388 Rom.
1183 1353 1304 1396 X1110‚
1336 1361 1396 1386 12.

498 1413 539 1448 ln
583 1424 769 1449 sermone
813 1411 997 1459 proximo
1044 1410 1199 1446 dicetur
1239 1409 1446 1457 quomodo
1489 1419 1651 1444 necesse
1696 1415 1754 1444 est

440 1483 602 1507 omnem
637 1469 899 1506 christianum
934 1468 1138 1516 negociari
1172 1480 1262 1504 cum
1288 1466 1475 1509 Domino,
1511 1467 1680 1502 emendo
1704 1467 1753 1502 ab

440 1529 528 1577 ipso
579 1528 884 1573 beatitudinem,
939 1536 976 1564 et
1025 1539 1115 1563 cum
1161 1525 1361 1561 mei-caclo
1404 1534 1485 1560 tam
1528 1523 1755 1560 necessaria

441 1588 570 1624 solum
612 1585 833 1623 excluditur
872 1598 942 1633 per
975 1586 1108 1621 hostes
1150 1583 1295 1625 anime,
1343 1583 1507 1619 intendo
1548 1581 1667 1618 hodie
1706 1581 1754 1627 (si
1770 1591 1812 1612 20

443 1648 549 1681 Deus
573 1643 798 1689 donaverit)
831 1644 1043 1680 ostendere
1067 1643 1273 1690 quomodo
1308 1642 1440 1676 hostes
1470 1640 1641 1688 predicti
1664 1648 1755 1676 sunt

444 1703 579 1752 quoad
612 1702 711 1738 illud
738 1703 959 1750 dampnum
993 1700 1190 1748 sagaciter
1223 1698 1471 1735 excludendi.
1507 1700 1673 1735 Constat
1706 1699 1755 1734 ab

447 1759 697 1809 experiencia
741 1759 834 1796 belli
880 1758 1102 1806 corporalis
1154 1758 1360 1806 quomodo
1412 1756 1647 1793 imminente
1699 1755 1756 1792 in-

448 1818 611 1856 vasione
651 1818 785 1854 hostili
824 1816 1024 1865 spirituali
1065 1816 1210 1852 milites
1251 1814 1401 1851 Christi
1440 1823 1530 1850 sunt
1570 1813 1755 1850 armandi

441 1886 477 1913 et
511 1877 560 1913 ad
600 1889 773 1924 pugnam
816 1874 1077 1923 provocandi.
1127 1876 1227 1910 Cum
1268 1885 1362 1921 ergo
1401 1871 1755 1920 appropinquante
1772 1871 1811 1903 25

442 1935 505 1971 die
553 1934 691 1970 iudicii
731 1943 767 1970 et
801 1933 864 1969 die
904 1932 1044 1969 mortis
1085 1932 1279 1968 exercitus
1319 1930 1481 1978 dyaboli
1521 1930 1570 1966 sit
1610 1929 1754 1975 acrior,

441 2001 551 2041 patet
584 1993 692 2040 quod
726 1991 872 2028 milites
897 1989 1045 2028 Christi
1079 1999 1170 2026 sunt
1194 1988 1382 2025 hortandi
1407 1989 1456 2025 ad
1480 1988 1754 2024 armac-ionem

442 2060 479 2087 et
526 2063 718 2098 pugnam,
765 2062 854 2086 cum
902 2048 1096 2096 dyabolus
1148 2048 1320 2083 instante
1371 2046 1542 2082 articulo
1587 2045 1756 2082 victorie

441 2108 613 2157 opponit
654 2107 848 2144 maiorem
887 2107 965 2143 vim
1006 2115 1049 2142 ut
1088 2114 1247 2154 superet
1287 2105 1551 2141 christianum
1593 2113 1631 2140 et
1663 2103 1756 2139 hinc

442 2179 518 2215 pro
559 2167 658 2202 hora
698 2165 838 2201 mortis
878 2173 915 2201 et
956 2165 1054 2200 hora
1093 2164 1233 2199 ultime
1274 2162 1390 2199 etatis
1432 2161 1572 2198 mundi
1605 2169 1756 2209 pugnat
1772 2163 1814 2194 '30

442 2223 673 2261 violencius.

500 2284 668 2318 Constat
700 2290 833 2318 autem
869 2293 912 2317 ex
944 2292 1128 2316 sermone
1151 2278 1322 2327 septimo
1347 2279 1552 2327 quomodo
1576 2286 1667 2313 sunt
1689 2289 1754 2313 sex

444 2348 568 2377 etates
600 2339 839 2389 vivencium,
871 2338 1042 2387 septima
1082 2337 1374 2374 dormiencium
1414 2345 1451 2372 et
1489 2344 1631 2372 octava
1670 2335 1754 2371 sine

444 2398 521 2434 fine
566 2397 880 2446 quiescendum,
927 2405 963 2433 et
1009 2396 1065 2432 sic
1111 2396 1387 2443 computando
1432 2403 1592 2442 tempus
1638 2393 1754 2429 etatis

445 2456 583 2492 mundi
617 2464 659 2492 ut
692 2468 816 2491 unum
851 2454 956 2491 diem
992 2454 1218 2490 naturalem
1253 2452 1364 2489 cuius
1398 2464 1473 2488 nox
1513 2451 1563 2487 sit
1595 2450 1810 2499 tempus35

512 2586 536 2605 2.
554 2578 594 2605 b:
617 2586 683 2605 cum
699 2578 818 2605 dormio
830 2588 838 2607 ,·
859 2578 901 2603 G:
919 2578 987 2604 dum
1003 2576 1134 2604 dormio.
1191 2574 1214 2602 3.
1232 2575 1275 2602 H:
1292 2575 1377 2602 istam
1393 2575 1501 2601 tubam.
1558 2583 1587 2607 4.
1602 2574 1648 2600 H:
1665 2582 1753 2610 ergo.

443 2620 470 2648 ς).
501 2613 605 2640 ΛΙ)(];
637 2613 678 2639 sit
707 2612 809 2642 deest:
843 2613 881 2638 ib⁴
915 2612 986 2638 HG:
1020 2611 1091 2646 quia
1122 2613 1233 2637 autem.
1350 2618 1387 2637 12.
1419 2609 1460 2636 l›:
1493 2609 1753 2636 constitucionem.

444 2647 480 2675 13,
496 2648 602 2676 ADG:
624 2650 712 2674 nacta
732 2647 765 2674 id
784 2650 828 2674 est
845 2647 957 2682 adapta
979 2646 1092 2680 (glossa
1112 2653 1169 2680 quc
1191 2645 1219 2671 in
1236 2649 1351 2671 textum
1368 2644 1497 2677 incidit).
1573 2652 1613 2677 14.
1628 2643 1702 2670 DG:
1724 2643 1754 2670 in

442 2690 486 2709 re.
507 2683 611 2709 Amen.
738 2682 772 2709 15.
801 2683 829 2709 A
855 2682 884 2708 in
913 2689 1025 2715 marg:
1053 2681 1160 2707 Sermo
1187 2679 1290 2705 XXIV.
1418 2686 1459 2713 ¹9-
1486 2677 1591 2705 ADG:
1617 2678 1658 2704 sit
1681 2681 1753 2705 tam.

443 2725 488 2743 20.
513 2717 555 2743 ll:
583 2716 674 2743 hodie
694 2716 787 2743 deest.
913 2724 951 2742 21.
976 2716 1019 2742 l-l:
1046 2714 1208 2742 ostendere
1228 2715 1323 2740 deest.
1449 2721 1494 2743 20.
1516 2713 1590 2739 1³0:
1617 2715 1646 2739 ct
1665 2713 1752 2739 hunc.

443 2751 486 2778 32.
508 2752 551 2778 A:
577 2750 702 2777 Constat
720 2759 815 2787 ergo:
835 2750 875 2777 ib.
898 2750 940 2777 Ηε
961 2757 1103 2777 sermone
1121 2749 1249 2783 septimo
1270 2748 1377 2783 infra:
1396 2747 1500 2775 ADG:
1521 2755 1662 2774 sermone
1679 2747 1752 2774 alio.

518 2845 567 2866 11.
607 2834 725 2867 Matth.
759 2835 860 2873 XXV,
897 2835 948 2874 34.
1104 2832 1151 2864 15.
1191 2832 1323 2873 Epistlc
1359 2825 1514 2863 sm—'first
1546 2831 1687 2873 Sunday
1720 2831 1751 2861 in

444 2881 592 2912 Adveut.
