2062 3276
251 250 386 278 sunno
409 239 532 296 χχχι]
736 252 926 291 an‘lxx
957 252 1080 282 PARS.
1774 247 1823 281 πό
1834 247 1850 280 5

251 358 401 396 fervida
430 358 627 399 caritatis:
661 367 819 406 oportet
843 357 948 394 enim
974 366 1191 394 merentem
1217 360 1267 394 ad
1290 368 1423 394 actum
1449 372 1563 395 suuni

252 416 500 453 meritorium
552 416 678 453 active
725 428 976 455 concurrere,
1031 415 1131 452 sicut
1183 425 1342 463 oportet
1397 425 1565 453 matrem

251 487 416 523 coagere
440 476 489 511 ad
512 474 801 512 formacionem
834 486 902 510 sue
936 473 1070 522 prolis.
1106 476 1154 511 Et
1176 474 1294 510 istam
1328 474 1565 511 affinitatem

250 534 471 570 secundum
504 541 712 569 narratum
745 532 928 568 ordinem
967 541 1126 579 oportet
1166 532 1387 581 quemlibet
1427 541 1564 569 natum

218 592 382 628 5denuo
422 591 568 627 habere
601 592 651 627 ad
683 590 887 630 Christum
927 592 1148 627 secundum
1195 589 1488 627 humanitatem
1531 599 1567 627 et

251 662 321 697 per
354 660 602 697 consequens
640 661 721 685 esse
750 649 881 698 filium
923 647 1007 684 eius
1047 650 1268 685 secundum
1316 648 1564 685 divinitatem

253 709 312 754 (ut
344 706 492 743 dicitur
523 707 610 742 Joh.
645 708 693 753 10,
725 716 769 742 12
805 715 842 742 et
876 709 908 742 Ia
939 707 1026 742 Joh.
1062 709 1146 753 1110,
1178 706 1225 753 1).

309 766 342 801 O
366 766 563 813 stupenda
586 764 709 801 virtus
733 764 853 801 divini
877 763 1041 800 seminis
1065 766 1173 813 quod
1197 766 1338 801 fortem
1364 773 1566 801 armatum
1627 769 1810 808 xxf'ondrqus

251 822 355 869 eicit,
401 824 524 860 corda
564 822 678 871 quasi
717 822 869 871 lapides
907 823 1094 859 indurata
1128 823 1280 859 emollit
1314 832 1350 859 et
1385 823 1567 859 homines
1607 806 1834 867 Ἦῖζ-Ὶῇιρῖζὲὲω

199 894 236 915 10
250 894 320 929 per
352 890 518 929 peccata
550 893 762 918 conversos
796 881 835 917 in
868 880 1013 917 bestias
1047 890 1083 917 et
1116 880 1170 918 sic
1203 880 1405 917 infinitum
1439 894 1461 917 a
1485 883 1568 917 Deo

250 939 442 975 distantes
475 948 635 976 revocat
669 948 706 975 et
737 948 1010 976 transmutans
1044 939 1083 975 in
1117 939 1300 975 homines
1335 938 1454 975 efficit
1488 939 1568 975 dei-

250 997 410 1034 formes.
462 999 551 1034 Non
592 997 759 1034 dubium
799 997 894 1046 quin
934 1006 1015 1034 tam
1057 1009 1214 1033 summe
1260 997 1443 1034 mirabile
1488 1010 1568 1033 non

251 1054 377 1104 possit
423 1056 589 1092 verbum
634 1055 853 1092 sacerdotis
905 1055 1110 1103 perficere,
1165 1055 1239 1091 nisi
1290 1055 1568 1104 principaliter

251 1113 450 1151 coefficiat
488 1114 599 1150 calor
636 1113 800 1162 spiritus
831 1113 909 1150 vite
942 1122 979 1149 et
1012 1122 1193 1150 eternum
1226 1115 1406 1150 verbum.
1454 1115 1568 1150 Unde

198 1172 234 1204 15
251 1171 418 1208 Matthei
452 1173 520 1218 XO,
556 1182 606 1208 20
640 1171 846 1208 scribitur:
881 1172 967 1208 Non
1001 1173 1098 1208 enim
1134 1184 1200 1207 vos
1232 1172 1320 1208 estis
1352 1172 1417 1220 qui
1447 1172 1567 1221 loqui-

253 1230 347 1266 mini
375 1231 445 1266 sed
475 1230 635 1279 spiritus
661 1231 790 1279 patris
824 1230 944 1266 vestri
974 1230 1039 1278 qui
1069 1230 1240 1279 loquitur
1271 1231 1307 1266 in
1342 1230 1456 1268 vobis.

310 1289 387 1324 Sed
431 1289 532 1336 proh
577 1289 691 1324 dolor
736 1288 810 1324 hiis
855 1287 994 1324 diebus
1039 1298 1096 1324 est
1139 1289 1302 1325 verbum
1349 1287 1570 1324 sacerdotis
1592 1293 1682 1327 Now,
1704 1294 1780 1327 alas,
1800 1294 1850 1321 1110

253 1345 367 1395 quasi
402 1359 539 1383 semen
572 1346 753 1383 decisum
787 1359 808 1382 a
842 1355 1016 1392 mortuo,
1058 1356 1094 1382 et
1127 1359 1217 1383 cum
1258 1346 1473 1383 influencia
1507 1358 1567 1383 ce·
1584 1328 1855 1394 14{fi{{,¹³2{³¹1ssdbssssgfl

251 1403 361 1440 lestis
385 1417 543 1452 semper
565 1405 645 1452 agit
668 1406 891 1441 secundum
926 1404 1239 1452 disposicionem
1274 1404 1452 1444 materie,
1486 1418 1567 1441 non
1583 1398 1858 1460 (ffiffisscclffefflssffiff

195 1473 237 1494 20
253 1462 399 1498 mirum
435 1462 466 1499 si
499 1464 619 1499 verba
653 1463 948 1499 exhortacionis
989 1476 1068 1499 non
1111 1472 1202 1499 sunt
1243 1472 1352 1499 tante
1392 1463 1568 1499 efficacie
1608 1472 1728 1515 *moggo
1751 1455 1858 1515 sovis’

253 1520 355 1556 sicut
387 1520 496 1557 olim.
544 1522 659 1558 Unde
694 1521 948 1557 manifestum
985 1530 1042 1557 est
1075 1522 1183 1569 quod
1216 1521 1408 1569 precipua
1449 1534 1568 1557 causa
1592 1502 1724 1530 ehmts
1745 1503 1844 1530 woid.

254 1578 584 1616 mortificacionis
626 1578 846 1627 spiritualis
880 1579 920 1615 in
953 1580 1106 1627 populo
1140 1588 1177 1616 et
1210 1592 1280 1627 per
1321 1592 1569 1627 consequens

252 1636 381 1673 tocius
430 1637 615 1686 nequicie
664 1636 868 1685 regnantis
914 1637 954 1673 in
999 1638 1134 1674 seculo
1181 1646 1238 1674 est
1287 1638 1464 1674 defectus
1509 1638 1569 1673 vel

254 1695 521 1732 mortificacio
560 1695 724 1732 seminis
764 1695 873 1732 verbi
908 1696 992 1732 Dei.
1047 1698 1124 1732 Sed
1170 1697 1276 1732 unde
1321 1708 1447 1744 quero
1486 1705 1567 1732 tam

197 1755 235 1786 25
253 1752 479 1800 perniciosa
524 1753 633 1790 radix
677 1754 855 1801 peccati?
902 1756 1051 1790 Revera
1097 1753 1284 1790 inimicus
1323 1755 1446 1790 homo
1486 1767 1569 1790 sur-

253 1823 395 1859 repens
419 1811 457 1847 in
481 1812 636 1848 animas
670 1813 924 1848 sacerdotum
961 1812 1294 1860 superseminavit
1328 1811 1567 1849 zizanniam.

251 1871 367 1906 Nunc
407 1869 511 1905 enim
559 1870 589 1905 si
629 1869 718 1918 quis
758 1870 936 1918 loquitur
976 1883 1056 1906 non
1097 1863 1212 1919 quasi
1258 1883 1464 1907 sermones
1498 1870 1568 1906 Dei

251 1928 319 1963 sed
353 1927 484 1975 gracia
529 1928 795 1975 exemplandi.
843 1927 1067 1975 predicabit
1113 1937 1236 1975 gesta,
1282 1937 1471 1976 poemata
1510 1929 1569 1964 vel

251 1984 406 2022 fabulas
430 1995 489 2022 ext
515 1999 536 2022 a
562 1998 706 2034 corpus
730 1986 941 2033 scripture,
975 1987 1034 2022 vel
1059 1986 1304 2034 predicando
1328 1986 1568 2034 scripturam

195 2045 236 2077 '30
252 2043 401 2080 dividet
434 2044 561 2091 ipsam
598 2044 702 2080 ultra
738 2044 902 2080 minima
936 2044 1135 2081 naturalia
1169 2054 1205 2081 et
1239 2044 1417 2092 alligabit
1459 2057 1568 2080 more

251 2101 457 2138 zizannico
481 2114 551 2149 per
585 2103 738 2138 colores
772 2102 983 2138 rithmicos
1018 2115 1228 2151 quousque
1260 2115 1341 2139 non
1374 2111 1568 2151 appareat

250 2169 379 2196 textus
417 2160 627 2208 scripture.
676 2162 742 2196 sed
777 2173 909 2197 sermo
950 2160 1139 2209 proprius
1181 2161 1424 2209 predicantis
1468 2170 1569 2197 tam-

251 2231 369 2266 quam
406 2218 584 2254 auctoris
618 2227 655 2255 et
687 2218 906 2255 inventoris
941 2219 1137 2267 primarii.
1185 2221 1232 2256 Et
1266 2231 1309 2256 ex
1342 2219 1417 2256 ista
1451 2219 1568 2255 affec-

252 2276 365 2313 cione
409 2276 606 2313 diabolica
652 2290 731 2325 qua
775 2277 941 2325 quilibet
983 2277 1136 2325 appetit
1171 2291 1191 2314 a
1225 2290 1265 2313 se
1297 2277 1385 2326 ipso
1419 2287 1455 2314 et
1488 2290 1567 2313 non

194 2336 233 2369 35
251 2335 300 2370 ab
334 2334 413 2370 alio
447 2335 594 2371 habere
626 2334 722 2371 talia
754 2334 923 2383 insurgit
956 2344 1041 2372 tota
1073 2335 1223 2372 viciosa
1256 2336 1411 2372 novitas
1452 2335 1569 2372 huius

253 2392 410 2437 mundi;
457 2401 623 2441 propter
656 2394 731 2429 hoc
765 2402 900 2430 autem
935 2393 1034 2429 fiunt
1068 2393 1282 2430 divisiones
1322 2406 1568 2439 sermonum,

252 2449 467 2487 divisiones
501 2460 833 2488 ornamentorum
867 2460 904 2488 et
938 2451 1110 2488 aliorum
1152 2452 1424 2489 artificialium
1464 2452 1569 2488 ultra

250 2508 434 2554 solitum3
469 2517 505 2545 et
538 2522 617 2545 non
652 2509 815 2545 dubium
852 2509 948 2558 quin
981 2510 1053 2546 iste
1078 2510 1294 2547 divisiones
1318 2511 1379 2547 vel
1403 2518 1570 2546 causant

320 2650 344 2669 2.
366 2642 439 2669 DG:
468 2642 523 2669 sed
540 2645 670 2678 oportet.
803 2644 830 2670 «i.
853 2643 897 2671 H:
927 2652 994 2671 esse
1015 2652 1071 2679 pro
1092 2644 1167 2671 eius.
1304 2653 1329 2679 7.
1352 2645 1396 2671 G:
1424 2648 1453 2671 et
1473 2645 1567 2671 deest.

250 2677 277 2704 8.
307 2685 335 2712 9.
363 2677 436 2704 DG:
465 2680 617 2704 armatum
644 2681 744 2705 emat.
883 2687 916 2706 11.
943 2679 984 2705 D:
1015 2678 1227 2713 disputantes:
1257 2678 1297 2706 ib.
1327 2679 1368 2705 H:
1397 2678 1567 2715 difformes.

250 2711 288 2739 13.
316 2712 358 2739 D:
383 2714 497 2747 posset.
608 2712 644 2739 15.
673 2713 696 2739 l)
725 2714 753 2739 iu
782 2721 896 2747 marga
925 2713 1017 2741 Note!⁴
1127 2721 1172 2741 20.
1200 2714 1243 2741 l):
1270 2714 1392 2741 verbum
1511 2714 1570 2743 sit:

249 2748 289 2774 ib.
312 2747 356 2774 H:
387 2754 446 2774 non
475 2746 568 2773 deest.
667 2754 706 2774 22.
731 2747 772 2774 H:
801 2748 974 2783 spiritzmlis
994 2749 1089 2775 deest.
1186 2755 1233 2782 24.
1257 2748 1300 2775 H:
1327 2749 1452 2776 seminis
1472 2748 1566 2775 deest.

249 2782 294 2808 ivs».
330 2782 400 2808 lm:
442 2781 593 2816 ζὶςαιυιιά.
737 2782 782 2809 213⁸.
816 2783 890 2810 DG:
930 2783 1156 2815 c.x⁴lr.1›1emtd1',·
1194 2784 1233 2810 ib.
1269 2783 1312 2810 H:
1346 2783 1566 2819 predicabant.

248 2815 292 2843 30,
316 2816 390 2844 DG:
412 2817 494 2843 ultra
515 2816 653 2844 minuta:
679 2817 720 2844 ib.
743 2819 784 2844 H:
806 2818 967 2852 allegabit.
1048 2816 1092 2847 [³0.
1115 2817 1153 2845 31.
1176 2817 1248 2845 DG:
1269 2818 1481 2854 moralizanda
1497 2826 1566 2852 per.

248 2850 289 2877 5¹2.
312 2851 353 2878 D:
371 2851 490 2886 primus
511 2851 659 2878 dicantss:
681 2851 722 2879 H:
739 2852 829 2886 [νίας
848 2853 987 2880 dicanti&
1062 2852 1104 2880 32³.
1128 2852 1168 2879 1›:
1191 2853 1254 2880 illa.
1328 2852 1370 2881 35.
1392 2854 1437 2880 A:
1459 2856 1565 2881 totum.

246 2884 293 2913 36.
315 2887 358 2914 A:
381 2886 551 2913 tiim’siones
571 2890 710 2914 causant.
