2062 3276
248 246 383 275 sERMo
405 237 531 294 xv111.]
731 251 923 292 QUARTA
950 253 1075 284 PARs.

247 355 415 392 muliere
439 357 656 394 Chananea
680 359 838 402 (Matth.
863 359 983 404 XV0).
1012 362 1112 396 Nam
1138 360 1306 407 gentiles
1330 371 1515 399 exeuntes
1538 377 1561 400 a

247 413 394 450 finibus
427 414 676 452 infidelitatis
708 425 846 452 emunt
880 417 981 454 hanc
1015 419 1236 465 syndonem
1278 428 1315 455 et
1355 419 1558 468 cingulum

247 471 339 508 fidei
374 482 411 508 et
445 472 624 510 caritatis
657 487 736 522 qua
769 482 860 510 sunt
894 487 984 512 cum
1019 475 1204 513 fidelibus
1238 476 1430 526 colligati.

304 532 352 566 Et
385 542 429 566 cx
461 530 537 568 ista
569 531 813 569 dilatacione
845 532 992 570 femine
1026 533 1143 570 huius
1170 533 1211 571 in
1235 534 1439 583 membris,
1475 545 1560 573 tota

212 588 413 625 5ecclesia
437 601 573 636 ymmo
597 602 746 638 sponso
779 603 852 627 suo
885 591 1059 637 iuvante,
1094 601 1203 641 patet
1226 594 1335 642 quod
1357 594 1560 643 fortitudo

246 654 280 683 et
313 647 431 683 decor
475 646 694 695 spiritualis
729 657 786 684 est
832 649 946 686 vestis
989 650 1102 687 huius
1145 650 1294 688 femine
1339 659 1375 688 et
1417 652 1454 688 in
1500 653 1560 689 die

246 705 452 741 novissimo
505 706 657 753 ridebit,
710 707 804 742 dum
851 707 1070 744 adversarii
1116 709 1403 746 condolebunt.
1457 711 1558 747 Cum

245 771 378 799 autem
414 763 596 800 Christus
630 763 679 800 sit
713 764 784 801 Dei
816 764 942 801 virtus
986 775 1023 802 et
1056 766 1127 803 Dei
1173 766 1378 816 sapiencia
1423 777 1460 805 et
1505 768 1560 805 sic

245 820 379 858 anime
411 820 710 868 vestimentum,
755 821 960 871 signanter
993 825 1159 861 mandat
1191 826 1413 874 Apostolus
1451 828 1560 875 quod

191 879 459 915 minciuamini
489 880 686 917 dominum
717 881 847 917 Jesum
877 881 1098 927 Clzristum;
1130 882 1247 920 aliter
1279 893 1414 921 autem
1438 897 1559 922 nemo

243 937 287 974 fit
331 937 544 974 virtuosus.
592 940 641 975 Et
684 938 881 976 fortitudo
926 942 1150 977 secundum
1183 941 1452 990 Augustinum
1499 955 1560 980 ex—

243 994 381 1044 primit
414 1005 636 1044 martyrum
671 997 961 1043 constanciam,
996 1007 1033 1035 et
1067 1000 1188 1036 decor
1221 1000 1449 1038 castitatem
1482 1000 1558 1038 vir-

242 1053 402 1102 gineam
437 1053 543 1091 iuxta
577 1055 684 1092 dicta
715 1054 900 1104 superius
933 1057 1057 1093 bissus
1089 1065 1125 1094 et
1151 1070 1334 1108 purpura
1359 1059 1558 1096 indumen-

242 1119 321 1148 tum
355 1112 447 1150 eius.

189 1173 226 1206 15
300 1171 415 1207 Unde
447 1170 709 1220 exprimendo
754 1184 879 1220 opera
925 1173 1203 1211 misericordie
1249 1174 1470 1224 spiritualis
1503 1175 1559 1213 sic

241 1227 447 1265 scribitur:
488 1229 542 1279 0⁸.
573 1243 683 1266 suum
715 1230 868 1280 aperuit
898 1232 1089 1281 sapiencie
1120 1239 1155 1268 et
1187 1233 1254 1269 lex·
1285 1234 1490 1270 clemencie
1523 1234 1558 1270 in

241 1287 376 1337 lingua
409 1287 500 1324 eius.
533 1288 711 1325 Verbum
746 1287 851 1325 enim
877 1289 949 1326 Dei
983 1299 1041 1327 est
1073 1303 1118 1327 os
1142 1290 1308 1328 Domini
1342 1301 1379 1328 et
1412 1305 1434 1329 a
1458 1301 1559 1328 tem-

241 1357 339 1393 pore
372 1358 452 1393 quo
486 1345 560 1382 fuit
591 1345 849 1384 incarnatum
883 1347 1042 1397 aperuit
1086 1361 1130 1386 os
1175 1349 1358 1398 corporis
1399 1349 1557 1398 sapien-

241 1402 345 1439 ciam
390 1405 627 1450 eructando,
673 1414 710 1441 et
754 1418 825 1454 per
869 1405 974 1443 idem
1022 1407 1089 1443 lex
1135 1408 1339 1444 clemencie
1384 1408 1558 1457 Spiritus

184 1473 226 1495 20
241 1460 378 1498 Sancti
401 1463 486 1511 fuit
517 1463 553 1498 in
586 1463 721 1514 lingua
755 1463 917 1511 Christi,
952 1465 1046 1514 quia
1079 1465 1273 1515 quicquid
1303 1466 1400 1503 dixit
1423 1466 1558 1504 sonuit

242 1528 469 1560 caritatem.

298 1579 347 1614 Et
380 1577 436 1614 sic
470 1577 640 1616 ecclesia
672 1579 867 1617 instructa
912 1593 935 1617 a
979 1593 1128 1629 sponso
1173 1582 1433 1619 consideravit
1478 1583 1560 1620 vias

241 1648 311 1685 per
343 1649 443 1685 quas
476 1638 658 1674 membra
691 1651 763 1675 sua
794 1637 941 1676 virtute
974 1638 1206 1676 incederent
1238 1648 1273 1676 et
1296 1641 1413 1677 nichil
1434 1654 1556 1678 come-

241 1695 354 1731 derat
385 1695 526 1742 ociosa,
560 1695 653 1743 quia
686 1708 845 1745 semper
877 1696 949 1733 fuit
981 1697 1022 1734 in
1052 1697 1200 1735 viando
1225 1700 1275 1735 ad
1298 1698 1486 1747 patriam,
1522 1709 1558 1736 et

183 1755 223 1787 25
240 1765 310 1801 per
343 1765 607 1802 consequenS‚
641 1763 850 1804 tamquam
886 1765 992 1793 recte
1024 1755 1219 1793 itinerans
1253 1756 1434 1805 expedite
1466 1771 1558 1807 pro-

240 1810 426 1859 grediens
461 1810 687 1848 misterium
724 1815 946 1850 secundum
980 1815 1117 1862 sponsi
1151 1815 1449 1863 beneplacitum
1489 1817 1558 1853 ad-

240 1868 441 1917 implevitf,
483 1878 519 1906 et
563 1870 639 1906 hoc
673 1871 778 1908 tollit
811 1871 958 1918 ocium,
994 1872 1087 1921 quia
1120 1872 1176 1910 sic
1210 1873 1444 1911 itinerantes
1484 1887 1558 1911 nec

240 1936 348 1963 stant
380 1926 420 1963 in
451 1927 514 1964 via
547 1940 620 1964 nec
665 1929 877 1978 obliquant
922 1932 1095 1967 errando
1139 1943 1213 1968 nec
1258 1931 1386 1969 eciam
1432 1942 1558 1969 retro-

241 1986 400 2022 cedunt.
447 1988 489 2022 In
533 1985 618 2022 istis
663 1996 798 2024 autem
842 1988 1019 2025 sedecim
1064 1998 1143 2026 stat
1188 1989 1367 2026 officium
1415 1990 1557 2028 matris

184 2046 226 2078 30
240 2052 389 2080 nostre.

300 2101 584 2138 Preconizatur
629 2111 762 2140 autem
810 2106 882 2141 hec
928 2105 1092 2142 domina
1139 2118 1182 2142 ex
1216 2106 1292 2143 hoc
1337 2107 1445 2155 quod
1478 2107 1561 2157 filii

240 2160 320 2196 eius
351 2169 615 2197 surrexerunt
649 2162 697 2198 de
731 2161 891 2199 miseria
925 2162 998 2209 vie,
1034 2165 1082 2200 de
1115 2164 1253 2212 lymbo
1288 2163 1404 2200 inferi
1437 2173 1474 2201 et
1508 2166 1556 2201 de

240 2218 491 2267 purgatorio,
532 2228 568 2255 et
607 2232 746 2256 omnes
786 2221 919 2258 testati
965 2231 1057 2258 sunt
1101 2223 1263 2259 laudem
1310 2222 1476 2259 ecclesie
1521 2232 1558 2259 et

241 2275 412 2324 gloriam
447 2289 568 2325 quam
603 2287 661 2314 est
694 2278 734 2314 in
767 2279 898 2327 patria
933 2279 1133 2317 habitura.
1183 2282 1260 2318 Sed
1301 2290 1339 2317 et
1384 2281 1445 2317 vir
1476 2281 1558 2318 eius

184 2335 224 2369 35
241 2335 350 2371 Deus
383 2343 417 2371 et
449 2336 562 2371 homo
596 2337 772 2373 laudavit
805 2349 888 2373 eam
923 2339 1045 2375 verbo
1080 2348 1117 2375 et
1150 2351 1288 2387 opere.

299 2395 348 2429 Et
381 2393 474 2441 quia
521 2393 729 2431 beatitudo
776 2404 833 2431 est
877 2408 1063 2432 verorum
1110 2398 1309 2434 bonorum
1356 2396 1557 2446 possessio

242 2460 536 2497 consummata,
570 2452 756 2489 subditur
788 2455 897 2502 quod
930 2455 1049 2491 multe
1067 2455 1156 2505 filie
1188 2468 1387 2504 synagoge
1419 2464 1557 2492 satane

240 2509 301 2545 vel
334 2509 450 2546 huius
483 2510 607 2547 seculi
641 2521 987 2562 congregaverunt
1020 2513 1201 2559 divicias5
1249 2515 1318 2551 sed
1365 2512 1461 2562 quia
1491 2513 1557 2550 ille

309 2630 333 2659 3.
356 2631 424 2659 DE:
446 2639 516 2667 quo.
591 2640 619 2667 9.
641 2632 710 2661 DE:
733 2634 900 2670 mandavit.
981 2635 1023 2662 16.
1044 2634 1085 2662 E:
1106 2635 1299 2663 describitur.
1374 2643 1416 2667 10.
1439 2636 1481 2665 G:
1503 2636 1557 2663 ho—

239 2667 334 2693 mines
353 2667 532 2694 eructando.
615 2666 657 2701 23,
678 2675 724 2701 24.
747 2669 790 2696 υτ
817 2669 1030 2703 comedet-enm
1058 2669 1099 2696 E:
1127 2669 1306 2698 comederet.
1388 2667 1432 2699 32.
1453 2670 1492 2698 E:
1521 2671 1558 2698 de

238 2702 362 2729 misera.
435 2701 479 2737 37.
501 2703 544 2729 A:
566 2702 774 2739 subiungitur.

311 2785 340 2820 5.
374 2786 475 2818 Prov.
501 2786 618 2827 XXXI,
647 2787 700 2820 25.
837 2798 886 2822 10.
919 2788 1022 2821 Rom.
1047 2789 1132 2829 XIII,
1158 2799 1206 2822 12.
1345 2800 1394 2821 11.
1427 2789 1479 2823 Cf.
1506 2790 1557 2824 De

239 2831 404 2871 Ecclesia,
437 2843 514 2874 pag.
539 2831 618 2876 487.
778 2833 827 2867 16.
859 2834 962 2868 Prov.
990 2835 1106 2875 XXXI,
1136 2834 1188 2869 26.
1350 2846 1402 2867 22.
1430 2836 1473 2868 ib.
1504 2846 1555 2877 27.

241 2878 294 2911 31.
321 2878 365 2911 ib.
394 2878 446 2912 28.
544 2880 596 2920 34.
625 2879 668 2911 ib.
767 2881 819 2923 37,
848 2881 900 2914 38.
927 2881 973 2914 ib.
1004 2891 1055 2925 29.

1774 248 1845 286 153

1646 372 1779 400 Furthcr

1600 407 1773 442 exposition
1795 407 1825 435 in

1611 442 1700 470 detail
1722 443 1756 470 os
1773 443 1822 470 the

1654 477 1772 512 epistlc.
