2062 3276
184 267 261 303 312

279 505 360 532 Fini]

182 539 447 568 commandment.

183 737 314 766 Cllrist's
339 736 448 764 refusa]

223 777 253 799 to
275 773 344 810 slay.
359 771 415 798 His

247 814 391 834 enemlcS.

237 2125 362 2152 Murder
382 2125 406 2151 is

209 2160 388 2186 committed
411 2159 440 2186 in

213 2194 309 2225 mind,
331 2194 432 2229 word,

239 2229 297 2255 and
320 2228 406 2256 deed.

214 2264 245 2290 In
269 2264 365 2295 mind,
388 2264 425 2298 by

226 2299 420 2333 conspiracy,

229 2333 334 2360 hatrcd
357 2333 415 2360 and

272 2375 374 2403 anger.

743 272 966 303 ,IOHANNIS
984 270 1168 301 WYCLIF
1188 268 1442 301 SERMONUM
1461 255 1611 312 [SERMO
1628 264 1778 292 XXXVII-

470 381 501 416 si
533 380 716 415 sentimus
748 379 783 414 in
807 379 912 413 nobis
944 378 1044 426 quod
1071 377 1250 411 Christus
1281 375 1397 410 sensit
1428 375 1464 409 in
1496 386 1536 410 se
1567 375 1648 423 ipso
1672 374 1778 421 quod

472 437 640 474 facimus
675 437 871 473 servando
906 436 1108 471 mandata.

530 496 644 531 Unde
698 493 862 530 dixerim
918 492 1036 529 hodie
1095 490 1333 528 fraternitati
1393 499 1521 526 vestre
1574 490 1780 537 quomodo

471 554 691 589 secundum
747 553 982 588 mandatum
1035 550 1209 586 secunde
1254 548 1388 585 tabule
1432 547 1481 583 sit
1526 548 1779 592 servandum,

471 610 640 648 scilicet:
666 611 752 646 Non
776 610 935 646 occides.
962 611 1001 644 In
1022 621 1100 656 quo
1120 607 1251 655 primo
1274 607 1496 642 notandum
1519 606 1626 653 quod
1650 605 1779 640 solum
1797 607 1813 639 5

471 669 617 705 iniusta
652 668 801 705 occisio
837 676 894 703 est
929 665 1143 713 prohibita,
1179 678 1266 701 cum
1294 667 1398 701 Deus
1432 662 1580 700 occidit
1615 671 1651 698 et
1675 661 1781 698 ordi-

473 736 540 763 nat
563 727 668 774 leges
692 726 910 762 secundum
945 736 1044 772 quas
1068 725 1201 759 hostes
1224 722 1283 758 sui
1307 721 1561 758 occiduntur.
1597 720 1780 756 Christus

471 794 603 821 autem
654 784 872 820 secundum
923 781 1214 818 humanitatem
1267 780 1392 816 voluit
1439 778 1568 815 occidi
1619 787 1655 815 et
1702 791 1782 814 non

472 843 657 879 occidere
691 841 792 878 sicut
827 841 1056 877 sacerdotes
1089 851 1181 875 suos
1214 837 1338 874 voluit
1372 850 1455 874 esse
1493 836 1693 873 immunes
1734 838 1783 872 ab

472 900 547 936 isto
571 899 719 936 officio.
744 902 786 935 In
805 898 916 935 cuius
934 897 1090 945 signum
1111 896 1290 944 precepit
1308 897 1425 932 Petro
1443 907 1590 944 ponere
1605 894 1782 944 gladium

472 959 508 994 in
533 958 714 1008 vaginam
737 958 826 993 Joh.
850 957 1007 1005 XV1110,
1038 969 1046 991 1
1067 969 1096 1001 1,
1131 956 1197 991 sed
1222 967 1310 991 cum
1337 953 1468 1001 potuit
1486 965 1561 1002 per
1584 952 1783 988 duodecim

472 1016 643 1066 legiones
680 1016 927 1065 angelorum,
966 1026 1101 1061 ymmo
1141 1025 1219 1048 uno
1257 1013 1379 1048 verbo
1417 1010 1497 1047 oris
1537 1010 1611 1056 sui,
1653 1010 1783 1046 facere

472 1086 611 1110 omnes
642 1074 774 1109 hostes
807 1085 898 1109 suos
922 1080 1141 1108 retrorsum
1168 1071 1324 1114 cadere,
1358 1068 1584 1105 voluntarie
1617 1067 1784 1104 accessit

473 1133 522 1168 ad
555 1132 688 1168 Iocum
723 1140 760 1167 et
783 1129 984 1167 ordinavit
1017 1128 1090 1165 sibi
1115 1128 1238 1176 gratis
1271 1127 1498 1175 passionem
1535 1136 1571 1163 et
1595 1135 1782 1162 mortem.

473 1192 521 1226 Et
554 1194 609 1234 (ut
643 1189 739 1225 dicit
774 1191 927 1234 Petrus,
964 1190 989 1223 1.
1018 1186 1122 1223 Petri
1148 1189 1215 1233 110,
1251 1186 1317 1231 23)
1351 1198 1435 1221 cnm
1463 1192 1680 1234 pateretur,
1713 1196 1784 1220 non

473 1247 792 1292 comminabatur,
836 1259 909 1282 nec
964 1257 1141 1293 unquam
1186 1256 1280 1280 usus
1323 1243 1396 1279 fuit
1440 1242 1671 1279 humanitus
1715 1255 1786 1278 sua

472 1305 659 1354 potencia
703 1304 883 1341 coactiva
925 1304 986 1340 vel
1031 1301 1232 1350 corporali
1277 1303 1326 1337 ad
1368 1300 1669 1346 vindicandum,
1715 1301 1781 1336 sed

474 1363 610 1400 docuit
642 1375 715 1399 nos
748 1372 829 1399 tam
859 1363 980 1398 verbo
1014 1373 1132 1409 quam
1168 1372 1290 1408 opere
1322 1359 1479 1395 vincere
1512 1357 1729 1406 paciend03
1764 1370 1785 1394 a

473 1434 551 1470 qua
590 1420 767 1458 leccione
815 1421 987 1456 mundus
1032 1418 1220 1455 continue
1267 1416 1392 1465 magis
1439 1416 1647 1461 exorbitat,
1694 1428 1783 1452 cum

474 1481 595 1516 modo
634 1478 816 1529 exsurgit
858 1490 955 1529 gens
993 1484 1127 1513 contra
1166 1483 1341 1526 gentem,
1388 1487 1551 1525 regnum
1597 1475 1786 1509 adversus

475 1550 653 1587 regnum,
698 1549 825 1572 immo
870 1543 1143 1572 communitas
1189 1542 1327 1570 contra
1368 1540 1700 1569 communitatem
1749 1540 1785 1568 et

475 1607 643 1643 persona
678 1603 819 1631 contra
852 1606 1082 1641 personam,
1116 1605 1195 1628 non
1228 1591 1268 1627 in
1302 1603 1421 1627 causa
1446 1590 1517 1626 Dei
1550 1590 1610 1626 vel
1645 1588 1785 1626 salutis

475 1652 607 1689 anime
640 1654 709 1688 sed
743 1651 933 1700 precipue
967 1659 1132 1699 propter
1165 1659 1368 1686 terrenum
1404 1647 1629 1684 dominium
1665 1656 1785 1695 atque

474 1720 672 1759 questum.
720 1712 774 1746 Ex
813 1710 889 1746 isto
929 1717 1096 1757 peccato
1137 1709 1258 1744 credo
1292 1707 1434 1743 fratres
1467 1718 1507 1742 se
1541 1705 1783 1753 extinguere,

474 1769 576 1805 sicut
610 1770 732 1816 Caym
774 1767 935 1803 extinxit
975 1767 1087 1811 Abel,
1132 1767 1228 1802 Gen.
1270 1766 1354 1807 IVO,
1400 1764 1456 1800 sic
1496 1764 1603 1812 quod
1643 1764 1781 1800 eodem

472 1835 638 1874 peccato
662 1825 869 1862 homicidii
893 1838 971 1873 quo
995 1824 1157 1860 iniciata
1186 1832 1242 1859 est
1266 1821 1529 1858 fraternitatis
1558 1820 1784 1857 destruccio

473 1885 512 1920 in
547 1884 623 1920 fine
656 1883 777 1920 seculi
812 1891 1127 1923 consummetur,
1163 1882 1269 1929 quod
1295 1880 1325 1916 si
1355 1893 1426 1916 vox
1459 1878 1663 1927 sanguinis
1685 1879 1785 1914 Abel

473 1941 666 1990 simplicis
701 1954 869 1989 persone
905 1942 1053 1977 clamat
1075 1939 1292 1976 vindictam
1317 1940 1367 1975 ad
1391 1937 1623 1983 Dominum,
1658 1937 1785 1973 multo

476 1999 600 2047 magis
645 1999 907 2036 homicidium
955 2008 1035 2034 tam
1077 1997 1234 2046 spissim
1276 1996 1500 2045 dispersum
1546 2008 1617 2043 per
1655 2004 1782 2031 totum

475 2059 682 2094 mundum.

531 2118 612 2152 Nec
645 2127 857 2163 possumus
896 2127 969 2150 nos
1003 2125 1189 2149 excusare
1222 2115 1269 2149 ab
1304 2111 1537 2157 homidicio,
1577 2110 1668 2147 licet
1706 2123 1785 2146 non

473 2174 578 2209 ferro
601 2172 861 2221 percutimus,
886 2171 977 2220 quia
994 2171 1203 2219 tripliciter
1218 2169 1484 2206 committitur
1507 2168 1783 2214 homicidium,

474 2231 626 2267 scilicet
661 2239 805 2276 mente,
838 2231 957 2266 verbo
982 2238 1018 2265 et
1041 2241 1175 2277 opere.
1209 2230 1354 2269 Mente,
1390 2226 1673 2265 machinando,
1708 2225 1784 2262 ira-

475 2290 622 2325 scendo
656 2298 692 2324 et
725 2287 910 2325 odiendo.
945 2287 1214 2323 Machinando
1248 2286 1452 2334 quomodo
1479 2283 1682 2333 proximus
1716 2296 1785 2331 per

476 2360 547 2383 nos
580 2347 639 2383 vel
673 2346 772 2382 alios
806 2345 1026 2389 occidatur,
1073 2346 1180 2392 quod
1220 2352 1277 2380 est
1315 2343 1427 2391 peius
1474 2355 1593 2391 quam
1635 2342 1816 2378 occisio?

476 2404 712 2452 corporalis,
748 2403 842 2452 quia
875 2403 941 2440 illa
966 2412 1022 2439 est
1046 2411 1186 2438 neutra
1219 2403 1353 2450 quoad
1379 2400 1594 2443 maliciam,
1628 2399 1703 2436 nisi
1737 2401 1784 2436 de

475 2471 627 2511 quanto
661 2461 843 2510 procedit
882 2474 904 2498 a
939 2462 1045 2498 malo
1086 2460 1234 2497 animo.
1282 2462 1338 2495 De
1377 2459 1435 2495 ira
1474 2458 1569 2494 dicit
1603 2458 1785 2494 Christus

474 2520 640 2557 Matthei
675 2522 742 2566 VO,
781 2530 825 2555 21
867 2521 972 2568 quod
1007 2519 1149 2555 dictum
1184 2525 1239 2554 est
1271 2517 1455 2566 antiquis:
1497 2517 1583 2552 Non
1617 2516 1787 2561 occides,-

542 2666 566 2692 5.
589 2664 630 2691 G:
653 2668 697 2691 ex!
717 2664 894 2691 notandum.
968 2665 995 2689 (ἲ.
1017 2663 1121 2690 Ami:
1143 2666 1187 2690 cs!
1207 2663 1307 2691 deest:
1329 2662 1368 2689 ib.
1390 2662 1414 2688 I)
1435 2661 1464 2688 in
1488 2670 1573 2696 marev
1595 2671 1600 2688 τ
1624 2661 1783 2688 Occidere.

474 2709 498 2735 7.
516 2701 541 2727 Α
555 2710 559 2726 :
574 2699 736 2726 secundum
751 2707 851 2734 quam.
908 2698 944 2726 15.
961 2698 985 2725 Η
999 2709 1003 2725 :
1019 2698 1104 2725 I'etri
1116 2704 1165 2733 29.
1224 2697 1263 2724 ιιῐ.
1282 2697 1323 2724 ti:
1347 2705 1480 2732 usquam.
1538 2704 1578 2731 ιτ).
1594 2696 1666 2723 DG:
1682 2696 1785 2730 magis

473 2735 567 2761 deest.
642 2742 687 2768 24.
710 2734 753 2760 A:
777 2736 895 2767 patrm.
967 2733 1008 2760 25.
1031 2733 1075 2760 G:
1097 2732 1256 2759 centini-it.
1330 2739 1376 2765 20.
1398 2731 1441 2758 H:
1469 2734 1528 2758 lam
1549 2731 1649 2762 deest;
1678 2731 1716 2757 ib.
1739 2731 1783 2758 H:

473 2769 613 2809 sparsim.
704 2767 744 2803 31,
770 2768 814 2796 32.
841 2767 917 2795 AH:
947 2768 1031 2795 nullo
1051 2766 1157 2803 ferro.
1254 2764 1296 2793 31³.
1324 2765 1348 2792 Ι)
1375 2767 1405 2793 in
1434 2774 1549 2800 marg.:
1578 2765 1782 2793 homicidium.

474 2803 514 2831 δῖ’.
537 2803 580 2830 H:
603 2803 649 2830 vel
665 2811 729 2837 per.

547 2887 575 2919 5.
600 2886 709 2917 Exodi
736 2886 807 2926 XX,
831 2886 881 2918 13.
959 2896 1008 2917 11.
1034 2884 1154 2916 Manli.
1173 2884 1291 2924 XXVI,
1313 2884 1366 2916 53.
1439 2893 1492 2914 20.
1518 2883 1621 2914 Marci
1650 2882 1732 2921 XIII,
1750 2880 1782 2913 8.

1803 907 1842 927 10

1804 1185 1841 1217 15

1802 1485 1844 1507 20
