2062 3276
273 250 408 278 SERMO
430 239 539 298 x1.11.]
753 254 945 294 QUARTA
971 255 1097 287 PARS.

273 367 310 396 et
342 372 422 395 non
456 371 552 399 rem,
600 362 818 396 secundum
853 360 893 396 in
927 361 1002 397 hoc
1035 371 1287 398 sacramento
1334 371 1391 398 est
1437 376 1582 411 corpus

273 417 536 460 dominicum,
571 420 678 466 quod
711 418 830 454 simul
863 427 921 454 est
954 428 1253 455 sacramentum
1289 429 1325 456 et
1357 432 1418 456 res
1451 433 1583 457 sacra-

273 475 410 519 menti,
457 484 494 512 et
528 476 695 512 tercium
731 476 769 512 in
803 477 878 512 hoc
911 485 1164 513 sacramento
1198 486 1254 513 est
1287 477 1422 525 gracia
1462 491 1582 526 quam

273 535 378 569 Deus
412 535 478 570 dat
511 533 584 569 rite
617 533 791 581 capienti
825 534 899 570 hoc
930 534 1157 570 venerabile
1190 544 1503 580 sacramentum,
1547 545 1583 572 et

240 590 370 627 §illud
416 601 473 628 est
505 603 565 627 res
611 591 854 628 sacramenti
893 600 930 627 et
961 605 1041 628 non
1086 602 1403 636 sacramentum:
1451 603 1486 630 et
1528 594 1583 630 sic

272 658 330 685 est
372 649 643 686 necessarium
691 661 932 697 cognoscere
978 660 1276 686 sacramentum
1310 660 1347 687 et
1381 664 1461 688 non
1499 664 1582 688 rem

270 716 313 743 ut
346 707 520 743 hostiam
562 716 852 753 consecratam,
899 716 1196 745 sacramentum
1234 718 1271 744 et
1304 721 1387 745 rem
1421 718 1464 746 ut
1499 722 1584 746 cor-

271 778 344 813 pus
373 765 635 810 dominicum,
670 774 707 801 et
730 777 812 801 rem
840 774 876 801 et
898 778 980 802 non
1004 775 1299 802 sacramentum
1324 776 1367 804 ut
1391 767 1583 816 graciam.

271 825 328 858 De
361 822 493 870 primo
527 832 781 860 sacramento
817 823 912 860 dicit
947 824 1180 872 sequencia:

217 894 255 914 10
604 882 749 918 Fracto
783 882 935 917 demum
968 890 1213 918 sacramento

663 940 722 975 Ne
756 940 924 983 vacilles,
957 941 1026 976 sed
1057 948 1245 977 memento

613 998 775 1033 Tantum
809 1009 890 1034 esse
921 998 989 1034 sub
1011 999 1248 1049 fragmento

669 1055 865 1105 Quantum
899 1063 977 1092 toto
1010 1057 1167 1106 tegitur.

328 1115 429 1150 Ecce
462 1114 570 1161 quod
610 1126 754 1161 corpus
795 1113 942 1150 Christi
980 1115 1127 1162 tegitur
1165 1116 1237 1150 sub
1277 1114 1455 1163 qualibet
1495 1128 1584 1163 par-

216 1173 253 1206 15
269 1171 390 1208 ticula
429 1171 547 1219 primi
588 1171 783 1208 sensibilis
816 1173 1071 1209 sacramenti.
1118 1174 1273 1221 Corpus
1307 1185 1400 1221 ergo
1435 1174 1582 1210 Christi

269 1243 349 1266 non
395 1230 621 1266 maculatur
657 1229 819 1266 feditate
864 1231 1064 1278 corporali
1107 1243 1180 1267 nec
1224 1231 1436 1279 spirituali,
1483 1232 1585 1268 sicut

267 1300 340 1324 nec
373 1287 466 1323 solis
491 1287 625 1324 radius
657 1289 725 1324 sed
749 1288 980 1337 quicunque
1003 1288 1164 1336 indigne
1197 1288 1328 1337 ipsum
1369 1290 1584 1338 sumpserit

267 1345 478 1383 occasione
516 1345 835 1394 presumpcionis
869 1356 906 1383 et
938 1346 1199 1383 irreverencie
1238 1348 1476 1386 maculatur.
1521 1348 1585 1385 Sic

269 1404 373 1440 enim
414 1404 644 1440 febricitans
684 1417 728 1441 ex
766 1405 1047 1453 assumpcione
1080 1405 1159 1441 vini
1192 1406 1254 1442 vel
1287 1406 1449 1442 alterius
1482 1407 1586 1443 salu-

211 1475 254 1497 20
267 1462 430 1499 berrimi
463 1462 700 1499 nutrimenti
735 1463 1013 1510 deterioratur,
1047 1463 1103 1499 sic
1137 1472 1174 1499 et
1203 1464 1399 1512 recipiens
1433 1466 1582 1501 bonum

269 1520 420 1557 domini
463 1520 503 1556 in
542 1522 707 1557 domum
747 1533 859 1557 suam
906 1523 955 1558 ad
995 1523 1227 1569 despectum
1268 1522 1420 1558 domini
1461 1523 1503 1559 fit
1542 1536 1586 1559 ex

269 1578 504 1627 recepcione
544 1579 729 1616 deterior.
776 1581 996 1628 Despectus
1035 1589 1169 1616 autem
1210 1589 1311 1616 esset
1344 1593 1513 1629 magnus
1546 1580 1585 1617 in

268 1650 470 1673 summum
524 1637 734 1673 dominum
787 1638 998 1674 defendere
1051 1647 1257 1674 auctorem
1302 1639 1456 1687 peccati
1503 1638 1585 1676 dia-

269 1696 403 1732 bolum
454 1695 494 1731 in
546 1696 725 1732 thalamo
769 1696 869 1732 tanti
914 1695 1067 1733 domini
1119 1696 1193 1732 sibi
1249 1697 1438 1733 contrarii
1486 1697 1584 1733 inibi

212 1755 252 1788 25
268 1753 471 1802 hospitati.
512 1753 621 1790 Licet
659 1753 782 1802 igitur
814 1767 875 1790 res
915 1754 963 1790 sit
1004 1756 1108 1790 bona
1141 1763 1179 1791 et
1216 1763 1352 1791 tamen
1391 1755 1585 1792 habitudo

268 1812 387 1848 unius
432 1813 482 1849 ad
526 1812 644 1849 aliam
681 1821 739 1848 est
783 1813 901 1858 mala,
948 1821 991 1848 ut
1036 1813 1181 1849 collum
1228 1812 1319 1849 iusti
1360 1822 1397 1849 et
1430 1813 1584 1861 gladius

269 1879 408 1907 acutus
441 1880 532 1906 sunt
565 1871 685 1907 ambo
718 1871 824 1907 bona
858 1880 894 1907 et
925 1879 1060 1907 tamen
1094 1870 1345 1918 decapitacio
1379 1880 1436 1908 est
1466 1872 1583 1915 mala,

269 1928 325 1965 sic
363 1937 507 1965 natura
544 1928 738 1965 sumentis
777 1928 1035 1965 eukaristiam
1076 1937 1113 1964 et
1145 1937 1289 1965 natura
1323 1929 1585 1966 humanitatis

270 1986 417 2024 Christi
446 1995 537 2023 sunt
566 1988 682 2023 ambe
714 1988 817 2023 bone
847 1988 914 2023 sed
937 1986 1101 2034 indigna
1124 1987 1307 2034 sumpcio
1331 1996 1387 2023 est
1410 1987 1584 2024 sumenti

213 2047 255 2079 30
270 2045 388 2083 mala,
422 2054 465 2081 ut
498 2044 594 2081 dicit
624 2045 840 2093 Apostolus
873 2047 899 2081 1.
934 2046 1024 2081 Cor.
1048 2046 1134 2091 XIs',
1160 2055 1231 2092 29:
1271 2045 1350 2095 Qti
1379 2046 1586 2082 manducat

270 2110 305 2138 et
350 2103 440 2138 bibit
487 2103 646 2153 indigne
688 2103 870 2139 iudicium
913 2103 985 2139 sibi
1026 2104 1234 2139 inanducat
1278 2111 1313 2139 et
1356 2104 1459 2150 bibit,
1512 2116 1584 2140 non

271 2160 485 2197 diiudicatis
516 2174 658 2210 corpus
688 2162 859 2197 Domini.

329 2220 483 2264 Quarta
525 2219 617 2255 solis
661 2220 885 2268 proprietas
934 2228 992 2256 est
1031 2220 1139 2268 quod
1185 2219 1406 2256 emittendo
1451 2220 1584 2256 radios

270 2289 340 2325 per
362 2277 543 2314 foramen
576 2277 700 2314 eciam
736 2279 927 2326 angulare
951 2278 1091 2314 dilatat
1115 2278 1186 2313 hos
1214 2277 1348 2314 radios
1377 2286 1414 2314 et
1437 2278 1585 2314 faCIens

215 2338 255 2371 35
272 2347 337 2371 eos
371 2335 571 2372 declinare
595 2337 643 2372 ab
667 2336 936 2384 angularitate
961 2346 998 2373 et
1020 2337 1183 2372 tendere
1206 2337 1255 2372 ad
1280 2336 1583 2381 rotunditatem,

271 2393 373 2429 sicut
405 2402 513 2442 patet
545 2395 595 2430 ad
627 2395 803 2433 oculum.

341 2524 362 2544 1.
383 2517 411 2543 Α
431 2516 460 2544 in
483 2524 596 2551 marg.:
618 2524 646 2544 2.
720 2515 744 2544 3.
768 2518 796 2544 A
816 2517 846 2544 in
868 2525 982 2551 marg:
1003 2526 1035 2552 3.
1110 2527 1138 2550 4.
1161 2518 1265 2545 DGH:
1286 2518 1341 2546 dat
1360 2519 1461 2550 deest:
1482 2518 1522 2545 ib.
1541 2517 1584 2545 G:

272 2550 332 2578 rile
351 2551 490 2578 sumenti·
587 2551 611 2579 5.
633 2551 740 2579 DGH:
765 2556 991 2580 sacramenlum
1012 2553 1154 2588 infundit
1171 2553 1202 2580 in
1223 2553 1301 2580 idem
1314 2563 1323 2582 .·
1347 2557 1375 2580 el
1395 2552 1472 2580 illud
1490 2553 1585 2581 deest.

273 2585 300 2613 S.
321 2587 365 2613 A:
395 2594 457 2613 rem
475 2587 531 2613 sed
549 2594 620 2614 non.
745 2594 773 2622 9.
801 2587 906 2614 DGH:
933 2588 1049 2615 dicitur
1075 2588 1116 2614 in.
1244 2597 1284 2621 ¹4-
1312 2588 1356 2615 H:
1384 2588 1466 2623 quod
1491 2588 1584 2615 deest.

273 2629 312 2655 17.
330 2620 372 2647 G:
394 2621 491 2655 ipsum
507 2621 601 2648 deest.
669 2628 714 2649 20.
731 2621 804 2649 DG:
827 2625 855 2649 et
869 2622 963 2650 deest.
1038 2630 1076 2649 21.
1092 2622 1136 2649 H:
1159 2622 1278 2650 ct'omini
1290 2623 1391 2650 deest:
1413 2623 1453 2650 ib.
1470 2622 1513 2650 H:
1534 2624 1584 2650 sit.

272 2662 315 2682 22.
338 2655 381 2682 H:
409 2659 510 2683 autem
530 2659 583 2683 est.
674 2655 716 2683 23.
738 2656 782 2684 H:
812 2657 952 2692 recipere
971 2660 1140 2684 auctorem.
1225 2657 1266 2685 25.
1288 2657 1331 2685 H:
1358 2665 1453 2689 ewa,-
1478 2658 1518 2685 ib.
1540 2659 1584 2685 A:

273 2693 302 2717 et
322 2690 418 2717 deest.
532 2690 646 2725 25-27.
668 2691 713 2718 H:
741 2691 890 2719 habitudo
911 2708 943 2712 —-
963 2696 1062 2719 lamen
1085 2692 1179 2719 deest.
1296 2700 1340 2727 27.
1363 2692 1437 2719 bG:
1463 2692 1584 2720 honum.

272 2732 320 2759 29.
342 2725 387 2752 H:
415 2725 487 2760 quia
508 2725 651 2761 indigna.
725 2733 772 2761 29.
795 2727 838 2754 H:
865 2727 1046 2762 assumpcio.
1129 2726 1171 2754 33.
1193 2727 1221 2754 A
1241 2726 1270 2754 in
1293 2735 1409 2760 marg:
1436 2727 1483 2757 J),·
1509 2728 1533 2754 l)
1555 2728 1584 2754 in

274 2767 388 2786 marm:
416 2767 448 2791 4.
521 2759 567 2793 34.
590 2761 632 2788 D:
662 2764 693 2788 et
709 2762 889 2797 angulat·e;
915 2763 954 2789 ib.
979 2762 1017 2789 b:
1049 2761 1162 2788 diluat.
1243 2760 1283 2789 ¹35.
1307 2762 1412 2789 DGH:
1440 2762 1587 2795 tendunl,·

273 2794 314 2821 ib.
336 2780 378 2821 ὗε
406 2795 638 2823 iocunditatem.

350 2889 398 2912 ιο.
426 2879 545 2910 Daniel
572 2880 593 2910 l.
621 2890 648 2910 c.
675 2890 752 2921 pag.
778 2880 832 2922 98.

1795 249 1869 285 353

1684 379 1704 398 1.
1725 370 1793 398 The

1607 411 1783 433 sacrament
1804 407 1864 440 (the

1691 441 1783 475 host).

1679 483 1704 502 2.
1726 475 1793 503 The

1610 516 1784 538 sacrament
1803 511 1862 538 and

1608 546 1678 572 ‘res'
1701 546 1761 577 (the
1783 546 1864 582 body

1645 580 1679 607 of
1696 579 1824 608 Christ).

1633 612 1659 642 3.
1682 615 1760 642 ‘Res’
1782 616 1843 649 ‹Nthe

1624 656 1713 684 grace
1733 650 1844 683 given».

1648 1113 1676 1140 11·
1694 1113 1827 1141 Christ's

1601 1148 1681 1183 bod}v
1700 1148 1804 1175 harms
1823 1148 1873 1176 the

1646 1183 1740 1212 taker.
1762 1183 1783 1210 it
1803 1183 1829 1210 is

1611 1217 1741 1244 because
1762 1218 1797 1245 of
1814 1218 1860 1245 his

1625 1253 1856 1280 unwortbiness

1600 1288 1657 1314 and
1684 1292 1874 1322 consequent

1623 1327 1849 1357 presumptioni.

1655 2226 1822 2254 Wllatever

1613 2261 1728 2296 shaped
1752 2262 1821 2289 hole
1840 2262 1863 2289 it

1600 2304 1705 2323 comes
1726 2297 1872 2331 through.

1623 2331 1698 2366 light
1717 2333 1807 2358 tends
1827 2337 1857 2358 to

1644 2366 1830 2394 soundness.
