2062 3276
179 271 256 306 310

217 391 321 429 Christ
342 390 414 425 only

195 433 331 460 requires
353 433 387 452 us
409 429 438 451 to

194 461 261 488 take
282 459 338 487 His
359 459 434 494 light

190 495 267 531 yoke
288 502 370 530 upon
392 502 438 521 us.

223 1430 251 1457 If
269 1438 313 1456 wc
334 1429 421 1456 loved

213 1464 317 1492 Christ
339 1472 423 1491 more

190 1500 261 1526 than
283 1499 333 1526 the
355 1499 450 1526 world

232 1542 277 1560 we
298 1534 407 1561 should

211 1569 326 1596 imitate
348 1568 430 1596 l-lim.

187 2307 249 2334 For
269 2308 330 2335 this
352 2316 459 2335 reason

187 2351 202 2368 a
220 2344 342 2376 portion
359 2343 393 2369 οῖ’
406 2342 461 2369 His

189 2377 238 2404 lite
260 2377 285 2404 is
301 2378 371 2404 read
387 2377 460 2404 each

235 2411 293 2447 day
314 2412 343 2438 in
366 2412 415 2439 the

281 2455 373 2474 mass.

736 273 960 305 JOHANNIS
979 271 1163 303 WYCLIF
1183 270 1439 302 SERMONUM
1457 256 1608 314 [SERMO
1623 266 1776 294 XXXVII-

523 379 704 417 Christus
737 388 870 415 autem
905 390 986 414 non
1019 377 1135 425 exigit
1168 389 1190 413 a
1222 375 1336 412 nobis
1359 375 1434 411 nisi
1458 376 1565 423 quod
1597 375 1778 410 tollamus

467 440 600 489 iugum
645 450 754 474 suum
804 448 921 486 supet·
964 447 1031 471 nos
1069 435 1170 483 quod
1209 441 1263 470 est
1305 433 1400 470 satis
1434 434 1526 478 leve,
1574 445 1662 468 cum
1696 444 1778 468 non

466 495 586 544 exigit
609 508 629 532 a
654 494 767 531 nobis
792 492 943 542 aliquid
968 501 1264 540 sumptuosum,
1290 490 1534 528 laboriosum
1559 491 1619 526 vel
1635 491 1779 526 cedens

467 555 517 591 ad
563 566 679 590 suurn
726 552 1000 596 commodum,
1046 551 1113 587 sed
1166 559 1375 598 tamquam
1430 561 1545 585 verus
1591 547 1779 584 dominus

466 613 595 649 solum
630 612 738 660 quod
771 610 854 658 ipse
887 608 1002 645 nobis
1035 607 1202 645 contulit
1235 608 1284 644 ad
1318 606 1391 643 sibi
1425 607 1686 651 reddendum,
1733 606 1780 641 de

467 683 546 719 quo
587 681 707 706 nemo
740 676 873 716 potest
906 666 1098 712 excusari,
1137 678 1227 703 cum
1262 664 1409 701 sufficit
1453 666 1558 701 bona
1597 664 1781 700 voluntas

468 740 543 777 que
578 736 635 764 est
668 725 905 763 facillimum
940 724 980 760 in
1013 732 1211 772 potestate
1244 732 1395 768 nostra,
1438 732 1475 759 et
1508 730 1638 758 totum
1672 722 1780 770 quod

467 785 587 833 exigit
619 797 641 821 a
663 783 778 820 nobis
802 792 859 820 est
882 783 933 819 ad
957 791 1137 818 nostrum
1162 782 1436 825 commodum,
1460 793 1541 817 non
1571 781 1620 816 ad
1643 792 1781 824 suum;

467 843 557 880 ideo
590 841 779 878 nimirum
815 839 911 876 dicit
943 840 1159 888 Apostolus
1193 841 1219 875 Ι.
1244 840 1336 875 Cor.
1362 840 1483 883 XV10‚
1519 848 1590 874 22:
1625 838 1668 873 Si
1700 837 1782 886 quis

468 914 540 937 non
585 899 777 936 amaverit
821 898 1015 934 dominum
1048 897 1183 934 Jesunz
1222 897 1434 943 Christum,
1478 896 1682 932 anathema
1721 895 1781 931 sit.

469 960 545 996 Sed
579 969 718 995 omnes
751 956 923 993 fatemur
956 955 995 991 in
1028 967 1096 991 ore
1128 967 1200 991 nos
1225 953 1428 991 Christum
1464 953 1642 1001 diligere,
1676 954 1782 1001 quod

469 1017 500 1053 si
544 1016 650 1053 facto
701 1027 783 1051 non
832 1013 1060 1062 implemus,
1117 1014 1330 1049 mendaces
1380 1024 1517 1048 sumus
1562 1020 1598 1047 et
1644 1020 1784 1047 contra

471 1074 676 1112 Christum
710 1072 879 1109 vivimus
913 1081 950 1108 et
996 1071 1052 1107 sic
1085 1070 1298 1119 dupliciter
1330 1082 1557 1118 peccamus.
1603 1069 1643 1105 Si
1677 1068 1782 1105 enim

470 1132 672 1170 Christum
727 1130 943 1178 diligimus,
998 1130 1189 1165 debemus
1241 1127 1353 1176 sequi
1406 1140 1496 1164 eum
1550 1128 1690 1163 ducem
1745 1125 1786 1162 in

471 1192 627 1227 deserto
661 1188 842 1225 hostibus
875 1187 1164 1235 circumsepto:
1199 1187 1389 1222 debemus
1422 1187 1471 1222 ad
1496 1185 1627 1233 ipsum
1659 1193 1785 1221 atten-

471 1250 563 1285 dere
596 1257 639 1283 ut
672 1247 828 1294 signum
852 1245 892 1282 in
925 1254 1044 1294 portu
1067 1258 1140 1293 pro
1163 1244 1239 1280 isto
1269 1243 1491 1291 naufragio.
1525 1245 1573 1279 Et
1596 1244 1786 1279 debemus

471 1305 607 1343 omnia
631 1318 701 1342 sua
720 1304 897 1352 diligere,
922 1303 1015 1352 quia
1034 1302 1202 1351 diligens
1226 1301 1434 1338 dominum
1456 1300 1584 1349 diligit
1606 1302 1787 1337 membra

471 1377 556 1409 sua,
589 1376 702 1400 suam
736 1361 944 1407 familiam,
980 1361 1106 1397 eciam
1140 1373 1264 1408 usque
1297 1361 1347 1396 ad
1381 1372 1533 1396 canem.

532 1422 608 1458 Sed
642 1421 853 1469 palpemus
893 1419 1139 1456 intellectum
1174 1427 1356 1454 nostrum
1402 1427 1439 1454 et
1470 1418 1717 1454 voluntatem
1753 1415 1785 1452 si

473 1480 529 1516 sic
562 1479 769 1520 faciamus,
803 1491 895 1515 nam
921 1478 1009 1525 plus
1044 1478 1236 1513 mundum
1271 1475 1489 1524 sequimur,
1524 1474 1613 1511 ideo
1646 1473 1785 1510 incidi-

474 1550 561 1574 mus
594 1537 634 1572 in
680 1538 868 1581 latrones,
916 1536 1003 1583 plus
1047 1536 1096 1571 ad
1132 1533 1326 1570 caribdim
1374 1533 1619 1570 attendimus
1650 1544 1787 1568 versus

473 1608 594 1644 quarn
630 1594 863 1641 navigamus
896 1606 1016 1641 quam
1041 1595 1174 1629 Jesum
1209 1600 1379 1628 stantem
1416 1591 1455 1626 in
1488 1591 1605 1626 litore
1639 1599 1675 1626 et
1700 1590 1787 1637 plus

474 1653 683 1689 innitimur
715 1651 864 1688 familie
897 1650 1046 1687 diaboli
1080 1663 1198 1698 quam
1235 1649 1383 1685 familie
1409 1649 1479 1685 Dei
1511 1647 1657 1692 nostri3
1698 1647 1788 1684 ideo

474 1712 504 1747 si
539 1710 751 1758 diligenter
784 1710 1009 1758 palpamuS,
1042 1721 1123 1744 non
1155 1707 1350 1744 sentimus
1372 1706 1576 1743 Christum
1611 1705 1648 1742 in
1674 1705 1788 1741 nobis

472 1769 616 1813 vivere,
642 1768 736 1817 quia
759 1768 790 1803 si
815 1767 1025 1808 inhabitat,
1051 1775 1184 1802 movet
1207 1765 1395 1802 affectum
1428 1766 1477 1801 ad
1503 1763 1785 1801 declinandum
1828 1765 1842 1797 Σ

473 1827 618 1863 vicium
654 1836 689 1863 et
726 1826 1050 1874 prosequendum
1086 1824 1264 1867 virtutes,
1315 1824 1423 1871 quod
1469 1822 1499 1859 si
1545 1823 1691 1858 demon
1731 1821 1788 1857 in-

475 1885 642 1925 habitat,
679 1893 810 1920 movet
843 1885 891 1919 ad
925 1883 1039 1919 vicia.
1076 1883 1275 1918 Debemus
1309 1881 1443 1929 itaque
1477 1880 1648 1917 excitare
1682 1879 1788 1927 cogi-

474 1943 670 1979 tacionem
707 1951 744 1978 et
776 1941 1052 1985 affeccionem,
1077 1949 1118 1976 ut
1142 1939 1324 1976 Christus
1348 1938 1564 1983 inhabitet3
1599 1939 1648 1974 ad
1682 1938 1789 1985 quod

476 2002 646 2037 multum
681 2000 837 2036 confert
870 1999 971 2047 iugis
1005 1998 1201 2046 cogitacio
1240 1997 1318 2034 vite
1352 1996 1522 2042 Christi3
1570 1995 1636 2044 qui
1682 1994 1787 2031 enim

477 2060 594 2095 habet
634 2058 837 2094 Christum
884 2067 1038 2105 patrem
1086 2057 1308 2092 delectatur
1353 2054 1492 2091 audire
1539 2066 1667 2090 mores
1706 2054 1790 2089 lau-

476 2116 627 2153 dabiles
674 2116 799 2164 patris
833 2115 906 2160 sui,
954 2124 989 2151 et
1024 2114 1251 2162 specialiter
1295 2113 1326 2148 si
1360 2122 1471 2161 gesta
1517 2124 1586 2148 sua
1620 2111 1790 2147 excitant

477 2174 602 2210 filium
644 2175 693 2210 ad
728 2172 1040 2222 patrissandum,
1081 2171 1298 2208 defendunt
1332 2183 1355 2207 a
1394 2171 1501 2207 malo
1542 2179 1578 2206 et
1612 2171 1789 2213 honeste,

477 2233 648 2268 iocunde
683 2241 719 2268 et
753 2243 889 2267 secure
923 2230 1097 2266 inferunt
1130 2242 1248 2265 omne
1281 2230 1444 2265 bonum.

537 2291 649 2326 Unde
683 2291 733 2325 ob
768 2291 843 2325 hoc
876 2288 1087 2324 ordinatur
1120 2287 1159 2322 in
1194 2286 1361 2323 ecclesia
1395 2287 1502 2333 quod
1526 2284 1703 2333 quolibet
1728 2284 1790 2320 die

477 2349 632 2395 legatur
665 2349 713 2383 ad
750 2347 911 2383 missam
948 2346 1082 2394 aliqua
1116 2345 1254 2393 porcio
1287 2344 1364 2380 vite
1398 2343 1559 2380 Christi.
1602 2344 1714 2379 Unde
1748 2346 1822 2377 ex?

478 2418 624 2453 magna
669 2404 959 2452 ingratitudine
1005 2403 1192 2451 culpandi
1245 2411 1335 2438 sunt
1381 2401 1451 2437 filii
1505 2401 1572 2449 qui
1627 2400 1792 2436 mallent

477 2463 617 2499 audire
650 2472 759 2510 gesta
792 2461 927 2507 seculi,
962 2461 1162 2509 tragedias
1196 2469 1231 2497 et
1255 2460 1408 2496 fabulas
1433 2468 1643 2507 poetarum
1669 2470 1790 2506 quam

478 2520 697 2569 quamlibet
730 2520 918 2568 paginam
942 2519 1020 2556 vite
1044 2517 1205 2556 Christi.
1242 2517 1340 2563 Quis
1364 2517 1469 2554 enim
1499 2516 1638 2553 intime
1669 2514 1792 2552 medi-

545 2664 570 2693 3.
593 2666 637 2692 H:
658 2665 847 2692 laboriosum
867 2664 1024 2692 accedens.
1099 2671 1126 2698 9.
1149 2663 1192 2690 H:
1220 2671 1279 2690 non
1301 2663 1429 2694 mimum
1448 2662 1488 2689 ib.
1506 2663 1548 2689 A:
1575 2661 1611 2688 II.
1631 2661 1700 2688 Cor.
1716 2660 1791 2687 XVI.

479 2709 511 2728 Η.
540 2700 584 2728 H:
615 2700 765 2727 Christum
791 2700 885 2726 deest.
1004 2707 1044 2732 14-
1074 2699 1116 2726 D:
1143 2698 1323 2733 diligamus.
1441 2697 1477 2724 15.
1507 2698 1550 2724 A:
1579 2697 1791 2730 circumcepto.

477 2735 517 2762 18.
533 2735 576 2762 H:
598 2738 628 2761 et
641 2742 744 2769 usque.
800 2741 846 2761 20.
862 2742 950 2765 nam:
970 2734 1013 2761 H:
1029 2741 1101 2761 non.
1157 2740 1199 2759 22.
1214 2733 1258 2759 A:
1275 2731 1418 2767 qnoniam
1431 2731 1542 2759 Jesum.
1598 2730 1640 2758 23.
1657 2731 1700 2758 A:
1723 2729 1792 2757 ideo

477 2770 572 2797 deest.
657 2770 698 2797 25.
720 2768 794 2796 DG:
815 2769 974 2796 fnhahitat.
1060 2776 1106 2803 29.
1129 2767 1173 2794 G:
1194 2767 1318 2802 confert
1337 2767 1443 2802 magis.
1528 2765 1574 2798 34.
1596 2765 1638 2792 D:
1658 2765 1701 2791 ad
1717 2764 1793 2797 hoc,-

477 2804 517 2831 ib.
540 2804 564 2831 D
586 2804 615 2831 iu
638 2811 750 2837 marg:
777 2803 810 2830 In
832 2803 966 2837 qualibet
985 2803 1073 2829 missa
1095 2802 1160 2838 legi
1177 2801 1262 2829 debet
1281 2801 1385 2836 aliqua
1402 2800 1512 2836 porcio
1533 2800 1594 2827 vite
1613 2799 1737 2826 Christi.

552 2897 578 2918 x.
604 2886 722 2918 Matth.
749 2887 803 2926 XI,
832 2896 884 2929 29.

1803 909 1840 929 10

1805 1187 1842 1219 15

1807 2057 1848 2088 30
