2062 3276
173 291 247 327 190

165 1038 231 1066 The
253 1045 373 1072 144000
394 1044 444 1064 are

183 1075 234 1101 the
254 1072 368 1100 church
390 1072 424 1099 of

166 1109 218 1136 the
234 1106 443 1144 predestined.

169 1561 447 1596 Correspondence

205 1597 340 1624 between
361 1595 412 1623 the

181 1631 278 1659 tribes
299 1631 358 1658 and
380 1630 430 1657 the

206 1670 291 1701 parts
311 1665 346 1692 of
361 1665 412 1692 the

239 1699 377 1728 Church.

748 285 972 318 JOHANNIS
990 284 1176 317 WYCLIF
1196 283 1452 317 SERMONUM
1493 269 1644 328 [SERMO
1665 279 1760 309 XXII-

452 391 801 438 fructificantibus,
837 393 971 440 quoad
995 403 1120 440 usque
1153 390 1283 439 angeli
1317 389 1411 427 boni
1444 390 1602 438 signent
1625 402 1759 427 servos

453 450 526 487 Dei
566 462 683 487 cruce
716 449 864 487 Christi
898 449 937 485 in
970 450 1170 486 frontibus
1209 448 1452 494 animorum,
1498 449 1573 485 hoc
1611 457 1681 495 est,
1722 448 1761 484 in

454 508 652 557 supremis
704 506 900 556 potenciis
950 507 1189 544 intellectus.
1244 507 1415 552 Quando
1468 506 1573 542 enim
1625 506 1761 542 fideles

454 567 602 603 habent
657 565 895 614 impressam
950 565 1068 602 fidem
1116 564 1264 602 Christi
1316 565 1425 613 quod
1474 563 1762 601 tribulaciones

455 626 597 661 cedent
638 623 692 660 eis
727 636 770 660 ex
810 622 997 672 passione
1034 623 1262 660 voluntaria
1300 624 1350 659 ad
1391 623 1629 671 profectum,
1670 631 1764 658 tunc

456 691 513 720 est
535 691 693 730 tempus
727 683 836 730 quod
869 681 947 717 sint
980 682 1029 717 ab
1062 680 1238 718 inimicis
1272 680 1439 717 ecclesie
1472 679 1683 728 persecuti.
1718 682 1766 716 Et

455 740 512 778 sic
556 740 633 776 isto
677 740 924 788 imperatore
970 738 1183 787 baptizato,
1219 752 1241 775 a
1283 739 1475 775 Silvestro
1521 751 1563 775 ex
1609 739 1767 775 cautela

457 797 618 847 dyaboli
653 807 689 834 et
722 797 989 846 permissione
1021 797 1093 834 Dei
1128 798 1266 833 dotata
1300 806 1357 833 est
1391 796 1581 842 ecclesia3
1616 796 1656 832 in
1689 809 1767 845 qua

457 856 672 893 dotacione
706 856 792 892 licet
824 856 1093 905 multiplicavit
1123 863 1291 905 gentem,
1325 867 1396 891 uon
1429 862 1554 891 tamen
1588 854 1766 905 magnifi-

457 915 557 951 cavit
590 914 775 959 leticiam‚·
805 913 898 950 licet
930 914 1029 949 illud
1063 914 1213 950 malurn
1238 912 1546 950 occasionaliter
1569 925 1611 949 ex
1635 912 1768 949 divina

458 971 595 1021 gracia
629 972 745 1008 cessit
779 972 1020 1020 quibusdam
1054 984 1076 1008 a
1110 972 1260 1008 bonurn
1297 970 1442 1008 meriti.

517 1031 714 1066 Numerus
746 1038 871 1066 autem
904 1030 1149 1080 signatorum
1175 1030 1249 1066 hac
1273 1042 1390 1066 cruce
1414 1028 1613 1077 spirituali
1638 1027 1768 1076 signa-

460 1097 523 1125 tus
557 1097 615 1125 est
649 1101 719 1137 per
752 1096 900 1124 centum
934 1088 1196 1138 quadraginta
1237 1095 1402 1136 quatuor
1440 1087 1561 1122 millia
1588 1086 1768 1136 filiorum

459 1147 595 1183 Israel.
631 1149 731 1183 Nam
768 1148 818 1182 ad
842 1148 955 1183 Rom.
991 1147 1057 1191 110,
1094 1146 1159 1191 28,
1196 1155 1246 1193 29
1283 1145 1379 1182 dicit
1411 1145 1648 1193 Apostolus:
1683 1145 1770 1180 Non

460 1205 558 1241 euim
583 1205 646 1254 qui
673 1205 708 1240 in
742 1205 959 1252 manifesto,
992 1204 1126 1239 iudeus
1148 1211 1222 1240 est:
1255 1216 1371 1254 neque
1393 1215 1462 1252 que
1495 1203 1529 1238 iu
1553 1203 1770 1252 manifesto,

460 1271 515 1300 est
546 1263 723 1299 incarne
745 1262 999 1307 circumcisio,
1032 1262 1099 1297 sed
1130 1262 1193 1310 qui
1221 1262 1256 1297 in
1286 1261 1508 1297 abscondito
1540 1261 1674 1297 iudeus
1697 1267 1772 1305 051,-

461 1328 496 1357 et
528 1320 768 1357 circumcisio
801 1320 930 1357 cordis
963 1320 999 1355 in
1031 1319 1171 1369 spiritu
1204 1332 1275 1355 non
1309 1319 1434 1355 litera.
1469 1321 1518 1355 Et
1551 1318 1607 1355 sic
1640 1326 1771 1367 potest

461 1378 775 1415 christianorum
822 1377 1060 1414 universitas
1099 1377 1139 1413 in
1179 1377 1392 1414 duodecim
1438 1377 1611 1413 tribubus
1648 1377 1774 1413 Israel

462 1436 672 1482 contineri,
714 1437 789 1473 hoc
830 1446 899 1482 est,
946 1435 986 1472 in
1025 1435 1237 1472 duodecim
1278 1434 1408 1472 modis
1448 1434 1773 1480 christianorum,

461 1508 552 1532 cum
574 1494 757 1532 Christus
780 1494 830 1531 sit
851 1494 910 1531 vir
932 1493 1070 1530 videns
1089 1495 1215 1530 Deum
1241 1502 1278 1530 et
1295 1493 1454 1541 dyaboli
1478 1493 1772 1542 supplantator.

519 1555 568 1589 Et
614 1552 876 1589 conformiter
920 1560 1050 1601 potest
1094 1551 1179 1588 fieri
1224 1550 1511 1599 interpretacio
1558 1550 1772 1587 duodecim

461 1610 672 1647 nominum
706 1610 874 1648 istarum
908 1611 1085 1647 tribuum
1121 1611 1171 1646 ad
1196 1609 1436 1658 signandum
1463 1609 1617 1646 mistice
1640 1618 1774 1657 partes

462 1669 676 1706 duodecim
712 1669 876 1706 ecclesie
910 1667 1135 1705 militantis
1169 1670 1217 1704 Et
1240 1667 1280 1703 in
1304 1667 1461 1715 signum
1487 1667 1603 1703 huius
1637 1679 1773 1704 sensus

464 1726 609 1763 mistici
642 1740 723 1763 non
757 1728 894 1764 Ruben
927 1725 1220 1775 primogenitus
1249 1727 1317 1762 sed
1341 1727 1461 1762 Judas
1486 1727 1533 1762 de
1557 1738 1635 1774 quo
1660 1724 1773 1762 Chri-

463 1793 546 1821 stus
571 1786 835 1822 descenderat
868 1784 1119 1833 preponitur.
1152 1784 1298 1820 Tribus
1331 1792 1466 1820 autem
1490 1785 1578 1820 Dan
1610 1785 1673 1829 (de
1696 1795 1774 1832 qua
1815 1786 1826 1818 Σ

463 1842 610 1879 dicitur
633 1843 924 1879 Antichristum
958 1842 1068 1879 nasci
1102 1851 1138 1878 et
1167 1842 1222 1878 sic
1246 1855 1387 1890 parum
1412 1841 1608 1890 proficere
1632 1842 1682 1878 ad
1706 1853 1774 1878 au-

463 1902 635 1949 gendum
665 1914 878 1937 numerum
912 1902 1139 1937 beatorum>
1163 1899 1392 1946 dimittitur,
1418 1908 1454 1936 et
1478 1899 1604 1936 tribus
1626 1899 1774 1947 Joseph

463 1960 553 1996 1000
587 1959 714 1996 tribus
748 1961 835 1996 Dan
869 1958 1078 2007 accipitur,
1118 1958 1220 1994 sicut
1260 1959 1350 1994 loco
1384 1957 1570 1994 Scarioth
1602 1956 1775 1994 Mathias

464 2017 636 2065 eligitur.
661 2019 761 2054 Nam
787 2017 1001 2053 duodecim
1025 2016 1198 2065 apostoli
1222 2029 1294 2064 pro
1318 2025 1500 2064 tempore
1522 2015 1620 2063 legis
1643 2014 1776 2063 gracie

464 2084 556 2112 sunt
590 2075 798 2123 figurative
832 2074 1047 2111 duodecim
1081 2074 1323 2123 patriarche,
1359 2082 1395 2110 et
1424 2073 1479 2110 sic
1505 2073 1776 2110 duodenarius

465 2133 532 2182 qui
577 2142 635 2169 est
679 2146 868 2170 numerus
914 2134 1112 2169 resultans
1154 2145 1197 2169 ex
1236 2133 1392 2168 duobus
1437 2131 1604 2168 senariis
1648 2130 1777 2179 signat

466 2192 665 2239 complete
705 2190 988 2227 duodecimam
1030 2199 1184 2238 partem
1226 2189 1405 2235 ecclesie,
1447 2202 1523 2238 que
1557 2201 1599 2225 ex
1633 2188 1776 2225 merito

465 2248 647 2297 corporis
680 2258 717 2285 et
750 2249 883 2286 anime
917 2257 975 2286 est
1008 2249 1175 2285 salvata.
1210 2250 1258 2284 Et
1290 2260 1483 2284 numerus
1517 2247 1709 2283 collectus
1734 2259 1777 2283 ex

467 2316 625 2344 centum
666 2306 934 2355 quadraginta
967 2315 1141 2355 quatuor
1174 2306 1350 2342 millibus
1383 2305 1450 2354 qui
1484 2318 1528 2342 ex
1561 2304 1776 2341 duodecies

466 2365 679 2402 duodecim
727 2365 902 2402 millibus
948 2374 1005 2401 est
1044 2366 1253 2411 resultans,
1299 2364 1430 2412 signat
1474 2362 1773 2400 universitatem

465 2424 709 2460 salvatorum
753 2436 878 2472 usque
917 2425 967 2459 ad
1008 2423 1105 2459 illud
1144 2431 1302 2471 tempus
1335 2422 1375 2458 in
1414 2422 1498 2469 lege
1537 2420 1682 2469 gracie.
1728 2422 1777 2456 Et

467 2481 671 2529 signanter
703 2490 940 2518 numeratur
973 2481 1028 2517 sic
1062 2481 1134 2517 iste
1165 2493 1356 2517 numerus
1389 2480 1649 2525 salvatorum,
1684 2477 1778 2527 quia

467 2539 613 2576 abhinc
664 2552 790 2588 usque
835 2540 884 2576 ad
930 2538 1254 2575 dominacionem
1301 2537 1537 2574 Antichristi
1587 2548 1778 2573 numerus

467 2597 641 2634 filiorum
662 2598 733 2634 Dei
757 2597 885 2634 rarius
909 2606 967 2634 est
991 2597 1186 2647 inventus,
1220 2596 1276 2633 sic
1304 2597 1412 2645 quod
1446 2595 1614 2632 ecclesia
1647 2602 1779 2643 potest

536 2774 565 2802 ς).
586 2766 614 2793 I:
636 2767 826 2801 multiplicat.
962 2766 996 2801 15.
1020 2765 1087 2793 DE:
1109 2773 1206 2800 neque
1225 2764 1286 2801 qui.
1420 2772 1459 2800 17.
1482 2763 1549 2792 DE:
1571 2763 1777 2791 circumcisus.

468 2800 504 2828 31.
528 2801 570 2828 l):
592 2801 745 2828 resultans
765 2801 858 2828 deest.
933 2800 978 2828 30.
999 2801 1026 2828 I:
1047 2801 1193 2828 salvator.
1267 2799 1311 2827 38.
1333 2799 1360 2827 I:
1381 2800 1424 2826 ad
1442 2799 1536 2826 deest.

537 2919 567 2951 t).
594 2908 700 2939 Isaiae
727 2908 781 2947 IX,
811 2910 840 2940 3.
942 2917 991 2939 12.
1018 2907 1214 2949 Apokgvll,
1240 2917 1272 2947 4·
1371 2907 1423 2940 23.
1451 2905 1495 2938 jb-
1525 2904 1623 2939 5-3.

1788 927 1827 948 10

1791 1206 1827 1238 15

1794 2076 1835 2109 30

1794 2364 1834 2398 35
