2062 3276
243 267 378 294 sicario
400 257 539 313 xxxvl
720 272 910 309 QUARTA
940 272 1065 303 intas.

243 376 521 424 temporalem.
558 377 810 425 faciendique
843 379 950 425 quod
995 377 1136 414 merita
1176 378 1372 426 passionis
1406 380 1552 416 Christi

243 443 279 470 ct
313 433 441 470 tocius
474 434 639 471 ecclesie
678 434 812 471 iuvent
846 435 990 483 ligatos
1031 435 1220 483 peccatis,
1262 436 1434 485 qualiter
1472 450 1553 474 non

243 500 359 528 antea
392 501 483 528 sunt
516 492 655 529 adiuti.
691 492 788 538 Quis
822 505 915 540 ergo
938 505 1018 529 non
1043 494 1209 530 honeste
1232 495 1460 531 ostenderet
1493 495 1551 531 sui

243 549 512 597 indigenciam
547 559 589 586 ut
622 549 662 586 in
695 559 805 587 tanta
839 550 1078 587 necessitate
1111 560 1223 588 tanto
1247 551 1448 589 adiutorio
1482 553 1553 588 ful-

209 607 393 644 5ciatur?
430 609 606 644 Honeste
640 607 730 644 dico
764 607 858 657 quia
891 621 980 645 cum
1016 610 1121 646 bona
1144 609 1250 646 fama
1284 609 1375 646 insit
1400 610 1550 647 homini

241 665 345 702 ultra
379 667 454 702 hoc
483 666 590 714 quod
622 666 768 702 habent
797 666 934 712 bestie,
968 667 1093 703 voluit
1117 669 1222 704 Deus
1255 669 1364 716 quod
1397 669 1553 705 occulte

240 725 476 760 ostendatur
507 722 721 760 infirmitas
753 724 953 761 sacerdoti
987 737 1107 774 quam
1142 725 1172 761 si
1196 725 1388 762 detexerit
1418 735 1551 775 septu-

241 781 350 828 plum
385 780 610 829 puniretur.

298 840 375 876 Sed
421 848 581 876 movent
625 839 846 876 imbecilles
885 849 965 877 tres
1004 840 1207 878 evidencie
1245 843 1350 879 unde
1389 843 1550 879 tardant

188 910 225 930 10
240 896 373 933 debite
406 897 603 942 confiteri,
638 896 770 946 primo
804 899 1087 936 erubescencia
1127 912 1207 948 quo
1247 900 1550 937 confunduntur

240 956 452 991 ostendere
497 956 635 1003 culpas
681 968 792 1000 suas;
828 957 897 993 sed
943 958 1110 1005 repellat
1154 958 1297 1006 triplex
1343 958 1547 996 evidencia

239 1012 356 1049 istam
392 1025 527 1050 cecam
561 1013 788 1061 arguciam3
822 1013 954 1062 primo
988 1027 1031 1052 ex
1054 1016 1130 1052 hoc
1154 1017 1262 1064 quod
1286 1017 1548 1053 verecundius

239 1079 296 1106 est
329 1071 368 1107 in
402 1071 473 1107 Dei
508 1071 716 1119 presencia
754 1081 870 1121 turpe
909 1073 988 1110 tale
1027 1073 1294 1121 committere,
1336 1075 1549 1111 honestum

238 1128 400 1176 quidem
442 1138 479 1166 et
517 1129 719 1166 laudabile
759 1129 890 1179 ipsum
934 1140 1147 1180 extergere.
1194 1132 1423 1169 Committit
1455 1146 1549 1181 ergo

185 1187 521 1224 15ve1·ecundiam
556 1189 775 1224 secundum
811 1188 985 1226 racionis
1009 1189 1211 1227 tramitem
1239 1190 1307 1239 qui
1329 1190 1386 1228 sic
1410 1191 1548 1228 diabo-

237 1244 311 1281 lice
345 1254 567 1282 excecatur.
614 1247 800 1283 Secundo
840 1247 1067 1284 consideret
1106 1250 1214 1297 quod
1254 1261 1395 1286 secura
1439 1263 1547 1286 vere-

237 1303 381 1340 cundia
415 1305 463 1340 de
507 1313 657 1352 quanto
691 1313 748 1341 est
787 1305 962 1353 amplior
994 1307 1042 1342 de
1075 1315 1188 1343 tanto
1227 1316 1285 1344 est
1323 1307 1549 1356 perficienti

236 1361 528 1398 confessionem
565 1362 807 1399 meritorior.
842 1365 890 1400 Et
922 1363 978 1401 sic
1013 1374 1171 1401 moveat
1193 1366 1340 1402 bonum
1378 1366 1466 1402 finis
1499 1367 1549 1403 ad

236 1431 373 1456 vecors
418 1419 597 1456 inicium.
652 1422 699 1457 Et
738 1421 833 1470 quia
872 1421 947 1458 ista
986 1431 1043 1459 est
1082 1423 1216 1471 passio
1257 1423 1471 1460 mulierum
1512 1432 1549 1460 et

179 1490 221 1511 20
236 1476 438 1525 iuvenum,
473 1486 631 1515 moveat
665 1480 889 1527 exemplum
923 1480 1048 1517 Marie
1082 1482 1317 1529 Magdalene
1350 1495 1427 1530 que
1459 1491 1549 1530 post

237 1535 369 1571 cordis
404 1536 693 1573 contricionem
727 1537 905 1585 ingressa
939 1547 996 1575 est
1026 1551 1146 1587 super
1169 1539 1369 1577 convivas.
1403 1540 1548 1577 Tercio

236 1602 394 1630 moveat
439 1596 546 1643 quod
592 1595 729 1632 celatis
775 1596 949 1644 peccatis
994 1596 1370 1646 incomparabiliter
1418 1598 1546 1635 maior

234 1652 416 1688 confusio
450 1662 731 1701 consequetur.
772 1656 874 1690 Nam
915 1664 1076 1703 oportet
1118 1658 1225 1704 quod
1268 1656 1441 1693 finaliter
1475 1656 1547 1692 im-

234 1710 416 1758 penitens
449 1712 594 1748 habeat
626 1721 718 1748 ante
740 1724 943 1748 summum
978 1713 1155 1750 tribunal
1187 1714 1225 1750 in
1252 1714 1361 1751 finali
1395 1714 1546 1751 iudicio

177 1771 216 1802 25
232 1768 369 1805 onmia
402 1778 566 1817 peccata
600 1771 648 1806 ad
675 1769 889 1807 maximam
913 1771 972 1807 sui
996 1772 1272 1809 confusionem
1298 1772 1370 1809 toti
1396 1774 1546 1809 mundo

233 1828 402 1873 detecta,
429 1829 536 1876 quod
553 1827 639 1864 siin
662 1828 724 1865 via
748 1838 913 1876 peccata
937 1830 1082 1867 defleat
1106 1843 1152 1867 ac
1172 1832 1305 1867 hostes
1324 1840 1545 1879 exsuperet,

233 1893 326 1921 tunc
361 1894 475 1922 erunt
508 1886 667 1933 cognita
700 1888 749 1922 ad
783 1886 1025 1924 laudabilem
1050 1887 1276 1935 victoriam,
1309 1889 1412 1926 sicut
1445 1889 1547 1926 cica-

232 1942 351 1979 trices
384 1945 433 1980 ad
468 1944 626 1980 laudem
662 1943 798 1980 militis
832 1946 1083 1993 deteguntur.

291 2003 518 2037 Secundum
546 2003 754 2038 retardans
779 2003 1036 2041 confitentem
1072 2005 1121 2041 ab
1154 2005 1383 2041 ostensione
1407 2017 1546 2053 pecca-

171 2063 216 2094 ’ἑο
234 2059 351 2096 minis
366 2068 423 2096 est
439 2072 577 2096 vecors
594 2060 716 2096 timor
731 2061 779 2097 de
795 2061 1021 2109 penitencia
1037 2064 1257 2108 subeunda,
1284 2064 1352 2099 sed
1378 2064 1545 2111 repellat

233 2118 337 2154 hunc
371 2118 558 2154 timorem
584 2118 726 2166 triplex
750 2119 967 2166 evidencia,
1002 2121 1133 2169 primo
1159 2122 1387 2170 exemplans
1412 2122 1545 2169 passio

232 2176 356 2212 teneri
382 2184 418 2212 et
433 2176 577 2212 nobilis
594 2176 745 2213 domini
765 2177 854 2215 Jesu
871 2178 1034 2225 Christi,
1051 2180 1115 2228 qui
1126 2192 1267 2229 passus
1284 2187 1426 2229 estpro
1442 2180 1546 2216 vobis

233 2234 337 2270 vobis
369 2234 585 2283 relinquens
617 2236 853 2285 exemplum,
887 2244 926 2272 ut
947 2238 1161 2286 sequamini
1182 2238 1344 2288 vestigia
1368 2238 1459 2283 eius,
1484 2239 1548 2287 qui

226 2300 426 2340 peccatum
460 2305 532 2328 non
554 2293 655 2342 fecit
688 2296 714 2330 I.
749 2294 854 2330 Petri
886 2297 951 2341 110,
987 2306 1052 2341 21,
1079 2306 1151 2341 223
1187 2305 1343 2333 moveat
1369 2298 1545 2332 secundo

174 2349 479 2387 35im1nensitas
524 2359 561 2387 et
605 2351 980 2400 incomparabiliter
1025 2353 1232 2390 maioritas
1277 2367 1377 2403 pene
1422 2367 1542 2403 quam

230 2417 390 2455 oportet
424 2408 713 2457 impenitentem
748 2410 913 2447 sufferre
954 2411 992 2447 in
1022 2411 1319 2460 dampnacione
1350 2421 1545 2461 perpetua

299 2526 324 2553 2,
346 2518 369 2546 3.
391 2520 435 2547 A:
457 2528 517 2546 mm
537 2522 620 2551 dna:
647 2520 689 2548 H:
711 2522 846 2556 qualiler
865 2530 883 2549 α
906 2523 994 2550 venia
1014 2531 1094 2555 non:
1115 2522 1156 2550 l›:
1178 2523 1315 2558 qualiter
1334 2527 1407 2551 unte
1426 2531 1462 2551 ea
1484 2532 1543 2551 non

229 2557 298 2580 sunl
318 2554 406 2585 ius-li:
434 2554 476 2581 H:
504 2555 570 2582 iuli.
643 2564 672 2589 4.
694 2556 736 2583 D:
763 2557 943 2593 indigencia
965 2559 1028 2584 sive
1047 2559 1237 2585 necem-itate.
1311 2568 1340 2593 4.
1362 2558 1384 2586 5.
1408 2559 1432 2585 G
1448 2569 1452 2586 z
1471 2559 1541 2595 sul-

228 2589 361 2615 ciantur.
475 2589 499 2616 5.
521 2589 563 2617 D:
591 2590 662 2625 quia
683 2590 776 2618 deest.
890 2601 915 2627 7.
939 2592 982 2619 G:
1009 2593 1203 2623 sacerdotis:
1229 2594 1268 2620 ib.
1290 2594 1334 2620 (ὰς
1363 2594 1546 2629 detegetur,=

229 2624 270 2650 l):
292 2624 470 2663 detegeret;
491 2624 533 2651 H:
554 2625 614 2652 sibi
632 2625 794 2661 deteget-il.
868 2635 894 2661 7,
917 2628 943 2654 S.
965 2629 1008 2654 A:
1036 2629 1203 2662 cwuplum.
1280 2637 1308 2663 9.
1331 2628 1355 2655 D
1377 2628 1406 2655 in
1430 2637 1542 2663 marg:

230 2658 274 2685 De
293 2659 488 2694 consessione
506 2659 685 2686 auriculari
699 2669 757 2695 per
776 2664 880 2695 totum,
901 2670 991 2697 quam
1002 2636 1119 2698 praga!
1138 2663 1314 2690 racionilvus
1335 2667 1362 2690 et
1381 2663 1544 2699 scripturis

227 2696 256 2719 et
285 2694 368 2728 qumi
388 2695 448 2725 fiat
477 2693 612 2723 honeste.
643 2694 676 2721 id
701 2699 755 2727 est,
786 2698 912 2727 occulte„
942 2706 1002 2724 non
1030 2697 1159 2731 publice.
1276 2706 1308 2725 11.
1338 2698 1380 2725 H:
1410 2699 1540 2734 repellit.

229 2735 264 2754 12.
282 2730 326 2755 A:
348 2728 547 2755 verecmzdux:
611 2738 651 2763 14·
669 2729 711 2757 H:
727 2730 822 2765 ipsum
835 2735 992 2770 pertulum
1004 2742 1012 2761 ,-
1033 2732 1072 2759 ib.
1090 2732 1160 2759 1)H:
1182 2733 1355 2760 committet.
1414 2735 1453 2760 ιθ.
1470 2733 1495 2760 Ι)
1511 2733 1539 2760 in

228 2771 342 2797 marg:
382 2763 455 2790 'Iria
490 2764 692 2797 requiruntur
716 2773 735 2792 a
762 2767 965 2802 συιῃυκςῐυηυ.
1002 2767 1195 2801 verecundia,
1223 2768 1316 2794 limnr
1341 2771 1369 2795 el
1394 2776 1463 2803 spes
1489 2768 1540 2794 diu

227 2797 359 2824 vivendi,
392 2798 536 2825 Procedit
565 2799 762 2834 reprobando
791 2801 894 2828 omnia
926 2802 984 2828 ism
1015 2803 1086 2829 [ria.
1204 2804 1242 2829 18.
1274 2803 1317 2829 G:
1343 2802 1416 2834 linis
1446 2804 1539 2830 deest.

227 2839 272 2858 20.
296 2831 338 2859 H:
367 2841 479 2868 :migne
498 2841 564 2868 que,
657 2834 699 2862 25.
722 2835 763 2861 H:
792 2839 865 2862 tolo.
958 2837 1002 2863 20.
1025 2837 1068 2863 H:
1096 2837 1126 2863 in
1147 2837 1239 2863 deest.
1333 2838 1377 2864 28.
1400 2838 1470 2864 lm:
1501 2838 1544 2864 ad

227 2866 346 2893 laudem
377 2868 470 2894 deest.
597 2876 643 2903 29,
675 2868 719 2896 30.
752 2870 793 2896 H:
825 2871 973 2897 abusione
996 2879 1138 2905 peccans.
1259 2870 1303 2898 2¹0.
1335 2872 1376 2899 H:
1409 2872 1539 2907 repellit.

227 2900 272 2935 34.
295 2904 337 2928 ll:
359 2901 373 2928 Ι
391 2903 485 2930 deest.

1589 850 1657 878 Men
1671 851 1818 890 *deterred

1663 888 1743 914 nom

1604 921 1798 948 confession:

1589 1150 1608 1169 ι.
1632 1142 1674 1178 ssy
1695 1143 1821 1177 shame;

1583 1177 1635 1205 but
1655 1178 1704 1204 the
1725 1178 1831 1205 sliame

1564 1212 1788 1252 &remaining
1808 1214 1837 1240 iu

1589 1256 1635 1274 sm
1658 1256 1683 1274 is
1704 1256 1814 1275 worse.

1587 2022 1611 2042 2.
1634 2014 1676 2051 ssy
1697 2016 1760 2042 sear
1779 2014 1814 2042 of

1588 2058 1733 2085 penance,
1757 2051 1809 2091 but

1609 2093 1743 2124 penance
1764 2095 1789 2113 is

1596 2120 1705 2155 lighter
1726 2122 1799 2149 than

1561 2156 1750 2190 [inrepented
1773 2157 1832 2184 sin.
