2062 3276
196 893 234 914 10

193 1172 230 1204 15

252 245 387 275 SERMO
409 235 506 293 xvi]
736 247 927 287 QUARTA
955 247 1081 280 PARS.

252 368 332 393 non
371 355 615 401 timendum3
660 368 796 404 ymmo
836 358 894 399 (ut
933 354 1027 391 alibi
1068 354 1293 400 deducitur)
1326 368 1432 403 papa
1465 356 1567 392 foret

253 412 475 462 culpabiliS,
522 413 551 449 si
591 413 674 462 ipse
713 414 773 450 vel
813 412 1053 450 christianus
1086 412 1231 461 aliquis
1264 414 1565 461 dampnaretur,

253 481 289 509 et
322 471 376 509 ita
409 473 613 508 excederet
648 470 908 508 clemenciam
944 470 1097 507 domini
1132 470 1203 507 Dei
1248 470 1289 507 in
1334 471 1445 508 cuius
1491 471 1567 519 sig-

251 542 347 566 num
386 531 454 566 dat
508 528 781 578 indulgencias
819 541 892 578 pro
940 528 1105 577 triginta
1150 528 1326 565 millibus
1367 542 1565 566 annorum

251 597 289 625 et
321 587 507 636 amplius,
541 597 578 624 et
612 600 633 624 a
666 586 866 636 probabili
914 600 995 623 non
1039 595 1120 623 tam
1167 586 1234 623 diu
1274 596 1357 624 tota
1390 586 1566 624 militans

250 645 418 683 ecclesia
450 654 541 682 ante
575 645 680 682 diem
714 645 851 682 iudicii
883 654 1111 694 perseverat
1135 654 1171 681 et
1195 646 1413 682 concedere
1437 645 1566 681 indul-

249 704 407 753 gencias
452 713 541 752 post
588 703 692 741 diem
738 703 875 740 iudicii
920 703 1076 740 videtur
1120 703 1239 740 nimis
1280 716 1425 752 magna
1464 704 1566 740 blas—

249 762 424 812 phemia.

305 821 560 857 Attendendo
606 832 699 867 ergo
744 820 793 856 ad
832 819 1005 856 formam
1052 828 1088 856 et
1128 819 1340 857 materiam
1374 819 1463 857 talis
1497 822 1564 857 ab·

248 878 465 916 solucionis
487 877 643 926 papalis
665 877 822 914 videtur
846 877 1054 914 manifeste
1077 879 1185 927 quod
1214 891 1295 915 non
1319 879 1565 926 exemplatur

248 939 297 975 ab
330 935 591 974 absolucione
625 935 778 972 domini
801 935 892 974 Jesu
917 935 1066 972 Christi
1097 938 1166 973 sed
1200 936 1329 984 ipsam
1355 945 1565 985 exsuperat

248 996 384 1032 multis
424 993 567 1031 modis.
602 993 784 1031 Christus
824 993 929 1030 enim
970 993 1106 1031 docuit
1152 995 1261 1043 quod
1300 1007 1371 1043 per
1404 994 1565 1043 pacien-

247 1053 350 1091 ciam
396 1051 676 1089 tribulacionis
727 1061 764 1089 et
805 1064 907 1100 pene
960 1052 1143 1101 corporis
1190 1052 1293 1090 foret
1344 1052 1429 1101 ipse
1474 1066 1564 1090 cum

247 1112 327 1149 suis
350 1112 610 1161 postmodum
635 1123 656 1147 a
681 1122 783 1158 pena
807 1109 940 1147 anime
969 1109 1175 1148 liberatus.
1201 1112 1277 1148 Iste
1301 1119 1435 1148 autem
1459 1124 1565 1160 papa

246 1168 448 1220 promittit
492 1168 772 1206 assistentibus
820 1168 929 1206 cruci
982 1181 1051 1206 sue
1095 1170 1147 1206 ad
1199 1170 1431 1206 terrendum
1479 1182 1565 1207 cor-

246 1228 440 1277 poraliter
504 1229 660 1264 hostem
717 1240 833 1263 suum
898 1226 1174 1275 indulgencias
1230 1237 1445 1276 perpetuas
1509 1227 1565 1265 sic

246 1286 504 1324 obviantibus
537 1285 708 1331 caritati,
743 1298 789 1322 ac
822 1285 853 1322 si
886 1284 1035 1322 diceret
1067 1294 1277 1335 tamquam
1307 1288 1432 1323 Deus:
1465 1286 1568 1322 Mihi

247 1345 454 1382 vindictam
487 1352 523 1381 et
554 1356 627 1394 ego
661 1344 887 1391 retribuam,
931 1343 1025 1392 quia
1059 1344 1205 1381 caritas
1239 1344 1387 1381 Christi
1427 1354 1463 1382 et
1503 1357 1564 1381 ec-

247 1402 364 1440 clesie
397 1415 466 1440 sue
499 1401 739 1451 generaliter
771 1401 934 1450 paciens
968 1411 1039 1439 est.
1073 1403 1122 1438 Et
1145 1404 1366 1439 secundum
1389 1405 1564 1451 Aposto-

246 1463 328 1498 lum
368 1463 381 1497 Ι
422 1462 513 1498 Cor.
547 1461 631 1496 XIII
678 1468 714 1496 et
752 1472 824 1508 per
863 1459 1012 1496 Christi
1051 1460 1330 1498 obedienciam
1369 1461 1562 1498 humilem

246 1519 319 1556 fuit
363 1519 447 1568 ipse
495 1530 615 1567 super
659 1518 822 1566 angelos
868 1519 1077 1555 exaltatus.
1132 1520 1225 1556 Ideo
1273 1519 1382 1556 credi
1430 1529 1563 1568 potest

248 1578 356 1627 quod
388 1577 478 1614 talis
510 1577 607 1614 false
640 1578 882 1625 pretendens
916 1589 957 1613 se
990 1589 1074 1614 esse
1099 1577 1248 1614 Christi
1272 1577 1467 1615 vicarium
1492 1590 1563 1627 per

247 1649 360 1673 suam
414 1634 696 1673 excellenciam
751 1636 823 1672 sub
869 1635 1051 1684 dyabolis
1097 1644 1154 1672 est
1199 1648 1429 1684 oppressus.
1477 1638 1562 1683 Que

247 1707 341 1743 ergo
375 1694 472 1731 fides
508 1694 617 1743 quod
661 1702 828 1742 propter
872 1695 976 1731 hanc
1022 1707 1184 1731 causam
1219 1696 1325 1731 Deus
1369 1694 1443 1731 sibi
1487 1695 1562 1744 ipsi

247 1751 472 1791 contrarius
506 1764 608 1801 pape
641 1751 801 1801 utrique
833 1752 894 1789 vel
927 1752 1041 1789 alteri
1081 1752 1388 1789 condescendit?
1426 1766 1562 1802 ymmo

248 1810 425 1849 collectis
458 1810 640 1861 partibus
675 1811 722 1847 de
755 1811 862 1848 clero
895 1810 1104 1860 utriusque
1134 1823 1237 1859 pape
1268 1811 1425 1848 videtur
1455 1813 1562 1861 quod

248 1869 455 1907 evidencia
488 1882 565 1918 que
597 1881 718 1905 unam
752 1878 908 1918 partem
943 1871 1108 1906 roborat
1148 1869 1326 1906 infirmat
1364 1870 1485 1907 aliam
1526 1879 1562 1907 et

248 1937 424 1966 econtra.
472 1928 564 1964 Ideo
609 1935 743 1976 partes
788 1926 861 1964 iste
895 1926 1021 1964 eciam
1056 1929 1103 1964 de
1135 1927 1325 1965 fratribus
1359 1928 1563 1977 reciproce

247 2000 287 2025 se
321 1986 578 2024 confundent.

306 2046 409 2082 Crux
433 2053 566 2081 autem
590 2043 666 2080 ista
690 2055 782 2080 cum
805 2057 885 2081 uon
908 2043 958 2080 sit
981 2056 1074 2081 crux
1107 2043 1261 2081 domini
1282 2046 1373 2081 Jesu
1398 2044 1559 2091 Christi,

246 2102 403 2140 videtur
436 2103 545 2152 quod
590 2101 641 2138 sit
690 2114 783 2139 crux
828 2102 887 2139 sui
933 2102 1150 2139 adversarii
1182 2102 1432 2139 Antichristi.
1478 2105 1559 2140 Nec

248 2164 353 2199 Deus
386 2160 521 2210 posuit
553 2161 674 2198 talem
709 2161 908 2209 prelatum
940 2160 1125 2211 sagittam
1160 2161 1318 2197 electam
1352 2162 1402 2198 ad
1428 2160 1559 2198 verbis

248 2219 445 2268 scripture
479 2220 602 2257 corda
635 2219 844 2256 hominum
880 2220 1171 2268 penetrandum
1197 2220 1265 2256 sed
1288 2219 1561 2256 fulminatorie

249 2278 469 2316 terrificum
503 2279 553 2315 ad
587 2279 710 2315 corda
743 2276 952 2314 hominum
987 2290 1009 2314 a
1043 2277 1120 2314 fide
1160 2277 1324 2315 ecclesie
1363 2278 1561 2327 scripture

218 2336 378 2374 'verbis
418 2336 678 2373 mendacibus
717 2337 1013 2383 deterrendum,
1054 2344 1090 2373 et
1129 2349 1220 2373 cum
1260 2335 1442 2373 inaudita
1474 2350 1561 2385 per-

249 2394 460 2433 secucione
495 2394 555 2431 sui
580 2394 767 2443 discipuli
789 2395 986 2431 zelatores
1010 2393 1208 2443 scripture
1232 2407 1322 2431 cum
1349 2394 1561 2443 diligencia

248 2462 511 2503 persecuntur
544 2454 651 2502 quod
685 2453 849 2490 credant
882 2452 987 2489 istud
1020 2461 1063 2489 ut
1096 2453 1215 2489 fidem
1241 2452 1433 2502 quicquid
1456 2467 1562 2502 papa

248 2524 342 2549 suus
375 2511 584 2549 dictaverit
617 2511 657 2548 in
689 2512 764 2548 hac
797 2520 923 2559 parte.
970 2513 1017 2547 Et
1059 2510 1089 2547 si
1130 2511 1170 2547 in
1209 2510 1287 2548 alia
1327 2524 1447 2548 causa
1486 2525 1561 2561 que

249 2582 427 2620 unquam
474 2569 669 2618 contingit
714 2568 841 2607 fidelis
887 2578 1101 2618 exponeret
1146 2582 1195 2609 se.
1230 2582 1303 2618 pro
1350 2583 1466 2606 muro
1511 2571 1561 2607 ad

317 2703 346 2727 4.
368 2692 437 2721 DE:
454 2700 516 2728 pro
536 2693 654 2728 viginti
670 2693 811 2720 millibus.
885 2692 909 2720 5.
930 2693 974 2720 A:
997 2695 1122 2728 etpost.
1197 2692 1221 2727 5,
1237 2692 1264 2720 6.
1286 2691 1330 2720 A:
1352 2694 1418 2720 eta
1440 2709 1468 2712 —-
1490 2696 1563 2720 ante

249 2729 343 2756 deest.
434 2736 461 2764 7.
483 2728 507 2755 D
529 2727 559 2755 in
581 2735 695 2763 marg:
716 2727 795 2755 Nota
815 2727 899 2755 bene.
994 2735 1026 2754 11.
1048 2727 1090 2754 D:
1111 2727 1149 2754 ab
1169 2727 1270 2761 deest;
1299 2727 1340 2755 ib.
1363 2727 1431 2755 DE:
1452 2728 1560 2764 tpsum.

248 2771 295 2799 29.
315 2765 359 2791 A:
389 2771 422 2791 se
440 2763 534 2790 deest.
607 2761 653 2796 34.
675 2763 720 2790 A:
747 2762 872 2790 ecclesie
891 2762 986 2790 deest.
1060 2760 1100 2789 35.
1122 2761 1162 2789 E:
1189 2765 1219 2790 et
1236 2764 1348 2790 tamen.

322 2846 372 2878 17.
397 2835 498 2869 Rom.
524 2836 594 2875 XII,
619 2845 668 2879 ις).
800 2845 853 2869 20.
879 2834 1020 2866 Rectius
1046 2833 1133 2868 Phil.
1159 2834 1197 2874 II,
1223 2833 1254 2875 8,
1281 2845 1317 2878 9:
1344 2834 1560 2867 Humiliavit

247 2882 470 2926 semetipsum
495 2883 621 2926 sactus
653 2881 813 2915 obediens
833 2907 840 2914 .
861 2907 867 2914 .
888 2905 894 2914 .
915 2906 922 2914 .
944 2885 1098 2924 propter
1129 2881 1223 2924 quod
1256 2882 1435 2914 exaltavit
1468 2891 1559 2914 eum.

1782 241 1852 277 135

1635 827 1803 855 Differeuce

1616 862 1752 890 between
1774 863 1823 889 the

1667 897 1776 935 Pope's

1589 932 1764 959 absoluuon
1786 932 1846 959 and

1646 966 1791 995 Christ's.

1616 2049 1683 2078 The
1703 2051 1812 2086 Pope's

1575 2093 1662 2112 cross
1678 2085 1788 2119 (raised
1805 2086 1852 2114 for

1584 2120 1635 2147 the
1656 2120 1797 2154 crusade)
1819 2121 1844 2149 is

1610 2155 1659 2182 the
1679 2163 1765 2182 cross
1786 2156 1821 2183 of

1621 2190 1804 2218 Antichrist.
