2062 3276
228 967 266 988 IO

229 1246 265 1278 15

223 1546 264 1568 20

224 1828 263 1860 25

285 229 421 257 SERMO
443 220 568 277 xxm]
743 234 988 267 suffixiones
1015 235 1153 267 MIXTI.
1804 231 1820 265 5
1839 243 1846 264 ι
1866 243 1873 265 1

755 396 947 436 SERMO
981 398 1130 438 XXIV.

340 490 530 526 Dominus
564 490 769 527 vobiscum.
807 492 924 527 Ruth.
960 493 1026 537 110,
1060 505 1097 538 4.

341 549 567 584 Secundum
623 548 885 596 philosophos
939 549 1030 585 finis
1084 558 1141 586 est
1185 558 1298 586 actus
1350 549 1592 598 principium
1672 557 1738 584 The
1759 562 1819 585 text

281 605 416 653 gracia
456 605 567 642 cuius
607 615 665 642 est
703 615 832 643 totum
874 607 1049 643 medium
1089 607 1337 644 ordinatum.
1384 607 1448 644 Sic
1488 608 1592 644 enim
1633 593 1864 662 ffiffissfisassffi

283 663 537 711 operacionis
571 664 745 700 humane
779 664 909 701 finalis
942 664 1117 702 intencio
1152 674 1358 702 mensurat
1387 675 1424 702 et
1447 665 1594 702 limitat
1617 661 1874 724 ΡΓῘῈΕΙὲξῙςξΠῖΗΗ

283 720 414 758 media
458 723 507 758 ad
554 723 744 763 eundem:
791 735 881 759 cum
927 735 1020 771 ergo
1065 725 1115 760 ad
1160 723 1479 760 benedicendum
1517 722 1591 760 sim
1725 717 1747 723 ‘⁸
1792 717 1818 731 ‘²'

283 780 439 825 ductus,
473 780 610 816 thema
643 781 751 828 quod
776 782 892 817 debet
926 793 1009 818 esse
1042 781 1132 818 finis
1165 790 1203 818 et
1236 781 1479 830 principium
1504 781 1593 818 talis

281 845 393 873 actus
420 837 667 886 pertinenter
689 839 888 888 assumpsi
909 841 1073 876 verbum
1097 839 1370 888 propositum:
1405 839 1596 876 Dominus

281 895 487 934 vobiscum.
533 898 621 933 Non
661 896 765 933 enirn
807 906 863 934 est
904 897 1138 935 benediccio
1177 898 1354 943 humana
1393 897 1595 934 efficacior

282 965 351 1001 per
380 953 483 990 viam
518 954 784 1002 laudacionis,
818 968 889 1004 per
920 955 1025 993 viam
1058 955 1260 993 oracionis
1292 956 1353 993 vel
1385 968 1455 1005 per
1486 955 1593 993 viam

282 1011 591 1059 imprecacionis
624 1026 744 1061 quam
778 1015 967 1051 sacerdos
1000 1013 1189 1062 dirigeret
1222 1015 1271 1051 ad
1305 1014 1500 1063 populum
1533 1014 1594 1051 vel

281 1069 457 1106 amicum
502 1083 623 1119 quam
677 1071 848 1108 dicendo
896 1072 1112 1109 efficaciter
1155 1072 1346 1109 Dominus
1390 1072 1596 1111 vobiscum.

282 1129 394 1164 Patet
418 1141 461 1165 ex
483 1129 559 1165 hoc
583 1130 691 1178 quod
714 1129 838 1166 nichil
870 1138 927 1166 est
960 1139 1142 1167 creature
1175 1130 1366 1167 racionali
1402 1129 1593 1177 securius,

281 1185 407 1222 nichil
457 1186 670 1224 iocundius
715 1197 752 1224 et
795 1201 866 1236 per
911 1201 1161 1238 consequens
1204 1188 1329 1226 nichil
1373 1188 1594 1238 perfeceius

282 1257 402 1293 quam
437 1247 546 1294 quod
580 1245 778 1282 Dominus
812 1246 998 1295 dignetur
1030 1259 1114 1284 esse
1146 1259 1296 1284 secum.

340 1304 545 1348 Quantum
570 1305 620 1340 ad
647 1304 903 1341 securitatem
938 1314 1047 1353 patet
1071 1306 1179 1354 quod
1211 1318 1293 1342 non
1326 1314 1382 1342 est
1405 1305 1595 1354 possibile
1617 1314 1666 1354 No
1687 1313 1783 1342 doubt
1804 1313 1872 1341 God

280 1368 323 1396 ut
362 1369 447 1398 tota
486 1361 723 1399 universitas
762 1364 866 1400 bona
904 1364 966 1400 vel
1007 1364 1113 1400 mala
1153 1363 1414 1412 dampnificet
1447 1363 1594 1401 Christi
1618 1349 1875 1413 ὲῇῒθῖῗζζὲιξξξῑῖ,

280 1431 452 1466 servum,
505 1421 600 1456 dum
653 1421 838 1457 habuerit
882 1421 1093 1458 dominum
1133 1423 1261 1459 Deum
1307 1434 1456 1468 secum,
1503 1435 1592 1459 curn
1632 1419 1859 1482 seri-liitts-[iiia

281 1478 394 1514 Rom.
418 1478 540 1524 V1110,
568 1478 611 1514 31
642 1478 781 1515 scribit
803 1480 1038 1528 Apostolus:
1073 1480 1117 1516 Si
1136 1481 1244 1517 Deus
1271 1480 1479 1525 nobiscum,
1512 1480 1595 1530 quis
1640 1472 1752 1524 spec‘ial
1774 1498 1852 1525 way.

280 1543 415 1571 contra
460 1537 558 1572 nos?
603 1538 731 1574 Nemo
780 1537 884 1574 enim
932 1546 1063 1586 potest
1102 1551 1248 1575 nocere
1289 1538 1456 1585 homini,
1498 1540 1591 1575 dum

282 1602 416 1630 manet
450 1593 489 1630 in
522 1594 726 1632 adiutorio
767 1604 803 1632 et
836 1596 1096 1644 proteccione
1129 1596 1330 1633 altissimi.
1376 1599 1458 1634 Nec
1490 1597 1594 1634 valet

280 1651 552 1699 sophistarum
599 1653 779 1690 obiectus
825 1667 904 1703 quo
949 1664 1122 1703 arguunt
1160 1656 1269 1704 quod
1301 1654 1497 1692 Dominus
1537 1663 1595 1692 est

281 1721 370 1745 cum
412 1710 590 1758 qualibet
630 1721 814 1749 creatura
853 1724 899 1749 eo
939 1714 1047 1762 quod
1085 1713 1248 1750 racione
1288 1726 1357 1750 sue
1389 1713 1594 1750 immensi-

280 1767 372 1803 tatis
388 1769 615 1806 necessario
631 1779 688 1806 est
703 1770 866 1819 ubique.
882 1773 984 1807 Nam
1001 1770 1108 1808 iuxta
1118 1772 1263 1808 Psalm.
1276 1772 1536 1818 CXXXVHIO,
1549 1772 1593 1808 8:

282 1826 325 1861 Si
355 1826 588 1863 descendero
621 1829 673 1864 ad
704 1828 913 1878 infernum,
945 1830 1053 1865 Deus
1083 1830 1206 1877 adest,
1246 1842 1337 1866 cum
1369 1839 1511 1867 notum
1545 1829 1594 1866 sit

281 1896 324 1920 ex
348 1885 551 1933 evangelio
574 1886 741 1923 Matthei
763 1888 831 1933 VO,
865 1887 925 1923 lex
958 1896 995 1923 et
1027 1886 1185 1924 iusticia
1208 1900 1284 1936 que
1308 1890 1413 1925 Deus
1446 1897 1503 1925 est
1526 1889 1595 1925 ad-

280 1951 459 1979 versatur
492 1945 713 1992 dampnato
747 1944 923 1992 cuilibet,
956 1958 1048 1993 ymo
1082 1945 1177 1983 solis
1212 1955 1249 1983 et
1272 1945 1437 1994 singulis
1461 1946 1593 1983 crimi-

279 1999 399 2037 nosis.
447 2002 585 2038 Solum
625 2002 730 2039 enirn
769 2012 979 2052 peccatum
1018 2017 1100 2041 non
1138 2013 1195 2041 est
1227 2017 1328 2053 opus
1360 2004 1524 2041 Domini
1557 2013 1594 2041 et

281 2057 438 2107 signum
473 2060 621 2097 odibile
666 2061 705 2097 in
738 2061 859 2098 armis
893 2061 973 2098 suis
1006 2075 1079 2111 pro
1113 2075 1193 2112 quo
1226 2062 1455 2099 offenditur.
1501 2064 1593 2099 Ideo

282 2117 399 2154 debet
422 2119 654 2156 adversator
676 2119 875 2168 scripture
897 2120 1104 2157 addiscere
1127 2121 1236 2170 quod
1259 2121 1459 2158 adiectum
1484 2120 1593 2158 verbi

281 2188 362 2211 non
395 2186 588 2214 connotat
616 2177 656 2214 in
683 2178 893 2227 proposito
923 2178 1274 2216 circumstanciam
1299 2179 1594 2217 dominacionis

282 2243 464 2272 creature
496 2234 685 2282 indebite,
720 2236 814 2286 quia
846 2246 941 2274 tunc
964 2237 1066 2274 foret
1098 2237 1266 2286 proprio
1301 2238 1511 2275 mendacio
1536 2238 1593 2275 in-

280 2291 444 2340 fectum,
485 2305 530 2330 eo
569 2295 678 2343 quod
711 2303 838 2332 totam
878 2295 1180 2333 universitatem
1215 2305 1393 2334 creatam
1432 2305 1593 2346 oportet

281 2362 364 2387 esse
379 2351 599 2389 subiectam
626 2352 708 2389 eius
724 2353 915 2402 irnperi03
940 2355 1007 2390 sed
1032 2363 1224 2391 connotat
1239 2354 1591 2392 circumstanciam

248 2411 261 2444 ἶ
281 2409 460 2455 graciose
483 2410 751 2459 proteccionis
775 2424 896 2459 quam
923 2414 1028 2448 Deus
1051 2421 1159 2449 tenet
1183 2426 1272 2449 cum
1307 2421 1421 2461 parte
1453 2412 1592 2450 famuli

349 2517 369 2537 1.
391 2510 449 2537 Hic
463 2518 564 2538 sermo
579 2511 609 2538 in
625 2511 714 2539 codd.
732 2511 824 2539 DEI&
838 2512 1074 2545 (Cod.Vindob.
1090 2511 1164 2548 3929
1190 2517 1217 2540 et
1230 2513 1253 2540 L
1265 2512 1501 2546 (Cod.Vindob.
1515 2512 1591 2549 1337)

281 2549 371 2572 extat.
427 2553 452 2572 2.
474 2545 515 2573 K:
531 2546 759 2582 Sermopulcer.
812 2548 839 2574 6.
855 2547 938 2574 IKL:
954 2547 1064 2587 igitur.
1121 2548 1148 2575 8.
1194 2548 1249 2575 EI:
1264 2548 1387 2575 verbum
1396 2548 1593 2584 propositum

281 2579 376 2606 deest.
503 2589 531 2616 9.
553 2581 636 2608 DEI:
659 2581 738 2609 enim
753 2581 853 2616 deest3
880 2582 920 2609 ib.
942 2582 953 2609 Ι
974 2590 1004 2609 m
1026 2590 1141 2618 marg:
1170 2583 1355 2610 Benediccio
1376 2582 1592 2619 efficacissima

279 2615 460 2643 sacerdotis.
517 2624 558 2649 14.
575 2615 617 2643 K:
639 2617 1049 2655 consequenterperfeccfus
1062 2626 1153 2653 quam
1173 2617 1255 2654 quod
1273 2618 1424 2655 dignetur
1434 2617 1594 2651 Dominus,-

282 2648 320 2676 L:
334 2657 398 2712 {er
418 2658 607 2686 consequens
628 2651 722 2679 deest.
833 2651 874 2679 16.
896 2652 907 2679 Ι
928 2659 957 2679 ln
979 2660 1046 2679 mar
1071 2663 1094 2680 .:
1115 2654 1150 2680 A.
1259 2661 1299 2688 17.
1321 2653 1389 2681 KL:
1411 2653 1494 2690 quod
1513 2656 1590 2681 tota.

279 2691 318 2712 21.
350 2684 376 2711 'z
398 2689 530 2714 maneat.
587 2686 628 2714 25.
645 2686 713 2714 DE:
730 2686 812 2714 Deus
827 2686 921 2714 deest.
978 2687 1024 2715 26.
1070 2687 1124 2715 EI:
1141 2688 1225 2715 Deus
1240 2690 1284 2715 est
1298 2687 1392 2716 deest.
1448 2695 1491 2724 27.
1508 2688 1591 2716 DEI:

279 2738 357 2767 ergo
382 2732 467 2759 solis.
583 2731 627 2760 32.
648 2732 802 2765 indebite;
827 2733 855 2760 1:
884 2730 1004 2767 [dodia-
1029 2733 1099 2761 KL:
1127 2734 1234 2762 indute.
1361 2733 1404 2770 32,
1425 2733 1469 2763 33.
1493 2735 1518 2763 l:
1546 2735 1592 2762 in-

269 2766 441 2830 {fleetugiibz
450 2767 715 2837 Ιξίῐῖητρξζιέξοςίεὶο
735 2768 927 2796 mendacium
947 2768 1141 2804 infacetum.
1198 2767 1239 2798 35.
1255 2768 1324 2798 DE:
1341 2773 1437 2805 parte
1456 2769 1575 2797 diaboli
1580 2779 1591 2803 ;

354 2873 380 2894 1.
407 2865 460 2894 An
487 2864 551 2895 Act
576 2865 732 2896 Sermon.
761 2864 812 2896 Cf.
839 2864 1002 2908 Shirley’s
1030 2865 1219 2907 Catalogue
1246 2866 1309 2897 No.
1337 2866 1390 2909 39.
