<?xml version="1.0" encoding="UTF-8"?>
<!DOCTYPE html PUBLIC "-//W3C//DTD XHTML 1.0 Transitional//EN"
    "http://www.w3.org/TR/xhtml1/DTD/xhtml1-transitional.dtd">
<html xmlns="http://www.w3.org/1999/xhtml" xml:lang="en" lang="en">
 <head>
  <title>
</title>
<meta http-equiv="Content-Type" content="text/html;charset=utf-8" />
  <meta name='ocr-system' content='tesseract 3.04.00' />
  <meta name='ocr-capabilities' content='ocr_page ocr_carea ocr_par ocr_line ocrx_word'/>
</head>
<body>
  <div class='ocr_page' id='page_1' title='image "./iohanniswyclifse0704wycl_0103.png"; bbox 0 0 2062 3276; ppageno 0'>
   <div class='ocr_carea' id='block_1_1' title="bbox 122 381 197 412">
    <p class='ocr_par' dir='ltr' id='par_1_1' title="bbox 122 381 197 412">
     <span class='ocr_line' id='line_1_1' title="bbox 122 381 197 412; baseline 0 0"><span class='ocrx_word' id='word_1_1' title='bbox 122 381 197 412; x_wconf 89' lang='lat' dir='ltr'>Fol.</span> 
     </span>
    </p>
   </div>
   <div class='ocr_carea' id='block_1_2' title="bbox 118 431 197 471">
    <p class='ocr_par' dir='ltr' id='par_1_2' title="bbox 118 431 197 471">
     <span class='ocr_line' id='line_1_2' title="bbox 118 431 197 471; baseline 0.051 -13"><span class='ocrx_word' id='word_1_2' title='bbox 118 431 197 471; x_wconf 66' lang='lat'>299⁰</span> 
     </span>
    </p>
   </div>
   <div class='ocr_carea' id='block_1_3' title="bbox 159 873 196 894">
    <p class='ocr_par' dir='ltr' id='par_1_3' title="bbox 159 873 196 894">
     <span class='ocr_line' id='line_1_3' title="bbox 159 873 196 894; baseline -0.027 0"><span class='ocrx_word' id='word_1_3' title='bbox 159 873 196 894; x_wconf 93' lang='lat'>10</span> 
     </span>
    </p>
   </div>
   <div class='ocr_carea' id='block_1_4' title="bbox 156 1152 192 1184">
    <p class='ocr_par' dir='ltr' id='par_1_4' title="bbox 156 1152 192 1184">
     <span class='ocr_line' id='line_1_4' title="bbox 156 1152 192 1184; baseline 0.028 -1"><span class='ocrx_word' id='word_1_4' title='bbox 156 1152 192 1184; x_wconf 74' lang='lat'>15</span> 
     </span>
    </p>
   </div>
   <div class='ocr_carea' id='block_1_5' title="bbox 148 2024 190 2056">
    <p class='ocr_par' dir='ltr' id='par_1_5' title="bbox 148 2024 190 2056">
     <span class='ocr_line' id='line_1_5' title="bbox 148 2024 190 2056; baseline -0.048 0"><span class='ocrx_word' id='word_1_5' title='bbox 148 2024 190 2056; x_wconf 72' lang='lat'>3⁷0</span> 
     </span>
    </p>
   </div>
   <div class='ocr_carea' id='block_1_6' title="bbox 149 2313 188 2345">
    <p class='ocr_par' dir='ltr' id='par_1_6' title="bbox 149 2313 188 2345">
     <span class='ocr_line' id='line_1_6' title="bbox 149 2313 188 2345; baseline -0.026 0"><span class='ocrx_word' id='word_1_6' title='bbox 149 2313 188 2345; x_wconf 78' lang='lat'>35</span> 
     </span>
    </p>
   </div>
   <div class='ocr_carea' id='block_1_7' title="bbox 215 217 1042 275">
    <p class='ocr_par' dir='ltr' id='par_1_7' title="bbox 215 217 1042 275">
     <span class='ocr_line' id='line_1_7' title="bbox 215 217 1042 275; baseline 0.008 -18"><span class='ocrx_word' id='word_1_7' title='bbox 215 228 350 257; x_wconf 70' lang='lat' dir='ltr'>SiiRMO</span> <span class='ocrx_word' id='word_1_8' title='bbox 375 217 425 275; x_wconf 58' lang='lat' dir='ltr'>xz]</span> <span class='ocrx_word' id='word_1_9' title='bbox 698 231 887 270; x_wconf 35' lang='lat' dir='ltr'>Quintia</span> <span class='ocrx_word' id='word_1_10' title='bbox 918 232 1042 263; x_wconf 58' lang='lat' dir='ltr'>PARS.</span> 
     </span>
    </p>
   </div>
   <div class='ocr_carea' id='block_1_8' title="bbox 206 336 1533 1722">
    <p class='ocr_par' dir='ltr' id='par_1_8' title="bbox 209 336 1533 1243">
     <span class='ocr_line' id='line_1_8' title="bbox 214 336 1530 386; baseline 0.002 -13"><span class='ocrx_word' id='word_1_11' title='bbox 214 337 368 373; x_wconf 86' lang='lat' dir='ltr'>cionem</span> <span class='ocrx_word' id='word_1_12' title='bbox 422 349 534 372; x_wconf 84' lang='lat' dir='ltr'>suam</span> <span class='ocrx_word' id='word_1_13' title='bbox 588 336 714 384; x_wconf 78' lang='lat' dir='ltr'>diligit</span> <span class='ocrx_word' id='word_1_14' title='bbox 768 346 804 373; x_wconf 89' lang='lat' dir='ltr'>et</span> <span class='ocrx_word' id='word_1_15' title='bbox 856 350 926 385; x_wconf 84' lang='lat' dir='ltr'>per</span> <span class='ocrx_word' id='word_1_16' title='bbox 978 351 1225 386; x_wconf 72' lang='lat' dir='ltr'>consequens</span> <span class='ocrx_word' id='word_1_17' title='bbox 1273 341 1530 376; x_wconf 73' lang='lat' dir='ltr'>ordinatum?</span> 
     </span>
     <span class='ocr_line' id='line_1_9' title="bbox 214 394 1530 451; baseline 0.002 -21"><span class='ocrx_word' id='word_1_18' title='bbox 214 394 343 431; x_wconf 88' lang='lat' dir='ltr'>Nichil</span> <span class='ocrx_word' id='word_1_19' title='bbox 382 407 475 441; x_wconf 88' lang='lat' dir='ltr'>ergo</span> <span class='ocrx_word' id='word_1_20' title='bbox 514 394 614 430; x_wconf 88' lang='lat' dir='ltr'>foret</span> <span class='ocrx_word' id='word_1_21' title='bbox 652 394 759 431; x_wconf 86' lang='lat' dir='ltr'>iuxta</span> <span class='ocrx_word' id='word_1_22' title='bbox 799 396 900 431; x_wconf 85' lang='lat' dir='ltr'>hanc</span> <span class='ocrx_word' id='word_1_23' title='bbox 939 395 1041 431; x_wconf 70' lang='lat' dir='ltr'>riam</span> <span class='ocrx_word' id='word_1_24' title='bbox 1083 395 1301 432; x_wconf 88' lang='lat' dir='ltr'>dileccione</span> <span class='ocrx_word' id='word_1_25' title='bbox 1335 397 1405 433; x_wconf 90' lang='lat' dir='ltr'>Dei</span> <span class='ocrx_word' id='word_1_26' title='bbox 1439 394 1530 451; x_wconf 70' lang='lat' dir='ltr'>in-{</span> 
     </span>
     <span class='ocr_line' id='line_1_10' title="bbox 212 452 1531 501; baseline 0.002 -12"><span class='ocrx_word' id='word_1_27' title='bbox 212 452 405 499; x_wconf 80' lang='lat' dir='ltr'>stabilius,</span> <span class='ocrx_word' id='word_1_28' title='bbox 446 465 535 488; x_wconf 91' lang='lat' dir='ltr'>cum</span> <span class='ocrx_word' id='word_1_29' title='bbox 576 465 713 489; x_wconf 84' lang='lat' dir='ltr'>musca</span> <span class='ocrx_word' id='word_1_30' title='bbox 751 453 1047 501; x_wconf 84' lang='lat' dir='ltr'>quantumlibet</span> <span class='ocrx_word' id='word_1_31' title='bbox 1088 463 1269 490; x_wconf 73' lang='lat' dir='ltr'>movente</span> <span class='ocrx_word' id='word_1_32' title='bbox 1315 455 1396 491; x_wconf 86' lang='lat' dir='ltr'>alas</span> <span class='ocrx_word' id='word_1_33' title='bbox 1441 469 1531 492; x_wconf 84' lang='lat' dir='ltr'>suas</span> 
     </span>
     <span class='ocr_line' id='line_1_11' title="bbox 212 510 1533 561; baseline 0.002 -15"><span class='ocrx_word' id='word_1_34' title='bbox 212 511 272 546; x_wconf 70' lang='lat' dir='ltr'>vel</span> <span class='ocrx_word' id='word_1_35' title='bbox 297 520 480 547; x_wconf 71' lang='lat' dir='ltr'>movente</span> <span class='ocrx_word' id='word_1_36' title='bbox 504 510 806 558; x_wconf 81' lang='lat' dir='ltr'>quomodolibet</span> <span class='ocrx_word' id='word_1_37' title='bbox 830 511 1006 559; x_wconf 85' lang='lat' dir='ltr'>qualibet</span> <span class='ocrx_word' id='word_1_38' title='bbox 1029 521 1213 548; x_wconf 84' lang='lat' dir='ltr'>creatura</span> <span class='ocrx_word' id='word_1_39' title='bbox 1237 522 1533 561; x_wconf 80' lang='lat' dir='ltr'>consequentur</span> 
     </span>
     <span class='ocr_line' id='line_1_12' title="bbox 214 567 1530 618; baseline 0.002 -13"><span class='ocrx_word' id='word_1_40' title='bbox 214 577 440 605; x_wconf 73' lang='lat' dir='ltr'>moveretur</span> <span class='ocrx_word' id='word_1_41' title='bbox 456 571 560 604; x_wconf 85' lang='lat' dir='ltr'>Deus</span> <span class='ocrx_word' id='word_1_42' title='bbox 583 567 807 604; x_wconf 75' lang='lat' dir='ltr'>instabilius</span> <span class='ocrx_word' id='word_1_43' title='bbox 823 581 943 617; x_wconf 87' lang='lat' dir='ltr'>quam</span> <span class='ocrx_word' id='word_1_44' title='bbox 970 570 1089 606; x_wconf 85' lang='lat' dir='ltr'>horno</span> <span class='ocrx_word' id='word_1_45' title='bbox 1113 569 1180 618; x_wconf 92' lang='lat' dir='ltr'>qui</span> <span class='ocrx_word' id='word_1_46' title='bbox 1204 583 1319 606; x_wconf 85' lang='lat' dir='ltr'>suum</span> <span class='ocrx_word' id='word_1_47' title='bbox 1343 571 1530 607; x_wconf 86' lang='lat' dir='ltr'>dilectum</span> 
     </span>
     <span class='ocr_line' id='line_1_13' title="bbox 214 626 1532 677; baseline 0.003 -15"><span class='ocrx_word' id='word_1_48' title='bbox 214 626 345 674; x_wconf 78' lang='lat' dir='ltr'>diligit</span> <span class='ocrx_word' id='word_1_49' title='bbox 378 636 467 674; x_wconf 89' lang='lat' dir='ltr'>post</span> <span class='ocrx_word' id='word_1_50' title='bbox 501 635 537 662; x_wconf 90' lang='lat' dir='ltr'>et</span> <span class='ocrx_word' id='word_1_51' title='bbox 570 635 674 662; x_wconf 90' lang='lat' dir='ltr'>ante.</span> <span class='ocrx_word' id='word_1_52' title='bbox 717 626 758 663; x_wconf 85' lang='lat' dir='ltr'>Si</span> <span class='ocrx_word' id='word_1_53' title='bbox 792 627 923 674; x_wconf 87' lang='lat' dir='ltr'>primo</span> <span class='ocrx_word' id='word_1_54' title='bbox 958 629 1077 663; x_wconf 90' lang='lat' dir='ltr'>modo</span> <span class='ocrx_word' id='word_1_55' title='bbox 1112 629 1240 674; x_wconf 86' lang='lat' dir='ltr'>detur,</span> <span class='ocrx_word' id='word_1_56' title='bbox 1275 638 1368 665; x_wconf 89' lang='lat' dir='ltr'>tunc</span> <span class='ocrx_word' id='word_1_57' title='bbox 1402 629 1532 677; x_wconf 80' lang='lat' dir='ltr'>posita</span> 
     </span>
     <span class='ocr_line' id='line_1_14' title="bbox 212 684 1529 733; baseline 0.002 -13"><span class='ocrx_word' id='word_1_58' title='bbox 212 684 438 721; x_wconf 78' lang='lat' dir='ltr'>variacione</span> <span class='ocrx_word' id='word_1_59' title='bbox 472 684 701 720; x_wconf 81' lang='lat' dir='ltr'>dileccionis</span> <span class='ocrx_word' id='word_1_60' title='bbox 726 685 796 720; x_wconf 89' lang='lat' dir='ltr'>Dei</span> <span class='ocrx_word' id='word_1_61' title='bbox 831 685 1235 733; x_wconf 86' lang='lat' dir='ltr'>proporcionabiliter</span> <span class='ocrx_word' id='word_1_62' title='bbox 1268 688 1317 723; x_wconf 88' lang='lat' dir='ltr'>ad</span> <span class='ocrx_word' id='word_1_63' title='bbox 1342 686 1529 723; x_wconf 88' lang='lat' dir='ltr'>dilectum</span> 
     </span>
     <span class='ocr_line' id='line_1_15' title="bbox 212 743 1531 791; baseline 0.002 -13"><span class='ocrx_word' id='word_1_64' title='bbox 212 751 373 790; x_wconf 88' lang='lat' dir='ltr'>oportet</span> <span class='ocrx_word' id='word_1_65' title='bbox 423 751 547 779; x_wconf 88' lang='lat' dir='ltr'>totam</span> <span class='ocrx_word' id='word_1_66' title='bbox 600 755 760 778; x_wconf 88' lang='lat' dir='ltr'>causam</span> <span class='ocrx_word' id='word_1_67' title='bbox 812 743 1047 791; x_wconf 78' lang='lat' dir='ltr'>originalem</span> <span class='ocrx_word' id='word_1_68' title='bbox 1099 743 1327 780; x_wconf 85' lang='lat' dir='ltr'>dileccionis</span> <span class='ocrx_word' id='word_1_69' title='bbox 1372 754 1408 781; x_wconf 86' lang='lat' dir='ltr'>et</span> <span class='ocrx_word' id='word_1_70' title='bbox 1452 745 1531 782; x_wconf 91' lang='lat' dir='ltr'>odii</span> 
     </span>
     <span class='ocr_line' id='line_1_16' title="bbox 213 800 1532 850; baseline 0.002 -14"><span class='ocrx_word' id='word_1_71' title='bbox 213 810 249 836; x_wconf 86' lang='lat' dir='ltr'>et</span> <span class='ocrx_word' id='word_1_72' title='bbox 288 800 342 837; x_wconf 90' lang='lat' dir='ltr'>sic</span> <span class='ocrx_word' id='word_1_73' title='bbox 387 800 481 836; x_wconf 89' lang='lat' dir='ltr'>boni</span> <span class='ocrx_word' id='word_1_74' title='bbox 526 809 562 836; x_wconf 89' lang='lat' dir='ltr'>et</span> <span class='ocrx_word' id='word_1_75' title='bbox 608 800 700 836; x_wconf 85' lang='lat' dir='ltr'>mali</span> <span class='ocrx_word' id='word_1_76' title='bbox 740 800 778 836; x_wconf 90' lang='lat' dir='ltr'>in</span> <span class='ocrx_word' id='word_1_77' title='bbox 814 803 895 837; x_wconf 77' lang='lat' dir='ltr'>Deo</span> <span class='ocrx_word' id='word_1_78' title='bbox 935 814 1096 849; x_wconf 86' lang='lat' dir='ltr'>ponere.</span> <span class='ocrx_word' id='word_1_79' title='bbox 1144 803 1220 838; x_wconf 89' lang='lat' dir='ltr'>Sed</span> <span class='ocrx_word' id='word_1_80' title='bbox 1261 802 1356 850; x_wconf 89' lang='lat' dir='ltr'>quid</span> <span class='ocrx_word' id='word_1_81' title='bbox 1395 803 1532 839; x_wconf 88' lang='lat' dir='ltr'>incon-</span> 
     </span>
     <span class='ocr_line' id='line_1_17' title="bbox 211 857 1531 908; baseline 0.002 -14"><span class='ocrx_word' id='word_1_82' title='bbox 211 858 465 894; x_wconf 75' lang='lat' dir='ltr'>veniencius?</span> <span class='ocrx_word' id='word_1_83' title='bbox 509 859 601 894; x_wconf 88' lang='lat' dir='ltr'>Ideo</span> <span class='ocrx_word' id='word_1_84' title='bbox 643 857 737 894; x_wconf 86' lang='lat' dir='ltr'>dicit</span> <span class='ocrx_word' id='word_1_85' title='bbox 768 859 1015 906; x_wconf 79' lang='lat' dir='ltr'>Augustinus</span> <span class='ocrx_word' id='word_1_86' title='bbox 1055 873 1144 896; x_wconf 90' lang='lat' dir='ltr'>cum</span> <span class='ocrx_word' id='word_1_87' title='bbox 1185 860 1271 896; x_wconf 88' lang='lat' dir='ltr'>aliis</span> <span class='ocrx_word' id='word_1_88' title='bbox 1310 860 1439 908; x_wconf 88' lang='lat' dir='ltr'>ipsum</span> <span class='ocrx_word' id='word_1_89' title='bbox 1474 874 1531 897; x_wconf 86' lang='lat' dir='ltr'>sc-</span> 
     </span>
     <span class='ocr_line' id='line_1_18' title="bbox 212 915 1529 965; baseline 0.003 -14"><span class='ocrx_word' id='word_1_90' title='bbox 212 916 446 964; x_wconf 82' lang='lat' dir='ltr'>quentibus:</span> <span class='ocrx_word' id='word_1_91' title='bbox 495 918 599 952; x_wconf 79' lang='lat' dir='ltr'>Deus</span> <span class='ocrx_word' id='word_1_92' title='bbox 644 915 768 952; x_wconf 85' lang='lat' dir='ltr'>nichil</span> <span class='ocrx_word' id='word_1_93' title='bbox 812 926 941 965; x_wconf 81' lang='lat' dir='ltr'>potest</span> <span class='ocrx_word' id='word_1_94' title='bbox 975 917 1137 965; x_wconf 87' lang='lat' dir='ltr'>diligere</span> <span class='ocrx_word' id='word_1_95' title='bbox 1181 919 1241 954; x_wconf 74' lang='lat' dir='ltr'>vel</span> <span class='ocrx_word' id='word_1_96' title='bbox 1285 919 1409 963; x_wconf 82' lang='lat' dir='ltr'>odire,</span> <span class='ocrx_word' id='word_1_97' title='bbox 1456 919 1529 955; x_wconf 87' lang='lat' dir='ltr'>nisi</span> 
     </span>
     <span class='ocr_line' id='line_1_19' title="bbox 212 973 1531 1025; baseline 0.002 -15"><span class='ocrx_word' id='word_1_98' title='bbox 212 974 441 1011; x_wconf 78' lang='lat' dir='ltr'>eternaliter</span> <span class='ocrx_word' id='word_1_99' title='bbox 479 973 533 1010; x_wconf 86' lang='lat' dir='ltr'>sic</span> <span class='ocrx_word' id='word_1_100' title='bbox 572 986 612 1010; x_wconf 90' lang='lat' dir='ltr'>se</span> <span class='ocrx_word' id='word_1_101' title='bbox 652 975 796 1010; x_wconf 86' lang='lat' dir='ltr'>habeat</span> <span class='ocrx_word' id='word_1_102' title='bbox 836 977 969 1023; x_wconf 89' lang='lat' dir='ltr'>quoad</span> <span class='ocrx_word' id='word_1_103' title='bbox 1008 975 1125 1021; x_wconf 86' lang='lat' dir='ltr'>illud;</span> <span class='ocrx_word' id='word_1_104' title='bbox 1167 986 1203 1012; x_wconf 91' lang='lat' dir='ltr'>et</span> <span class='ocrx_word' id='word_1_105' title='bbox 1237 989 1326 1012; x_wconf 92' lang='lat' dir='ltr'>cum</span> <span class='ocrx_word' id='word_1_106' title='bbox 1368 977 1531 1025; x_wconf 83' lang='lat' dir='ltr'>diligere</span> 
     </span>
     <span class='ocr_line' id='line_1_20' title="bbox 211 1032 1531 1083; baseline 0.002 -15"><span class='ocrx_word' id='word_1_107' title='bbox 211 1042 436 1069; x_wconf 87' lang='lat' dir='ltr'>creaturam</span> <span class='ocrx_word' id='word_1_108' title='bbox 489 1032 537 1068; x_wconf 88' lang='lat' dir='ltr'>sit</span> <span class='ocrx_word' id='word_1_109' title='bbox 590 1032 718 1080; x_wconf 82' lang='lat' dir='ltr'>ipsam</span> <span class='ocrx_word' id='word_1_110' title='bbox 765 1032 927 1081; x_wconf 82' lang='lat' dir='ltr'>diligere</span> <span class='ocrx_word' id='word_1_111' title='bbox 973 1035 1105 1081; x_wconf 87' lang='lat' dir='ltr'>quoad</span> <span class='ocrx_word' id='word_1_112' title='bbox 1158 1035 1307 1070; x_wconf 86' lang='lat' dir='ltr'>bonum</span> <span class='ocrx_word' id='word_1_113' title='bbox 1353 1035 1531 1083; x_wconf 81' lang='lat' dir='ltr'>aliquod,</span> 
     </span>
     <span class='ocr_line' id='line_1_21' title="bbox 211 1090 1529 1141; baseline 0.002 -14"><span class='ocrx_word' id='word_1_114' title='bbox 211 1100 320 1138; x_wconf 86' lang='lat' dir='ltr'>patet</span> <span class='ocrx_word' id='word_1_115' title='bbox 354 1103 443 1127; x_wconf 91' lang='lat' dir='ltr'>cum</span> <span class='ocrx_word' id='word_1_116' title='bbox 470 1092 574 1126; x_wconf 76' lang='lat' dir='ltr'>Deus</span> <span class='ocrx_word' id='word_1_117' title='bbox 608 1090 837 1127; x_wconf 80' lang='lat' dir='ltr'>eternaliter</span> <span class='ocrx_word' id='word_1_118' title='bbox 870 1091 1004 1127; x_wconf 77' lang='lat' dir='ltr'>dilexit</span> <span class='ocrx_word' id='word_1_119' title='bbox 1040 1093 1143 1128; x_wconf 89' lang='lat' dir='ltr'>hunc</span> <span class='ocrx_word' id='word_1_120' title='bbox 1178 1094 1387 1137; x_wconf 82' lang='lat' dir='ltr'>mundum,</span> <span class='ocrx_word' id='word_1_121' title='bbox 1422 1095 1529 1141; x_wconf 86' lang='lat' dir='ltr'>quod</span> 
     </span>
     <span class='ocr_line' id='line_1_22' title="bbox 209 1148 1530 1200; baseline 0.003 -16"><span class='ocrx_word' id='word_1_122' title='bbox 209 1148 340 1196; x_wconf 89' lang='lat' dir='ltr'>ipsum</span> <span class='ocrx_word' id='word_1_123' title='bbox 375 1148 510 1184; x_wconf 81' lang='lat' dir='ltr'>dilexit</span> <span class='ocrx_word' id='word_1_124' title='bbox 544 1150 593 1184; x_wconf 91' lang='lat' dir='ltr'>ad</span> <span class='ocrx_word' id='word_1_125' title='bbox 639 1148 799 1196; x_wconf 85' lang='lat' dir='ltr'>aliquod</span> <span class='ocrx_word' id='word_1_126' title='bbox 849 1150 997 1185; x_wconf 89' lang='lat' dir='ltr'>bonum</span> <span class='ocrx_word' id='word_1_127' title='bbox 1043 1150 1219 1187; x_wconf 88' lang='lat' dir='ltr'>notabile</span> <span class='ocrx_word' id='word_1_128' title='bbox 1265 1160 1301 1187; x_wconf 89' lang='lat' dir='ltr'>et</span> <span class='ocrx_word' id='word_1_129' title='bbox 1346 1150 1413 1188; x_wconf 88' lang='lat' dir='ltr'>illa</span> <span class='ocrx_word' id='word_1_130' title='bbox 1454 1164 1530 1200; x_wconf 87' lang='lat' dir='ltr'>que</span> 
     </span>
     <span class='ocr_line' id='line_1_23' title="bbox 210 1205 691 1243; baseline 0 -1"><span class='ocrx_word' id='word_1_131' title='bbox 210 1207 342 1243; x_wconf 86' lang='lat' dir='ltr'>media</span> <span class='ocrx_word' id='word_1_132' title='bbox 375 1215 466 1242; x_wconf 89' lang='lat' dir='ltr'>sunt</span> <span class='ocrx_word' id='word_1_133' title='bbox 500 1208 549 1243; x_wconf 85' lang='lat' dir='ltr'>ad</span> <span class='ocrx_word' id='word_1_134' title='bbox 582 1205 691 1242; x_wconf 88' lang='lat' dir='ltr'>illud.</span> 
     </span>
    </p>

    <p class='ocr_par' dir='ltr' id='par_1_9' title="bbox 206 1264 1530 1722">
     <span class='ocr_line' id='line_1_24' title="bbox 267 1264 1530 1314; baseline 0.002 -14"><span class='ocrx_word' id='word_1_135' title='bbox 267 1267 314 1300; x_wconf 83' lang='lat' dir='ltr'>Et</span> <span class='ocrx_word' id='word_1_136' title='bbox 347 1274 457 1313; x_wconf 82' lang='lat' dir='ltr'>patet</span> <span class='ocrx_word' id='word_1_137' title='bbox 482 1266 528 1300; x_wconf 90' lang='lat' dir='ltr'>de</span> <span class='ocrx_word' id='word_1_138' title='bbox 562 1264 722 1300; x_wconf 79' lang='lat' dir='ltr'>racione</span> <span class='ocrx_word' id='word_1_139' title='bbox 758 1265 858 1313; x_wconf 85' lang='lat' dir='ltr'>regis</span> <span class='ocrx_word' id='word_1_140' title='bbox 893 1265 1097 1314; x_wconf 84' lang='lat' dir='ltr'>magnifici</span> <span class='ocrx_word' id='word_1_141' title='bbox 1131 1268 1238 1314; x_wconf 91' lang='lat' dir='ltr'>quod</span> <span class='ocrx_word' id='word_1_142' title='bbox 1273 1267 1373 1303; x_wconf 89' lang='lat' dir='ltr'>sicut</span> <span class='ocrx_word' id='word_1_143' title='bbox 1397 1267 1530 1304; x_wconf 78' lang='lat' dir='ltr'>dilexit</span> 
     </span>
     <span class='ocr_line' id='line_1_25' title="bbox 210 1322 1529 1370; baseline 0.002 -12"><span class='ocrx_word' id='word_1_144' title='bbox 210 1324 403 1358; x_wconf 88' lang='lat' dir='ltr'>mundum</span> <span class='ocrx_word' id='word_1_145' title='bbox 438 1322 661 1370; x_wconf 87' lang='lat' dir='ltr'>predictum</span> <span class='ocrx_word' id='word_1_146' title='bbox 696 1324 745 1359; x_wconf 84' lang='lat' dir='ltr'>ad</span> <span class='ocrx_word' id='word_1_147' title='bbox 779 1324 1082 1370; x_wconf 84' lang='lat' dir='ltr'>beatitudinem,</span> <span class='ocrx_word' id='word_1_148' title='bbox 1117 1324 1171 1361; x_wconf 90' lang='lat' dir='ltr'>sic</span> <span class='ocrx_word' id='word_1_149' title='bbox 1195 1324 1327 1361; x_wconf 80' lang='lat' dir='ltr'>dilexit</span> <span class='ocrx_word' id='word_1_150' title='bbox 1361 1335 1403 1361; x_wconf 87' lang='lat' dir='ltr'>ut</span> <span class='ocrx_word' id='word_1_151' title='bbox 1428 1326 1529 1362; x_wconf 82' lang='lat' dir='ltr'>filius</span> 
     </span>
     <span class='ocr_line' id='line_1_26' title="bbox 207 1380 1530 1431; baseline 0.003 -15"><span class='ocrx_word' id='word_1_152' title='bbox 207 1394 300 1416; x_wconf 84' lang='lat' dir='ltr'>suus</span> <span class='ocrx_word' id='word_1_153' title='bbox 351 1394 424 1428; x_wconf 88' lang='lat' dir='ltr'>pro</span> <span class='ocrx_word' id='word_1_154' title='bbox 474 1380 613 1416; x_wconf 89' lang='lat' dir='ltr'>mundi</span> <span class='ocrx_word' id='word_1_155' title='bbox 667 1381 914 1418; x_wconf 83' lang='lat' dir='ltr'>beatitudine</span> <span class='ocrx_word' id='word_1_156' title='bbox 959 1384 1079 1418; x_wconf 88' lang='lat' dir='ltr'>modo</span> <span class='ocrx_word' id='word_1_157' title='bbox 1124 1396 1204 1431; x_wconf 87' lang='lat' dir='ltr'>quo</span> <span class='ocrx_word' id='word_1_158' title='bbox 1249 1384 1346 1419; x_wconf 83' lang='lat' dir='ltr'>fides</span> <span class='ocrx_word' id='word_1_159' title='bbox 1391 1384 1530 1420; x_wconf 78' lang='lat' dir='ltr'>asserit</span> 
     </span>
     <span class='ocr_line' id='line_1_27' title="bbox 207 1438 1528 1490; baseline 0.003 -16"><span class='ocrx_word' id='word_1_160' title='bbox 207 1448 411 1486; x_wconf 90' lang='lat' dir='ltr'>pateretur</span> <span class='ocrx_word' id='word_1_161' title='bbox 451 1447 488 1474; x_wconf 93' lang='lat' dir='ltr'>et</span> <span class='ocrx_word' id='word_1_162' title='bbox 528 1438 582 1474; x_wconf 89' lang='lat' dir='ltr'>sic</span> <span class='ocrx_word' id='word_1_163' title='bbox 622 1438 766 1475; x_wconf 79' lang='lat' dir='ltr'>virtute</span> <span class='ocrx_word' id='word_1_164' title='bbox 801 1439 1030 1476; x_wconf 83' lang='lat' dir='ltr'>dileccionis</span> <span class='ocrx_word' id='word_1_165' title='bbox 1063 1441 1244 1477; x_wconf 90' lang='lat' dir='ltr'>Christus</span> <span class='ocrx_word' id='word_1_166' title='bbox 1278 1441 1349 1477; x_wconf 81' lang='lat' dir='ltr'>Dei</span> <span class='ocrx_word' id='word_1_167' title='bbox 1389 1442 1528 1490; x_wconf 87' lang='lat' dir='ltr'>unige-</span> 
     </span>
     <span class='ocr_line' id='line_1_28' title="bbox 206 1496 1528 1547; baseline 0.003 -15"><span class='ocrx_word' id='word_1_168' title='bbox 206 1497 311 1533; x_wconf 86' lang='lat' dir='ltr'>nitus</span> <span class='ocrx_word' id='word_1_169' title='bbox 358 1496 429 1533; x_wconf 91' lang='lat' dir='ltr'>fuit</span> <span class='ocrx_word' id='word_1_170' title='bbox 475 1510 626 1545; x_wconf 69' lang='lat' dir='ltr'>passus</span> <span class='ocrx_word' id='word_1_171' title='bbox 673 1499 720 1533; x_wconf 87' lang='lat' dir='ltr'>Et</span> <span class='ocrx_word' id='word_1_172' title='bbox 759 1497 848 1533; x_wconf 89' lang='lat' dir='ltr'>ideo</span> <span class='ocrx_word' id='word_1_173' title='bbox 888 1498 1092 1546; x_wconf 86' lang='lat' dir='ltr'>subiungit</span> <span class='ocrx_word' id='word_1_174' title='bbox 1130 1508 1256 1535; x_wconf 79' lang='lat' dir='ltr'>textus</span> <span class='ocrx_word' id='word_1_175' title='bbox 1296 1513 1368 1547; x_wconf 89' lang='lat' dir='ltr'>pro</span> <span class='ocrx_word' id='word_1_176' title='bbox 1409 1513 1528 1536; x_wconf 83' lang='lat' dir='ltr'>causa</span> 
     </span>
     <span class='ocr_line' id='line_1_29' title="bbox 207 1555 1528 1607; baseline 0.003 -17"><span class='ocrx_word' id='word_1_177' title='bbox 207 1564 398 1603; x_wconf 89' lang='lat' dir='ltr'>sequente</span> <span class='ocrx_word' id='word_1_178' title='bbox 443 1564 485 1591; x_wconf 92' lang='lat' dir='ltr'>ut</span> <span class='ocrx_word' id='word_1_179' title='bbox 530 1555 652 1591; x_wconf 72' lang='lat' dir='ltr'>omnis</span> <span class='ocrx_word' id='word_1_180' title='bbox 695 1556 760 1604; x_wconf 80' lang='lat' dir='ltr'>qui</span> <span class='ocrx_word' id='word_1_181' title='bbox 801 1557 925 1592; x_wconf 78' lang='lat' dir='ltr'>credit</span> <span class='ocrx_word' id='word_1_182' title='bbox 969 1557 1004 1592; x_wconf 85' lang='lat' dir='ltr'>in</span> <span class='ocrx_word' id='word_1_183' title='bbox 1050 1569 1133 1593; x_wconf 82' lang='lat' dir='ltr'>eum</span> <span class='ocrx_word' id='word_1_184' title='bbox 1178 1570 1249 1593; x_wconf 80' lang='lat' dir='ltr'>non</span> <span class='ocrx_word' id='word_1_185' title='bbox 1284 1566 1422 1607; x_wconf 79' lang='lat' dir='ltr'>pereat</span> <span class='ocrx_word' id='word_1_186' title='bbox 1460 1559 1528 1594; x_wconf 75' lang='lat' dir='ltr'>sed</span> 
     </span>
     <span class='ocr_line' id='line_1_30' title="bbox 206 1613 1527 1664; baseline 0.002 -15"><span class='ocrx_word' id='word_1_187' title='bbox 206 1613 343 1649; x_wconf 74' lang='lat' dir='ltr'>habeat</span> <span class='ocrx_word' id='word_1_188' title='bbox 388 1613 503 1649; x_wconf 79' lang='lat' dir='ltr'>vitam</span> <span class='ocrx_word' id='word_1_189' title='bbox 549 1620 734 1662; x_wconf 76' lang='lat' dir='ltr'>eternam,</span> <span class='ocrx_word' id='word_1_190' title='bbox 779 1613 846 1650; x_wconf 91' lang='lat' dir='ltr'>ubi</span> <span class='ocrx_word' id='word_1_191' title='bbox 885 1624 1044 1662; x_wconf 84' lang='lat' dir='ltr'>oportet</span> <span class='ocrx_word' id='word_1_192' title='bbox 1084 1615 1304 1663; x_wconf 87' lang='lat' dir='ltr'>intelligere</span> <span class='ocrx_word' id='word_1_193' title='bbox 1346 1617 1453 1664; x_wconf 88' lang='lat' dir='ltr'>quod</span> <span class='ocrx_word' id='word_1_194' title='bbox 1487 1616 1527 1652; x_wconf 88' lang='lat' dir='ltr'>in</span> 
     </span>
     <span class='ocr_line' id='line_1_31' title="bbox 207 1670 1528 1722; baseline 0.002 -15"><span class='ocrx_word' id='word_1_195' title='bbox 207 1670 410 1708; x_wconf 87' lang='lat' dir='ltr'>Christum</span> <span class='ocrx_word' id='word_1_196' title='bbox 445 1672 606 1707; x_wconf 87' lang='lat' dir='ltr'>credere</span> <span class='ocrx_word' id='word_1_197' title='bbox 639 1671 687 1707; x_wconf 91' lang='lat' dir='ltr'>sit</span> <span class='ocrx_word' id='word_1_198' title='bbox 711 1671 784 1708; x_wconf 89' lang='lat' dir='ltr'>sibi</span> <span class='ocrx_word' id='word_1_199' title='bbox 818 1685 888 1720; x_wconf 89' lang='lat' dir='ltr'>per</span> <span class='ocrx_word' id='word_1_200' title='bbox 911 1686 1089 1709; x_wconf 87' lang='lat' dir='ltr'>amorem</span> <span class='ocrx_word' id='word_1_201' title='bbox 1125 1673 1303 1710; x_wconf 84' lang='lat' dir='ltr'>caritatis</span> <span class='ocrx_word' id='word_1_202' title='bbox 1336 1683 1528 1722; x_wconf 86' lang='lat' dir='ltr'>perpetue</span> 
     </span>
    </p>
   </div>
   <div class='ocr_carea' id='block_1_9' title="bbox 174 1730 1527 1780">
    <p class='ocr_par' dir='ltr' id='par_1_10' title="bbox 174 1730 1527 1780">
     <span class='ocr_line' id='line_1_32' title="bbox 174 1730 1527 1780; baseline 0.004 -16"><span class='ocrx_word' id='word_1_203' title='bbox 174 1730 410 1766; x_wconf 70' lang='lat' dir='ltr'>Tadherere.</span> <span class='ocrx_word' id='word_1_204' title='bbox 436 1731 483 1766; x_wconf 88' lang='lat' dir='ltr'>Et</span> <span class='ocrx_word' id='word_1_205' title='bbox 507 1730 652 1777; x_wconf 86' lang='lat' dir='ltr'>loquor</span> <span class='ocrx_word' id='word_1_206' title='bbox 683 1731 729 1766; x_wconf 85' lang='lat' dir='ltr'>de</span> <span class='ocrx_word' id='word_1_207' title='bbox 760 1730 926 1767; x_wconf 87' lang='lat' dir='ltr'>caritate</span> <span class='ocrx_word' id='word_1_208' title='bbox 956 1741 1150 1779; x_wconf 88' lang='lat' dir='ltr'>perpetua</span> <span class='ocrx_word' id='word_1_209' title='bbox 1180 1744 1256 1780; x_wconf 90' lang='lat' dir='ltr'>que</span> <span class='ocrx_word' id='word_1_210' title='bbox 1281 1741 1337 1768; x_wconf 83' lang='lat' dir='ltr'>est</span> <span class='ocrx_word' id='word_1_211' title='bbox 1362 1732 1527 1769; x_wconf 88' lang='lat' dir='ltr'>dileccio</span> 
     </span>
    </p>
   </div>
   <div class='ocr_carea' id='block_1_10' title="bbox 204 1786 1523 1895">
    <p class='ocr_par' dir='ltr' id='par_1_11' title="bbox 204 1786 1523 1895">
     <span class='ocr_line' id='line_1_33' title="bbox 204 1786 1523 1838; baseline 0.003 -16"><span class='ocrx_word' id='word_1_212' title='bbox 204 1786 350 1823; x_wconf 74' lang='lat' dir='ltr'>virtute</span> <span class='ocrx_word' id='word_1_213' title='bbox 384 1787 741 1835; x_wconf 87' lang='lat' dir='ltr'>predestinacionis</span> <span class='ocrx_word' id='word_1_214' title='bbox 775 1802 855 1825; x_wconf 88' lang='lat' dir='ltr'>non</span> <span class='ocrx_word' id='word_1_215' title='bbox 890 1789 1084 1826; x_wconf 83' lang='lat' dir='ltr'>excidens.</span> <span class='ocrx_word' id='word_1_216' title='bbox 1132 1792 1179 1826; x_wconf 78' lang='lat' dir='ltr'>Et</span> <span class='ocrx_word' id='word_1_217' title='bbox 1217 1800 1326 1838; x_wconf 89' lang='lat' dir='ltr'>patet</span> <span class='ocrx_word' id='word_1_218' title='bbox 1360 1792 1523 1827; x_wconf 73' lang='lat' dir='ltr'>verbum</span> 
     </span>
     <span class='ocr_line' id='line_1_34' title="bbox 205 1845 1087 1895; baseline 0.006 -14"><span class='ocrx_word' id='word_1_219' title='bbox 205 1845 397 1893; x_wconf 76' lang='lat' dir='ltr'>evangelii</span> <span class='ocrx_word' id='word_1_220' title='bbox 431 1854 571 1881; x_wconf 89' lang='lat' dir='ltr'>contra</span> <span class='ocrx_word' id='word_1_221' title='bbox 604 1846 834 1893; x_wconf 82' lang='lat' dir='ltr'>dyabolicos</span> <span class='ocrx_word' id='word_1_222' title='bbox 867 1847 1087 1895; x_wconf 67' lang='lat' dir='ltr'>capciosos</span> 
     </span>
    </p>
   </div>
   <div class='ocr_carea' id='block_1_11' title="bbox 1769 224 1817 261">
    <p class='ocr_par' dir='ltr' id='par_1_12' title="bbox 1769 224 1817 261">
     <span class='ocr_line' id='line_1_35' title="bbox 1769 224 1817 261; baseline -0.021 0"><span class='ocrx_word' id='word_1_223' title='bbox 1769 224 1817 261; x_wconf 73' lang='lat'>83</span> 
     </span>
    </p>
   </div>
   <div class='ocr_carea' id='block_1_12' title="bbox 1564 1280 1801 1449">
    <p class='ocr_par' dir='ltr' id='par_1_13' title="bbox 1564 1280 1801 1449">
     <span class='ocr_line' id='line_1_36' title="bbox 1572 1280 1794 1318; baseline 0.005 -11"><span class='ocrx_word' id='word_1_224' title='bbox 1572 1280 1638 1307; x_wconf 85' lang='lat' dir='ltr'>The</span> <span class='ocrx_word' id='word_1_225' title='bbox 1660 1280 1733 1308; x_wconf 82' lang='lat' dir='ltr'>saith</span> <span class='ocrx_word' id='word_1_226' title='bbox 1756 1281 1794 1318; x_wconf 81' lang='lat' dir='ltr'>by</span> 
     </span>
     <span class='ocr_line' id='line_1_37' title="bbox 1564 1316 1801 1344; baseline 0.013 -3"><span class='ocrx_word' id='word_1_227' title='bbox 1564 1316 1663 1343; x_wconf 73' lang='lat' dir='ltr'>which</span> <span class='ocrx_word' id='word_1_228' title='bbox 1686 1325 1731 1343; x_wconf 85' lang='lat' dir='ltr'>we</span> <span class='ocrx_word' id='word_1_229' title='bbox 1752 1325 1801 1344; x_wconf 85' lang='lat' dir='ltr'>are</span> 
     </span>
     <span class='ocr_line' id='line_1_38' title="bbox 1615 1352 1754 1378; baseline 0 0"><span class='ocrx_word' id='word_1_230' title='bbox 1615 1352 1708 1378; x_wconf 85' lang='lat' dir='ltr'>saved</span> <span class='ocrx_word' id='word_1_231' title='bbox 1730 1352 1754 1378; x_wconf 89' lang='lat' dir='ltr'>is</span> 
     </span>
     <span class='ocr_line' id='line_1_39' title="bbox 1575 1386 1790 1423; baseline 0.005 -10"><span class='ocrx_word' id='word_1_232' title='bbox 1575 1386 1727 1414; x_wconf 81' lang='lat' dir='ltr'>informed</span> <span class='ocrx_word' id='word_1_233' title='bbox 1752 1388 1790 1423; x_wconf 84' lang='lat' dir='ltr'>by</span> 
     </span>
     <span class='ocr_line' id='line_1_40' title="bbox 1644 1422 1721 1449; baseline 0.013 -1"><span class='ocrx_word' id='word_1_234' title='bbox 1644 1422 1721 1449; x_wconf 84' lang='lat' dir='ltr'>love.</span> 
     </span>
    </p>
   </div>
   <div class='ocr_carea' id='block_1_13' title="bbox 204 1903 1817 2000">
    <p class='ocr_par' dir='ltr' id='par_1_14' title="bbox 204 1903 1817 2000">
     <span class='ocr_line' id='line_1_41' title="bbox 264 1903 1817 1957; baseline 0.003 -19"><span class='ocrx_word' id='word_1_235' title='bbox 264 1906 310 1939; x_wconf 82' lang='lat' dir='ltr'>Et</span> <span class='ocrx_word' id='word_1_236' title='bbox 355 1903 534 1951; x_wconf 88' lang='lat' dir='ltr'>sequitur</span> <span class='ocrx_word' id='word_1_237' title='bbox 577 1903 617 1939; x_wconf 94' lang='lat' dir='ltr'>in</span> <span class='ocrx_word' id='word_1_238' title='bbox 663 1912 789 1941; x_wconf 81' lang='lat' dir='ltr'>textu:</span> <span class='ocrx_word' id='word_1_239' title='bbox 836 1906 922 1941; x_wconf 80' lang='lat' dir='ltr'>Non</span> <span class='ocrx_word' id='word_1_240' title='bbox 967 1907 1063 1942; x_wconf 81' lang='lat' dir='ltr'>enim</span> <span class='ocrx_word' id='word_1_241' title='bbox 1110 1906 1209 1942; x_wconf 78' lang='lat' dir='ltr'>misit</span> <span class='ocrx_word' id='word_1_242' title='bbox 1255 1907 1362 1942; x_wconf 79' lang='lat' dir='ltr'>Deus</span> <span class='ocrx_word' id='word_1_243' title='bbox 1393 1907 1524 1957; x_wconf 79' lang='lat' dir='ltr'>filium</span> <span class='ocrx_word' id='word_1_244' title='bbox 1541 1922 1608 1950; x_wconf 77' lang='lat' dir='ltr'>The</span> <span class='ocrx_word' id='word_1_245' title='bbox 1630 1923 1728 1950; x_wconf 77' lang='lat' dir='ltr'>world</span> <span class='ocrx_word' id='word_1_246' title='bbox 1752 1923 1817 1950; x_wconf 78' lang='lat' dir='ltr'>that</span> 
     </span>
     <span class='ocr_line' id='line_1_42' title="bbox 204 1958 1803 2000; baseline 0.001 -4"><span class='ocrx_word' id='word_1_247' title='bbox 204 1974 313 1997; x_wconf 76' lang='lat' dir='ltr'>sumn</span> <span class='ocrx_word' id='word_1_248' title='bbox 362 1962 399 1997; x_wconf 87' lang='lat' dir='ltr'>in</span> <span class='ocrx_word' id='word_1_249' title='bbox 445 1962 627 1997; x_wconf 79' lang='lat' dir='ltr'>mundum</span> <span class='ocrx_word' id='word_1_250' title='bbox 675 1970 714 1998; x_wconf 82' lang='lat' dir='ltr'>ut</span> <span class='ocrx_word' id='word_1_251' title='bbox 758 1964 897 1999; x_wconf 78' lang='lat' dir='ltr'>iudicet</span> <span class='ocrx_word' id='word_1_252' title='bbox 935 1965 1118 2000; x_wconf 76' lang='lat' dir='ltr'>mundum</span> <span class='ocrx_word' id='word_1_253' title='bbox 1158 1965 1226 2000; x_wconf 79' lang='lat' dir='ltr'>sed</span> <span class='ocrx_word' id='word_1_254' title='bbox 1272 1973 1310 2000; x_wconf 84' lang='lat' dir='ltr'>ut</span> <span class='ocrx_word' id='word_1_255' title='bbox 1353 1966 1528 2000; x_wconf 73' lang='lat' dir='ltr'>salvetur</span> <span class='ocrx_word' id='word_1_256' title='bbox 1555 1958 1691 1997; x_wconf 26' lang='lat' dir='ltr'>,istobe</span> <span class='ocrx_word' id='word_1_257' title='bbox 1713 1959 1803 1985; x_wconf 50' lang='lat'>⁸³⁸⁷&amp;</span> 
     </span>
    </p>
   </div>
   <div class='ocr_carea' id='block_1_14' title="bbox 204 2020 1526 2361">
    <p class='ocr_par' dir='ltr' id='par_1_15' title="bbox 204 2020 1526 2361">
     <span class='ocr_line' id='line_1_43' title="bbox 205 2020 1523 2070; baseline 0.003 -16"><span class='ocrx_word' id='word_1_258' title='bbox 205 2020 372 2056; x_wconf 75' lang='lat' dir='ltr'>mundus</span> <span class='ocrx_word' id='word_1_259' title='bbox 409 2032 485 2068; x_wconf 77' lang='lat' dir='ltr'>pet·</span> <span class='ocrx_word' id='word_1_260' title='bbox 522 2020 658 2069; x_wconf 73' lang='lat' dir='ltr'>ipsum.</span> <span class='ocrx_word' id='word_1_261' title='bbox 706 2020 781 2057; x_wconf 90' lang='lat' dir='ltr'>Ubi</span> <span class='ocrx_word' id='word_1_262' title='bbox 827 2035 1011 2069; x_wconf 87' lang='lat' dir='ltr'>suppono</span> <span class='ocrx_word' id='word_1_263' title='bbox 1052 2022 1184 2070; x_wconf 85' lang='lat' dir='ltr'>primo</span> <span class='ocrx_word' id='word_1_264' title='bbox 1226 2035 1296 2070; x_wconf 87' lang='lat' dir='ltr'>per</span> <span class='ocrx_word' id='word_1_265' title='bbox 1331 2025 1523 2059; x_wconf 82' lang='lat' dir='ltr'>mundum</span> 
     </span>
     <span class='ocr_line' id='line_1_44' title="bbox 204 2076 1526 2128; baseline 0.004 -16"><span class='ocrx_word' id='word_1_266' title='bbox 204 2076 371 2125; x_wconf 85' lang='lat' dir='ltr'>intelligi</span> <span class='ocrx_word' id='word_1_267' title='bbox 405 2077 506 2113; x_wconf 83' lang='lat' dir='ltr'>sicut</span> <span class='ocrx_word' id='word_1_268' title='bbox 530 2091 663 2126; x_wconf 87' lang='lat' dir='ltr'>supra,</span> <span class='ocrx_word' id='word_1_269' title='bbox 697 2092 881 2127; x_wconf 85' lang='lat' dir='ltr'>suppono</span> <span class='ocrx_word' id='word_1_270' title='bbox 915 2082 1091 2116; x_wconf 85' lang='lat' dir='ltr'>secundo</span> <span class='ocrx_word' id='word_1_271' title='bbox 1115 2082 1222 2128; x_wconf 86' lang='lat' dir='ltr'>quod</span> <span class='ocrx_word' id='word_1_272' title='bbox 1256 2093 1326 2128; x_wconf 83' lang='lat' dir='ltr'>per</span> <span class='ocrx_word' id='word_1_273' title='bbox 1349 2081 1526 2117; x_wconf 84' lang='lat' dir='ltr'>iudicare</span> 
     </span>
     <span class='ocr_line' id='line_1_45' title="bbox 206 2135 1524 2186; baseline 0.003 -16"><span class='ocrx_word' id='word_1_274' title='bbox 206 2137 399 2171; x_wconf 83' lang='lat' dir='ltr'>mundum</span> <span class='ocrx_word' id='word_1_275' title='bbox 445 2135 679 2184; x_wconf 84' lang='lat' dir='ltr'>intelligitur</span> <span class='ocrx_word' id='word_1_276' title='bbox 723 2142 780 2182; x_wconf 87' lang='lat' dir='ltr'>(ut</span> <span class='ocrx_word' id='word_1_277' title='bbox 823 2151 915 2186; x_wconf 86' lang='lat' dir='ltr'>sepe</span> <span class='ocrx_word' id='word_1_278' title='bbox 967 2138 1006 2174; x_wconf 88' lang='lat' dir='ltr'>in</span> <span class='ocrx_word' id='word_1_279' title='bbox 1058 2138 1276 2185; x_wconf 77' lang='lat' dir='ltr'>evangelio)</span> <span class='ocrx_word' id='word_1_280' title='bbox 1331 2141 1524 2175; x_wconf 89' lang='lat' dir='ltr'>mundum</span> 
     </span>
     <span class='ocr_line' id='line_1_46' title="bbox 205 2193 1525 2244; baseline 0.003 -15"><span class='ocrx_word' id='word_1_281' title='bbox 205 2193 483 2230; x_wconf 75' lang='lat' dir='ltr'>auctoritative</span> <span class='ocrx_word' id='word_1_282' title='bbox 516 2196 565 2230; x_wconf 85' lang='lat' dir='ltr'>ad</span> <span class='ocrx_word' id='word_1_283' title='bbox 596 2195 932 2242; x_wconf 83' lang='lat' dir='ltr'>dampnacionem</span> <span class='ocrx_word' id='word_1_284' title='bbox 968 2206 1201 2244; x_wconf 80' lang='lat' dir='ltr'>perpetuam</span> <span class='ocrx_word' id='word_1_285' title='bbox 1238 2198 1454 2240; x_wconf 76' lang='lat' dir='ltr'>declarare,</span> <span class='ocrx_word' id='word_1_286' title='bbox 1489 2206 1525 2233; x_wconf 84' lang='lat' dir='ltr'>et</span> 
     </span>
     <span class='ocr_line' id='line_1_47' title="bbox 205 2252 1525 2303; baseline 0.002 -16"><span class='ocrx_word' id='word_1_287' title='bbox 205 2264 388 2299; x_wconf 85' lang='lat' dir='ltr'>suppono</span> <span class='ocrx_word' id='word_1_288' title='bbox 423 2252 546 2288; x_wconf 88' lang='lat' dir='ltr'>tercio</span> <span class='ocrx_word' id='word_1_289' title='bbox 570 2254 676 2300; x_wconf 88' lang='lat' dir='ltr'>quod</span> <span class='ocrx_word' id='word_1_290' title='bbox 711 2253 957 2302; x_wconf 83' lang='lat' dir='ltr'>intelligatur</span> <span class='ocrx_word' id='word_1_291' title='bbox 982 2268 1051 2303; x_wconf 88' lang='lat' dir='ltr'>per</span> <span class='ocrx_word' id='word_1_292' title='bbox 1083 2255 1351 2291; x_wconf 76' lang='lat' dir='ltr'>salvacionem</span> <span class='ocrx_word' id='word_1_293' title='bbox 1388 2255 1525 2291; x_wconf 86' lang='lat' dir='ltr'>mundi</span> 
     </span>
     <span class='ocr_line' id='line_1_48' title="bbox 206 2309 1526 2361; baseline 0.003 -16"><span class='ocrx_word' id='word_1_294' title='bbox 206 2309 455 2346; x_wconf 85' lang='lat' dir='ltr'>beatificacio</span> <span class='ocrx_word' id='word_1_295' title='bbox 499 2310 862 2358; x_wconf 83' lang='lat' dir='ltr'>predestinatorum</span> <span class='ocrx_word' id='word_1_296' title='bbox 911 2322 1119 2361; x_wconf 85' lang='lat' dir='ltr'>perpetua.</span> <span class='ocrx_word' id='word_1_297' title='bbox 1165 2316 1212 2349; x_wconf 81' lang='lat' dir='ltr'>Et</span> <span class='ocrx_word' id='word_1_298' title='bbox 1251 2323 1359 2360; x_wconf 87' lang='lat' dir='ltr'>patet</span> <span class='ocrx_word' id='word_1_299' title='bbox 1399 2323 1526 2349; x_wconf 74' lang='lat' dir='ltr'>textus</span> 
     </span>
    </p>
   </div>
   <div class='ocr_carea' id='block_1_15' title="bbox 206 2466 1524 2542">
    <p class='ocr_par' dir='ltr' id='par_1_16' title="bbox 206 2466 1524 2542">
     <span class='ocr_line' id='line_1_49' title="bbox 216 2466 1524 2507; baseline 0.004 -13"><span class='ocrx_word' id='word_1_300' title='bbox 216 2502 219 2504; x_wconf 21' lang='lat' dir='ltr'>q</span> <span class='ocrx_word' id='word_1_301' title='bbox 276 2466 300 2494; x_wconf 84' lang='lat'>3.</span> <span class='ocrx_word' id='word_1_302' title='bbox 323 2468 349 2495; x_wconf 80' lang='lat'>1:</span> <span class='ocrx_word' id='word_1_303' title='bbox 372 2470 419 2496; x_wconf 76' lang='lat' dir='ltr'>vel</span> <span class='ocrx_word' id='word_1_304' title='bbox 437 2472 583 2496; x_wconf 73' lang='lat' dir='ltr'>movente.</span> <span class='ocrx_word' id='word_1_305' title='bbox 641 2470 664 2498; x_wconf 81' lang='lat'>5.</span> <span class='ocrx_word' id='word_1_306' title='bbox 687 2470 729 2497; x_wconf 80' lang='lat' dir='ltr'>D:</span> <span class='ocrx_word' id='word_1_307' title='bbox 752 2474 895 2498; x_wconf 73' lang='lat' dir='ltr'>moveret.</span> <span class='ocrx_word' id='word_1_308' title='bbox 953 2471 979 2498; x_wconf 59' lang='lat' dir='ltr'>ii.</span> <span class='ocrx_word' id='word_1_309' title='bbox 998 2471 1021 2499; x_wconf 69' lang='grc' dir='ltr'>Ι)</span> <span class='ocrx_word' id='word_1_310' title='bbox 1038 2471 1065 2498; x_wconf 83' lang='lat' dir='ltr'>in</span> <span class='ocrx_word' id='word_1_311' title='bbox 1084 2480 1179 2507; x_wconf 82' lang='lat' dir='ltr'>marg.</span> <span class='ocrx_word' id='word_1_312' title='bbox 1202 2471 1272 2499; x_wconf 82' lang='lat' dir='ltr'>inf.:</span> <span class='ocrx_word' id='word_1_313' title='bbox 1294 2471 1382 2499; x_wconf 77' lang='lat' dir='ltr'>Mens</span> <span class='ocrx_word' id='word_1_314' title='bbox 1401 2475 1524 2501; x_wconf 57' lang='lat' dir='ltr'>surgat.</span> 
     </span>
     <span class='ocr_line' id='line_1_50' title="bbox 206 2502 1523 2542; baseline 0.004 -13"><span class='ocrx_word' id='word_1_315' title='bbox 206 2502 232 2529; x_wconf 68' lang='grc'>8.</span> <span class='ocrx_word' id='word_1_316' title='bbox 255 2503 281 2530; x_wconf 87' lang='grc'>1.·</span> <span class='ocrx_word' id='word_1_317' title='bbox 309 2503 487 2530; x_wconf 69' lang='lat' dir='ltr'>dileccionis</span> <span class='ocrx_word' id='word_1_318' title='bbox 508 2505 600 2531; x_wconf 48' lang='lat' dir='ltr'>det-st.</span> <span class='ocrx_word' id='word_1_319' title='bbox 745 2505 781 2534; x_wconf 73' lang='lat'>13.</span> <span class='ocrx_word' id='word_1_320' title='bbox 805 2506 886 2532; x_wconf 58' lang='lat' dir='ltr'>lllil:</span> <span class='ocrx_word' id='word_1_321' title='bbox 915 2505 1053 2540; x_wconf 58' lang='lat' dir='ltr'>diligere</span> <span class='ocrx_word' id='word_1_322' title='bbox 1072 2507 1123 2533; x_wconf 69' lang='lat' dir='ltr'>ad.</span> <span class='ocrx_word' id='word_1_323' title='bbox 1270 2515 1295 2539; x_wconf 68' lang='lat'>14</span> <span class='ocrx_word' id='word_1_324' title='bbox 1333 2509 1379 2534; x_wconf 81' lang='lat' dir='ltr'>A:</span> <span class='ocrx_word' id='word_1_325' title='bbox 1408 2507 1523 2542; x_wconf 62' lang='lat' dir='ltr'>diligit.</span> 
     </span>
    </p>
   </div>
   <div class='ocr_carea' id='block_1_16' title="bbox 205 2538 1525 2649">
    <p class='ocr_par' dir='ltr' id='par_1_17' title="bbox 205 2538 1525 2649">
     <span class='ocr_line' id='line_1_51' title="bbox 208 2538 1524 2576; baseline 0.003 -12"><span class='ocrx_word' id='word_1_326' title='bbox 208 2546 248 2570; x_wconf 64' lang='grc' dir='ltr'>ιι,</span> <span class='ocrx_word' id='word_1_327' title='bbox 272 2538 306 2564; x_wconf 76' lang='lat'>15.</span> <span class='ocrx_word' id='word_1_328' title='bbox 331 2540 369 2564; x_wconf 59' lang='lat' dir='ltr'>lx:</span> <span class='ocrx_word' id='word_1_329' title='bbox 399 2539 478 2566; x_wconf 78' lang='lat' dir='ltr'>hunc</span> <span class='ocrx_word' id='word_1_330' title='bbox 497 2555 530 2558; x_wconf 26' lang='lat' dir='ltr'>a</span> <span class='ocrx_word' id='word_1_331' title='bbox 549 2539 593 2566; x_wconf 69' lang='lat' dir='ltr'>ad</span> <span class='ocrx_word' id='word_1_332' title='bbox 611 2540 705 2567; x_wconf 75' lang='lat' dir='ltr'>deest.</span> <span class='ocrx_word' id='word_1_333' title='bbox 800 2541 833 2567; x_wconf 76' lang='lat'>15.</span> <span class='ocrx_word' id='word_1_334' title='bbox 857 2542 899 2567; x_wconf 80' lang='lat' dir='ltr'>A:</span> <span class='ocrx_word' id='word_1_335' title='bbox 923 2541 1059 2568; x_wconf 64' lang='lat' dir='ltr'>notabile</span> <span class='ocrx_word' id='word_1_336' title='bbox 1079 2542 1174 2568; x_wconf 68' lang='lat' dir='ltr'>deest.</span> <span class='ocrx_word' id='word_1_337' title='bbox 1262 2550 1299 2576; x_wconf 80' lang='lat'>¹7-</span> <span class='ocrx_word' id='word_1_338' title='bbox 1322 2543 1349 2569; x_wconf 79' lang='lat' dir='ltr'>I:</span> <span class='ocrx_word' id='word_1_339' title='bbox 1372 2541 1410 2568; x_wconf 72' lang='lat' dir='ltr'>de</span> <span class='ocrx_word' id='word_1_340' title='bbox 1430 2542 1524 2568; x_wconf 67' lang='lat' dir='ltr'>deest.</span> 
     </span>
     <span class='ocr_line' id='line_1_52' title="bbox 205 2572 1525 2611; baseline 0.003 -13"><span class='ocrx_word' id='word_1_341' title='bbox 205 2572 248 2599; x_wconf 79' lang='lat'>23.</span> <span class='ocrx_word' id='word_1_342' title='bbox 271 2572 322 2599; x_wconf 55' lang='lat' dir='ltr'>liii</span> <span class='ocrx_word' id='word_1_343' title='bbox 343 2573 371 2599; x_wconf 82' lang='lat' dir='ltr'>in</span> <span class='ocrx_word' id='word_1_344' title='bbox 395 2582 498 2608; x_wconf 77' lang='lat' dir='ltr'>marg:</span> <span class='ocrx_word' id='word_1_345' title='bbox 529 2573 665 2601; x_wconf 71' lang='lat' dir='ltr'>Credere</span> <span class='ocrx_word' id='word_1_346' title='bbox 685 2575 714 2601; x_wconf 74' lang='lat' dir='ltr'>sn</span> <span class='ocrx_word' id='word_1_347' title='bbox 739 2575 912 2603; x_wconf 73' lang='lat' dir='ltr'>Christum:</span> <span class='ocrx_word' id='word_1_348' title='bbox 938 2576 948 2602; x_wconf 85' lang='grc' dir='ltr'>Ι</span> <span class='ocrx_word' id='word_1_349' title='bbox 971 2577 998 2602; x_wconf 85' lang='lat' dir='ltr'>in</span> <span class='ocrx_word' id='word_1_350' title='bbox 1023 2584 1136 2611; x_wconf 41' lang='lat' dir='ltr'>marga</span> <span class='ocrx_word' id='word_1_351' title='bbox 1161 2576 1298 2603; x_wconf 72' lang='lat' dir='ltr'>Credere</span> <span class='ocrx_word' id='word_1_352' title='bbox 1318 2577 1347 2602; x_wconf 76' lang='lat' dir='ltr'>in</span> <span class='ocrx_word' id='word_1_353' title='bbox 1372 2577 1525 2603; x_wconf 68' lang='lat' dir='ltr'>Christum</span> 
     </span>
     <span class='ocr_line' id='line_1_53' title="bbox 206 2607 1523 2649; baseline 0.004 -16"><span class='ocrx_word' id='word_1_354' title='bbox 206 2607 280 2642; x_wconf 71' lang='lat' dir='ltr'>qaid</span> <span class='ocrx_word' id='word_1_355' title='bbox 299 2611 352 2634; x_wconf 69' lang='lat' dir='ltr'>ext.</span> <span class='ocrx_word' id='word_1_356' title='bbox 427 2616 470 2643; x_wconf 67' lang='lat'>27.</span> <span class='ocrx_word' id='word_1_357' title='bbox 493 2609 561 2635; x_wconf 69' lang='lat' dir='ltr'>DE:</span> <span class='ocrx_word' id='word_1_358' title='bbox 583 2609 744 2639; x_wconf 64' lang='lat' dir='ltr'>diabolos,-</span> <span class='ocrx_word' id='word_1_359' title='bbox 770 2612 814 2637; x_wconf 80' lang='lat' dir='ltr'>A:</span> <span class='ocrx_word' id='word_1_360' title='bbox 837 2610 1036 2649; x_wconf 58' lang='lat' dir='ltr'>cnnzpcins·0,x=.</span> <span class='ocrx_word' id='word_1_361' title='bbox 1111 2612 1156 2638; x_wconf 52' lang='grc' dir='ltr'>ιμ’.</span> <span class='ocrx_word' id='word_1_362' title='bbox 1178 2613 1222 2637; x_wconf 78' lang='lat' dir='ltr'>A:</span> <span class='ocrx_word' id='word_1_363' title='bbox 1252 2611 1400 2638; x_wconf 66' lang='lat' dir='ltr'>Dominus</span> <span class='ocrx_word' id='word_1_364' title='bbox 1411 2611 1523 2645; x_wconf 77' lang='lat' dir='ltr'>silium.</span> 
     </span>
    </p>
   </div>
   <div class='ocr_carea' id='block_1_17' title="bbox 206 2645 1526 2781">
    <p class='ocr_par' dir='ltr' id='par_1_18' title="bbox 863 2645 1039 2676">
     <span class='ocr_line' id='line_1_54' title="bbox 863 2645 1039 2676; baseline 0 -5"><span class='ocrx_word' id='word_1_365' title='bbox 863 2648 870 2676; x_wconf 85' lang='grc' dir='ltr'>Ι</span> <span class='ocrx_word' id='word_1_366' title='bbox 897 2645 1039 2671; x_wconf 67' lang='lat' dir='ltr'>[udicare</span> 
     </span>
    </p>

    <p class='ocr_par' dir='ltr' id='par_1_19' title="bbox 863 2681 1035 2711">
     <span class='ocr_line' id='line_1_55' title="bbox 863 2681 1035 2711; baseline -0.006 -5"><span class='ocrx_word' id='word_1_367' title='bbox 863 2683 871 2711; x_wconf 68' lang='grc' dir='ltr'>ι</span> <span class='ocrx_word' id='word_1_368' title='bbox 898 2681 1035 2706; x_wconf 67' lang='lat' dir='ltr'>salvare.</span> 
     </span>
    </p>

    <p class='ocr_par' dir='ltr' id='par_1_20' title="bbox 206 2708 1526 2781">
     <span class='ocr_line' id='line_1_56' title="bbox 206 2708 1526 2750; baseline 0.005 -14"><span class='ocrx_word' id='word_1_369' title='bbox 206 2708 252 2737; x_wconf 89' lang='lat'>30.</span> <span class='ocrx_word' id='word_1_370' title='bbox 274 2710 284 2736; x_wconf 94' lang='lat'>1</span> <span class='ocrx_word' id='word_1_371' title='bbox 306 2711 334 2738; x_wconf 89' lang='lat' dir='ltr'>in</span> <span class='ocrx_word' id='word_1_372' title='bbox 358 2719 471 2745; x_wconf 67' lang='lat' dir='ltr'>marg:</span> <span class='ocrx_word' id='word_1_373' title='bbox 497 2712 642 2739; x_wconf 78' lang='lat' dir='ltr'>[udicare</span> <span class='ocrx_word' id='word_1_374' title='bbox 661 2714 802 2740; x_wconf 70' lang='lat' dir='ltr'><em>mundum</em></span> <span class='ocrx_word' id='word_1_375' title='bbox 823 2714 898 2749; x_wconf 77' lang='lat' dir='ltr'>quid</span> <span class='ocrx_word' id='word_1_376' title='bbox 916 2718 970 2741; x_wconf 75' lang='lat' dir='ltr'>est.</span> <span class='ocrx_word' id='word_1_377' title='bbox 1098 2713 1143 2748; x_wconf 68' lang='lat'>34.</span> <span class='ocrx_word' id='word_1_378' title='bbox 1166 2715 1177 2742; x_wconf 94' lang='lat' dir='ltr'>I</span> <span class='ocrx_word' id='word_1_379' title='bbox 1198 2716 1227 2742; x_wconf 86' lang='lat' dir='ltr'>in</span> <span class='ocrx_word' id='word_1_380' title='bbox 1250 2723 1363 2750; x_wconf 69' lang='lat' dir='ltr'>marg:</span> <span class='ocrx_word' id='word_1_381' title='bbox 1391 2716 1526 2743; x_wconf 71' lang='lat' dir='ltr'>Salvare</span> 
     </span>
     <span class='ocr_line' id='line_1_57' title="bbox 206 2745 516 2781; baseline 0.006 -10"><span class='ocrx_word' id='word_1_382' title='bbox 206 2745 347 2772; x_wconf 80' lang='lat' dir='ltr'>mundum</span> <span class='ocrx_word' id='word_1_383' title='bbox 368 2746 442 2781; x_wconf 75' lang='lat' dir='ltr'>quid</span> <span class='ocrx_word' id='word_1_384' title='bbox 462 2750 516 2774; x_wconf 79' lang='lat' dir='ltr'>est.</span> 
     </span>
    </p>
   </div>
   <div class='ocr_carea' id='block_1_18' title="bbox 207 2657 834 2694">
    <p class='ocr_par' dir='ltr' id='par_1_21' title="bbox 207 2657 834 2694">
     <span class='ocr_line' id='line_1_58' title="bbox 207 2657 834 2694; baseline 0.005 -9"><span class='ocrx_word' id='word_1_385' title='bbox 207 2657 251 2685; x_wconf 74' lang='lat'>30.</span> <span class='ocrx_word' id='word_1_386' title='bbox 275 2658 298 2685; x_wconf 87' lang='lat' dir='ltr'>D</span> <span class='ocrx_word' id='word_1_387' title='bbox 321 2659 349 2686; x_wconf 89' lang='lat' dir='ltr'>in</span> <span class='ocrx_word' id='word_1_388' title='bbox 373 2667 489 2694; x_wconf 66' lang='lat' dir='ltr'>marg:</span> <span class='ocrx_word' id='word_1_389' title='bbox 693 2662 834 2688; x_wconf 70' lang='lat' dir='ltr'>mumdum</span> 
     </span>
    </p>
   </div>
   <div class='ocr_carea' id='block_1_19' title="bbox 283 2842 1390 2947">
    <p class='ocr_par' dir='ltr' id='par_1_22' title="bbox 283 2842 1390 2947">
     <span class='ocr_line' id='line_1_59' title="bbox 283 2842 1383 2888; baseline 0.005 -17"><span class='ocrx_word' id='word_1_390' title='bbox 283 2851 332 2881; x_wconf 85' lang='lat'>10,</span> <span class='ocrx_word' id='word_1_391' title='bbox 367 2852 415 2873; x_wconf 78' lang='lat'>11.</span> <span class='ocrx_word' id='word_1_392' title='bbox 444 2842 495 2873; x_wconf 82' lang='lat' dir='ltr'>Cf.</span> <span class='ocrx_word' id='word_1_393' title='bbox 522 2842 572 2874; x_wconf 89' lang='lat' dir='ltr'>De</span> <span class='ocrx_word' id='word_1_394' title='bbox 600 2843 767 2884; x_wconf 87' lang='lat' dir='ltr'>Ecclesia,</span> <span class='ocrx_word' id='word_1_395' title='bbox 795 2854 872 2886; x_wconf 84' lang='lat' dir='ltr'>pag.</span> <span class='ocrx_word' id='word_1_396' title='bbox 897 2855 969 2876; x_wconf 74' lang='lat'>111.</span> <span class='ocrx_word' id='word_1_397' title='bbox 1073 2844 1126 2877; x_wconf 78' lang='lat'>28.</span> <span class='ocrx_word' id='word_1_398' title='bbox 1153 2845 1229 2877; x_wconf 88' lang='lat' dir='ltr'>Joh.</span> <span class='ocrx_word' id='word_1_399' title='bbox 1257 2846 1308 2885; x_wconf 89' lang='grc' dir='ltr'>ΙΙΙ,</span> <span class='ocrx_word' id='word_1_400' title='bbox 1334 2856 1383 2888; x_wconf 81' lang='lat'>17.</span> 
     </span>
     <span class='ocr_line' id='line_1_60' title="bbox 1341 2914 1390 2947; baseline 0 -13"><span class='ocrx_word' id='word_1_401' title='bbox 1341 2914 1390 2947; x_wconf 61' lang='lat'>654</span> 
     </span>
    </p>
   </div>
   <div class='ocr_carea' id='block_1_20' title="bbox 1554 1994 1807 2022">
    <p class='ocr_par' dir='ltr' id='par_1_23' title="bbox 1554 1994 1807 2022">
     <span class='ocr_line' id='line_1_61' title="bbox 1554 1994 1807 2022; baseline 0.004 -3"><span class='ocrx_word' id='word_1_402' title='bbox 1554 2002 1579 2019; x_wconf 82' lang='lat' dir='ltr'>is</span> <span class='ocrx_word' id='word_1_403' title='bbox 1600 1994 1650 2020; x_wconf 82' lang='lat' dir='ltr'>the</span> <span class='ocrx_word' id='word_1_404' title='bbox 1673 1994 1752 2022; x_wconf 72' lang='lat' dir='ltr'>bodv</span> <span class='ocrx_word' id='word_1_405' title='bbox 1773 1994 1807 2020; x_wconf 81' lang='lat' dir='ltr'>of</span> 
     </span>
    </p>
   </div>
   <div class='ocr_carea' id='block_1_21' title="bbox 1602 2026 1756 2055">
    <p class='ocr_par' dir='ltr' id='par_1_24' title="bbox 1602 2026 1756 2055">
     <span class='ocr_line' id='line_1_62' title="bbox 1602 2026 1756 2055; baseline 0.006 -1"><span class='ocrx_word' id='word_1_406' title='bbox 1602 2028 1651 2055; x_wconf 78' lang='lat' dir='ltr'>ilie</span> <span class='ocrx_word' id='word_1_407' title='bbox 1671 2026 1756 2055; x_wconf 75' lang='lat' dir='ltr'>elect.</span> 
     </span>
    </p>
   </div>
  </div>
 </body>
</html>
