2062 3276
237 1070 359 1097 Abuses
379 1068 443 1095 that

222 1105 297 1132 have
316 1102 458 1131 followed

209 1140 258 1166 the
282 1139 479 1166 endowment

214 1175 248 1202 of
265 1174 313 1201 the
335 1173 469 1200 Cburch.

781 254 1004 287 JOHANle
1022 253 1208 285 wxctlr
1227 251 1483 284 SERMONUM
1581 236 1731 294 [SERMO
1752 246 1790 273 v-

485 361 677 399 sollicitus
710 360 815 397 circa
846 359 1160 397 seminacionem
1195 367 1232 395 et
1271 356 1569 396 edificacionem
1610 355 1791 392 cordium

485 419 751 466 subditorum,
785 431 834 455 ne
864 417 1047 455 videlicet
1078 416 1216 453 iniciat
1247 416 1390 452 falsum
1426 426 1563 451 semen
1600 423 1645 450 ut
1685 426 1794 450 men-

487 477 612 524 dacia,
646 476 814 513 ludicria
844 476 905 513 vel
937 475 1054 512 saluti
1092 474 1226 511 anime
1264 471 1569 521 impertinencia
1602 473 1670 508 sed
1703 484 1793 508 cum

488 535 707 585 prudencia
737 536 903 572 verbum
937 533 1021 579 Dei,
1057 542 1094 569 et
1125 531 1292 568 omnino
1325 531 1434 580 quod
1465 529 1585 566 faciat
1617 530 1723 578 quod
1757 529 1797 564 in

488 595 574 642 ipso
607 602 663 630 est
696 594 745 629 ad
778 592 924 640 spinaS,
959 591 1127 627 tribulos
1158 590 1219 626 vel
1247 588 1344 626 alias
1368 589 1509 625 herbas
1532 587 1692 624 nocivas
1716 586 1798 623 ani-

490 665 552 688 me
584 652 853 696 evellendum3
894 658 930 686 et
969 647 1134 685 omnino
1174 648 1281 697 quod
1320 655 1457 683 caveat
1488 658 1537 682 ne
1569 654 1674 682 terra
1707 656 1800 681 cure

489 709 650 747 subdita
688 709 816 745 iaceat
853 707 1016 753 inculta,
1063 705 1157 755 quia
1195 705 1380 742 ociositas
1420 703 1591 741 maxime
1634 702 1801 751 impedit

491 780 628 816 pacem
663 780 754 803 cum
787 768 870 802 Deo
904 774 941 802 et
973 777 1113 813 pacem
1147 762 1321 800 hominis
1354 775 1445 800 cum
1485 761 1646 798 homine
1685 773 1729 797 ac
1762 771 1802 796 se

490 826 590 875 ipso,
626 838 716 862 curn
749 832 909 872 oportet
941 832 1089 859 terram
1112 831 1291 859 nostram
1315 820 1557 857 fructificare
1580 819 1801 856 secundum

491 893 677 921 naturam
710 881 872 918 seminis
904 880 1040 918 iniecti
1071 880 1132 917 vel
1164 879 1408 916 sterilescere
1441 878 1566 915 instar
1589 877 1703 914 vinee
1726 888 1803 924 que

491 944 578 979 loco
611 953 780 978 uvarum
813 941 1017 977 labruscas
1050 939 1290 987 produceret
1322 937 1383 974 vel
1415 937 1548 973 caules
1571 945 1639 972 aut
1663 935 1804 971 herbas

491 1000 588 1037 alias
621 998 841 1036 contrarias
874 995 1154 1046 tranquillitati
1178 995 1349 1033 hominis
1373 1007 1418 1032 ac
1442 993 1567 1031 eciam
1590 1005 1680 1030 vere
1704 991 1805 1041 paci.

550 1060 598 1094 Et
631 1066 740 1106 patet
772 1057 976 1105 quomodo
1009 1068 1031 1091 a
1064 1064 1245 1103 ternpore
1278 1052 1499 1090 dotacionis
1533 1051 1696 1088 ecclesie
1719 1062 1807 1098 pre-

493 1118 666 1154 latorum
705 1114 922 1162 occupacio
967 1113 1006 1149 in
1051 1112 1167 1149 vinea
1206 1111 1367 1148 Domini
1410 1120 1467 1147 est
1514 1122 1710 1158 perversa.
1759 1110 1808 1144 Et

496 1183 604 1223 patet
649 1186 691 1210 ex
729 1172 905 1221 practica
939 1170 1237 1220 experimentali
1271 1170 1475 1218 quomodo
1521 1169 1569 1205 ab
1610 1167 1677 1203 illo
1710 1176 1808 1203 tem-

497 1245 593 1281 pore
625 1240 716 1268 sunt
748 1231 850 1267 bella
883 1228 1148 1266 dissensiones
1182 1238 1218 1265 et
1250 1226 1539 1276 pullulaciones
1562 1225 1720 1262 inutiles
1751 1228 1809 1268 (ut

498 1292 711 1340 prophetat
744 1288 890 1326 Christi
922 1287 1185 1336 evangelium)
1225 1286 1265 1322 in
1304 1284 1469 1323 ecclesia
1507 1283 1714 1320 seminata.
1764 1284 1810 1318 Et

500 1362 590 1387 cum
643 1347 752 1385 radix
803 1346 985 1383 omnium
1039 1346 1236 1382 malorum
1284 1342 1481 1392 cupiditas
1527 1341 1695 1390 impedit
1742 1353 1811 1388 per

499 1406 766 1444 Antichristos
798 1418 846 1441 ne
878 1404 940 1441 via
965 1403 1126 1440 Domini
1149 1403 1385 1448 declaretur,
1420 1410 1457 1438 et
1489 1413 1579 1437 cum
1614 1398 1729 1436 hodie
1762 1399 1812 1434 ad

501 1475 658 1503 tantum
696 1464 945 1500 invalescunt
983 1463 1229 1510 prelatorum
1269 1458 1500 1509 tyrannides
1539 1458 1647 1507 quod
1686 1455 1812 1493 fidelis

502 1524 570 1573 qui
603 1535 740 1560 eorum
773 1534 926 1558 venena
960 1519 1150 1557 detexerit
1190 1528 1226 1555 et
1259 1527 1421 1567 questus
1460 1530 1550 1553 suos
1584 1515 1813 1564 personales

502 1580 730 1630 impedierit
783 1579 855 1616 erit
906 1578 1119 1616 statissime
1170 1578 1502 1624 condempnatuS,
1563 1583 1599 1611 et
1652 1582 1815 1622 propter

503 1640 823 1687 refrigescentem
858 1637 1063 1674 caritatem
1104 1635 1220 1684 pauci
1258 1635 1318 1671 vel
1356 1633 1454 1669 nulli
1493 1641 1586 1668 sunt
1617 1631 1685 1680 qui
1723 1643 1815 1667 con-

504 1699 671 1734 fidentes
703 1697 743 1733 in
766 1695 838 1732 Dei
870 1694 1069 1732 adiutorio
1101 1703 1213 1730 tanto
1246 1692 1424 1741 periculo
1456 1703 1497 1727 se
1531 1698 1745 1738 exponunt,
1780 1697 1816 1724 et

504 1766 639 1793 tamen
671 1754 703 1792 si
736 1763 894 1791 servant
928 1754 1117 1790 mandata
1150 1750 1341 1799 decalogi,
1376 1749 1578 1797 diligendo
1612 1750 1739 1784 Deum
1777 1755 1814 1783 et
1859 1751 1870 1756 ’

506 1814 733 1863 proximum
777 1812 878 1848 sicut
911 1813 1069 1857 debent,
1103 1818 1290 1846 tenentur
1328 1821 1371 1844 ex
1408 1808 1493 1855 lege
1534 1805 1712 1843 caritatis
1744 1817 1816 1853 pro

507 1885 575 1921 spe
614 1870 894 1908 retribucionis
933 1869 1096 1917 diligere
1134 1869 1222 1916 plus
1261 1866 1438 1904 animam
1484 1863 1652 1913 proximi
1696 1875 1816 1912 quam

507 1943 652 1978 corpus
685 1928 893 1977 proprium
928 1936 964 1964 et
996 1927 1036 1963 in
1069 1939 1179 1974 spem
1212 1923 1425 1962 iuvaminis
1458 1922 1530 1959 Dei
1570 1922 1818 1970 angelorum,

509 1998 546 2025 et
578 1996 809 2025 sanctorum
842 1986 1051 2022 hominum
1085 1983 1195 2033 loqui
1228 1981 1466 2019 fiducialiter
1498 1993 1574 2030 que
1607 1981 1657 2016 ad
1679 1991 1818 2027 pacem

510 2048 638 2083 forent
686 2044 950 2081 militancium
997 2052 1034 2080 et
1076 2041 1313 2091 generaliter
1357 2039 1494 2077 matris
1538 2047 1685 2084 nostre,
1729 2049 1820 2073 cum

510 2105 690 2141 Psalmus
723 2103 829 2139 dicat
860 2102 900 2138 in
932 2103 1127 2138 themate:
1162 2099 1499 2150 propter-fratres
1531 2108 1633 2132 meos
1664 2103 1698 2132 et
1725 2107 1821 2144 pro-

509 2163 637 2199 ximos
669 2173 772 2198 meos
804 2160 988 2209 loquebar
1013 2171 1150 2209 pacem
1184 2158 1229 2193 de
1261 2165 1306 2193 te.

570 2222 617 2256 Et
640 2219 794 2256 utinam
818 2230 1001 2266 proceres
1024 2215 1150 2253 nostri
1173 2225 1210 2252 et
1232 2213 1375 2263 prelati
1397 2212 1465 2262 qui
1488 2211 1701 2249 consulunt
1730 2223 1823 2247 con-

512 2278 622 2314 tinue
654 2290 726 2325 pro
760 2276 867 2324 pacis
892 2275 1031 2312 mediis
1054 2273 1307 2323 acquirendis
1330 2273 1535 2308 studerent
1557 2279 1595 2307 et
1617 2270 1824 2306 crederent

1823 893 1861 914 10

1828 1172 1864 1204 15

512 2336 628 2373 istam
653 2334 760 2383 pacis
793 2333 1052 2370 sentenciam.
1084 2334 1199 2369 Tunc
1232 2330 1335 2368 enirn
1365 2343 1446 2366 non
1469 2328 1713 2365 dimitterent
1736 2328 1880 2374 par-35

513 2403 571 2430 tes
604 2393 722 2430 castri
755 2392 880 2429 nostri
913 2401 1071 2439 apertas
1104 2403 1174 2438 per
1206 2401 1304 2438 quas
1337 2389 1470 2424 hostes
1493 2395 1655 2435 possent
1677 2384 1825 2421 intrare

514 2452 635 2488 libere
683 2460 720 2487 et
766 2450 984 2486 insolenter
1030 2461 1103 2485 nec
1150 2447 1394 2496 negligenter
1436 2445 1477 2481 in
1524 2444 1607 2481 eius
1651 2442 1825 2480 turribus

585 2581 610 2600 2.
632 2574 674 2600 D:
695 2572 885 2600 subditorum
907 2572 955 2598 vi.
973 2593 978 2598 .
996 2594 1001 2598 .
1018 2571 1127 2598 iniciat
1143 2570 1198 2597 sed
1215 2577 1315 2597 semen
1338 2568 1378 2600 (vi
1395 2568 1533 2601 sequitur
1553 2567 1690 2600 lacuna);
1718 2564 1759 2591 E:
1789 2571 1828 2590 ne

516 2609 547 2636 vi
563 2608 619 2636 sed
636 2617 748 2636 semen.
864 2616 893 2639 4.
916 2608 960 2633 A:
988 2606 1049 2633 Dei
1066 2605 1160 2632 deest.
1279 2603 1307 2630 6.
1329 2604 1372 2630 A:
1403 2605 1433 2630 et
1451 2602 1553 2630 omni:
1577 2601 1616 2628 ib.
1638 2601 1666 2627 1:
1694 2607 1767 2626 cure
1785 2606 1825 2625 se.

519 2652 558 2671 10.
581 2644 622 2671 D:
643 2642 722 2670 vecti
737 2642 871 2669 seminis.
946 2649 984 2668 12.
1006 2641 1033 2667 l:
1054 2648 1091 2667 ac
1105 2640 1199 2667 deest.
1274 2646 1312 2671 17.
1334 2638 1366 2665 In
1388 2645 1475 2672 marg
1496 2647 1501 2664 z
1526 2635 1684 2671 Cupiditas
1704 2633 1829 2668 impedit

513 2678 774 2714 predicacionem.
855 2684 895 2711 19.
915 2677 974 2703 Al:
1002 2678 1032 2703 et
1049 2674 1144 2702 deest.
1223 2682 1261 2700 21.
1284 2673 1324 2700 E:
1353 2675 1383 2700 et
1403 2674 1525 2708 questus
1545 2671 1639 2698 deest.
1718 2669 1760 2696 23.
1781 2669 1826 2695 A:

518 2712 795 2749 rqfrigescenciam
815 2711 966 2738 caritatis.
1041 2710 1087 2739 26.
1110 2716 1152 2744 27.
1170 2716 1230 2743 pro
1250 2716 1322 2740 ,νη
1347 2707 1390 2734 D:
1412 2714 1490 2741 pros
1514 2714 1575 2733 ere.
1648 2703 1687 2732 31.
1708 2704 1736 2730 l:
1764 2706 1828 2729 tne-

519 2751 599 2775 mate
615 2747 709 2774 deest.
783 2745 823 2773 35.
846 2746 870 2772 D
886 2745 915 2772 in
932 2753 1028 2779 marg.
1045 2745 1146 2779 glossa
1161 2743 1263 2770 tschec
1289 2743 1350 2769 ica:
1371 2740 1470 2776 Nekly
1494 2741 1544 2767 nie
1564 2739 1604 2772 (id
1621 2743 1675 2769 est.
1692 2737 1825 2765 bellicosi

520 2791 572 2809 seu
593 2782 782 2809 insolentes).
919 2778 962 2813 37.
984 2779 1027 2806 D:
1055 2779 1272 2814 negligerent,—
1298 2777 1338 2803 ib.
1360 2776 1402 2803 D:
1429 2776 1460 2802 in
1481 2775 1587 2807 cuius;
1614 2774 1653 2800 ib.
1675 2772 1830 2804 turribus,-

519 2817 557 2845 E:
579 2816 735 2848 curritur·,·
752 2816 779 2842 1:
802 2815 908 2842 tribus.

590 2878 642 2910 31.
670 2875 795 2907 Psalm.
823 2874 935 2914 CXXI,
963 2872 994 2905 8.
