2062 3276
787 315 1010 347 ,IOHANNIS
1030 315 1213 346 WYCLIF
1233 315 1489 347 SERMONUM
1538 302 1689 359 [SERMO
1710 312 1800 340 LXII.

493 421 638 469 ipsum,
679 423 748 458 sed
787 421 979 470 quicquid
1018 421 1287 467 dilexerimus,
1326 422 1402 457 hoc
1441 421 1514 457 erit
1554 421 1637 469 ipse
1670 422 1729 457 vel
1761 421 1801 457 in

494 479 634 516 ordine
678 481 727 516 ad
772 479 917 527 ipsum,
969 482 1017 516 Et
1061 493 1133 528 pro
1182 479 1465 527 negociacione
1514 478 1619 515 illius
1664 479 1802 516 iocalis

493 537 702 585 practizati
751 537 1010 586 consequitur
1054 537 1226 575 finaliter
1270 537 1468 586 possessio
1519 537 1635 573 huius
1684 545 1802 584 terre,

492 608 614 644 quam
658 595 952 644 possessionem
991 595 1107 633 nobis
1146 598 1341 632 concedat
1390 608 1559 643 sponsus
1602 595 1799 643 virginum

491 655 602 690 Jesus
635 653 828 691 Christus.
1820 655 1836 688 5

973 792 1171 832 SERMO
1206 792 1332 831 LXII.

550 898 679 934 Hodie
710 898 816 933 salus
849 898 935 933 huic
969 898 1099 934 domui
1118 899 1235 947 facta
1268 905 1334 934 est.
1373 899 1478 933 Luce
1510 899 1630 944 X1X0‚
1667 909 1703 944 9.

551 956 717 992 Constat
751 967 794 992 ex
828 955 929 992 serie
962 955 1155 1004 evangelii
1189 956 1395 1004 quomodo
1429 954 1589 992 Christo
1623 954 1803 991 redituro

492 1013 532 1049 in
560 1013 689 1051 Jerico
722 1013 887 1062 quidam
916 1014 1102 1064 princeps
1129 1014 1427 1063 publicanorum
1456 1026 1608 1063 parvus
1639 1025 1804 1063 corpore

492 1072 664 1108 Zacheus
688 1072 837 1109 nomine
859 1073 976 1122 cupiit
990 1073 1121 1109 videre
1135 1072 1395 1116 salvatorem,
1418 1079 1454 1107 et
1468 1084 1517 1108 ne
1540 1071 1805 1120 impediretur
1824 1085 1862 1105 1o

492 1142 513 1166 a
557 1131 676 1167 turba
722 1131 893 1167 ascendit
937 1131 972 1166 in
1022 1131 1204 1167 arborem
1255 1130 1507 1177 sicomorum,
1557 1138 1597 1166 ut
1639 1129 1803 1166 liberius

491 1197 743 1239 cognosceret
774 1189 911 1238 ipsum.
944 1189 1006 1224 Ad
1037 1201 1146 1238 quem
1179 1201 1263 1225 cum
1285 1188 1395 1224 Jesus
1428 1188 1601 1233 venisset,
1627 1188 1805 1238 precepit

491 1247 563 1283 sibi
587 1247 827 1296 festinanter
866 1248 1110 1295 descendere,
1150 1259 1235 1283 cum
1274 1246 1446 1296 oportuit
1485 1259 1568 1283 eum
1603 1254 1801 1295 tamquam

492 1305 679 1354 hospitem
724 1318 808 1342 cum
853 1305 920 1342 illo
964 1318 1130 1342 manere.
1187 1305 1236 1342 Et
1279 1305 1344 1341 ille
1391 1305 1610 1352 gaudenter
1653 1303 1803 1341 faciens

491 1362 676 1411 promisit
715 1364 823 1412 quod
864 1364 1105 1400 medietatem
1140 1363 1394 1413 possessionis
1427 1364 1538 1399 daret
1564 1363 1859 1413 pauperibus15

492 1428 527 1457 et
543 1434 619 1470 pro
632 1422 759 1471 factis
791 1421 941 1458 iniuriis
970 1422 1180 1458 declaratis
1212 1422 1431 1458 restitueret
1452 1421 1503 1456 ad
1526 1421 1800 1471 quadruplum.

492 1479 544 1515 Et
570 1480 716 1529 populo
749 1480 974 1529 indignante
1001 1481 1103 1528 quod
1130 1480 1309 1516 Christus
1342 1479 1560 1516 divertisset
1590 1480 1642 1515 ad
1673 1479 1801 1515 huius-

493 1538 598 1573 modi
623 1546 863 1587 peccatores,
893 1538 1073 1574 Christus
1106 1538 1206 1574 dixit
1238 1538 1340 1586 quod
1371 1538 1507 1573 domus
1538 1550 1606 1573 sua
1639 1538 1801 1574 salutem

491 1595 527 1631 in
551 1595 617 1631 illo
641 1596 701 1632 die
724 1604 937 1645 receperat,
960 1608 1002 1632 eo
1025 1596 1127 1644 quod
1149 1596 1363 1632 inhabitans
1385 1595 1586 1645 eratfilius
1600 1595 1800 1632 Habralze.

492 1655 540 1689 Et
572 1666 621 1690 ne
655 1653 823 1690 miretur
850 1655 959 1702 quod
983 1654 1163 1690 Christus
1197 1653 1510 1690 communicavit
1542 1666 1633 1690 cum
1668 1653 1804 1689 huius-
1819 1665 1860 1687 20

492 1711 601 1747 modi
646 1721 869 1760 peccatore,
916 1711 1011 1748 dicit
1054 1714 1161 1760 quod
1212 1713 1262 1748 ad
1306 1714 1381 1748 hoc
1426 1712 1526 1748 venit
1570 1720 1802 1760 peccatores

490 1770 644 1806 salvare
676 1770 784 1807 iuxta
809 1771 917 1820 quod
949 1770 1126 1806 officium
1161 1779 1368 1818 aptaverat
1400 1769 1473 1806 sibi
1507 1782 1654 1806 nomen
1676 1771 1802 1816 Jesus,

490 1829 598 1876 quod
639 1829 744 1864 Luce
777 1830 830 1865 IIO
869 1828 1052 1864 innuitur
1095 1828 1351 1876 interpretari
1396 1829 1589 1865 salvator:
1630 1828 1800 1875 Vocabis,

489 1885 631 1934 inquit,
685 1899 820 1923 nomen
874 1887 953 1923 eius
994 1887 1137 1923 Jeszcm.
1196 1887 1282 1936 Ipse
1333 1886 1429 1923 enim
1481 1886 1633 1922 salvum
1675 1886 1803 1933 saciet

484 1944 672 1993 populum
725 1957 836 1981 sunm
881 1958 902 1980 a
943 1945 1115 1994 peccatis
1167 1956 1312 1981 eorum.
1368 1944 1619 1981 Medicamen
1666 1943 1857 1993 itaque25

211 2017 300 2045 Jesus
321 2022 455 2046 reenters
489 2002 628 2038 salutis
662 2002 816 2039 celestis
852 2002 1030 2039 medicus
1064 2002 1197 2039 attulit
1230 2003 1470 2039 confectum.

216 2052 338 2080 Jericho
359 2053 448 2080 when

224 2087 270 2115 He
289 2087 377 2115 visits
397 2088 447 2115 the

545 2061 606 2096 Ad
639 2073 799 2097 sensum
835 2060 1035 2097 misticum
1066 2059 1178 2098 Jesus
1211 2061 1436 2109 regreditur
1457 2059 1601 2106 Jerico,
1637 2060 1799 2108 quando

224 2122 364 2158 baptized
385 2123 456 2150 who
489 2117 667 2155 revisitat
719 2118 1034 2165 multitudinem,
1081 2120 1291 2167 depressos
1344 2118 1519 2155 avaricia
1571 2126 1610 2154 et
1661 2116 1799 2154 mundi

236 2165 287 2185 are
308 2157 388 2185 sunl<
407 2157 439 2185 in

232 2192 437 2220 worldliness.

488 2175 744 2214 solicitudine
767 2185 857 2225 post
887 2176 1146 2225 baptismum,
1171 2186 1208 2213 et
1232 2185 1427 2213 consonat
1451 2174 1801 2224 interpretacionis

487 2233 617 2270 Jerico
642 2246 719 2283 que
752 2234 1042 2283 interpretatur
1073 2235 1167 2271 luna
1190 2235 1251 2271 vel
1284 2236 1396 2271 odor.
1432 2235 1547 2271 Unde
1579 2233 1681 2270 sicut
1704 2234 1800 2269 luna
1817 2246 1858 2268 ³0

489 2301 546 2329 est
584 2292 780 2329 instabilis
820 2292 860 2329 in
900 2301 1011 2329 motu
1051 2302 1087 2329 et
1124 2292 1276 2329 lumine
1314 2294 1419 2341 quod
1462 2305 1483 2329 a
1528 2292 1611 2328 sole
1644 2290 1799 2339 recipit,

488 2349 544 2386 sic
576 2351 776 2387 seculares
809 2359 901 2387 sunt
933 2350 1019 2399 vagi
1062 2351 1102 2387 in
1135 2351 1215 2387 suis
1250 2351 1425 2387 motibus
1458 2359 1494 2387 et
1526 2362 1632 2386 nunc
1664 2350 1800 2385 lumen

488 2408 620 2455 gracie
659 2421 680 2444 a
713 2409 796 2445 sole
829 2407 987 2445 iusticie
1021 2408 1239 2457 copiosius,
1272 2421 1378 2445 nunc
1411 2421 1503 2445 vero
1537 2407 1716 2456 parcius;
1762 2415 1799 2443 et

488 2466 580 2503 hinc
613 2466 782 2503 ecclesia
815 2476 1076 2516 comparatur
1108 2468 1199 2504 lune
1233 2469 1346 2504 Cant.
1379 2469 1464 2513 V10,
1501 2479 1542 2514 9:
1584 2466 1727 2501 Pulcra
1760 2472 1802 2500 ut

488 2524 589 2560 Inna.
632 2526 679 2560 Et
712 2533 907 2573 quantum
942 2526 993 2562 ad
1025 2527 1190 2562 odorem
1226 2526 1501 2562 membrorum
1537 2536 1728 2560 sanorum
1762 2530 1800 2558 et
1816 2524 1855 2557 25

559 2669 582 2697 5.
605 2669 647 2698 G:
667 2669 755 2697 Jesus
770 2669 908 2698 Christus
926 2669 1030 2698 Amen.
1053 2670 1219 2698 Sermones
1240 2670 1290 2705 qui
1313 2673 1458 2696 secuntur
1476 2669 1506 2696 in
1527 2669 1595 2696 cod.
1613 2668 1656 2695 G:
1678 2668 1799 2696 desunt.

488 2707 516 2732 0.
539 2705 596 2732 Hic
617 2713 718 2732 sermo
741 2704 938 2732 solummodo
960 2705 989 2732 in
1010 2705 1078 2732 cod.
1101 2704 1278 2739 Cantabrig.
1301 2705 1350 2738 (A)
1372 2704 1509 2731 habetur.

557 2800 588 2832 (3.
622 2801 749 2843 Gospel
783 2801 835 2833 for
866 2801 1069 2833 Dedication
1099 2801 1139 2832 of
1167 2811 1185 2832 a
1218 2798 1367 2832 Church.
1492 2809 1513 2842 9
1539 2805 1572 2831 et
1596 2808 1696 2840 seqq.
1730 2798 1799 2828 Lu-

488 2857 546 2879 cae
571 2848 657 2888 XIX,
681 2858 777 2891 1—9.
874 2849 1019 2889 23—24.
1047 2848 1162 2879 Lucae
1189 2848 1211 2887 Ι,
1233 2848 1285 2886 31,
1313 2847 1352 2886 11,
1373 2855 1426 2876 21.
1523 2846 1575 2879 30.
1599 2844 1737 2877 ,Iericho
1756 2858 1799 2870 =

487 2890 603 2934 Eriha,
643 2895 663 2925 i.
695 2905 724 2925 e.
757 2894 854 2936 place
892 2894 931 2925 of
965 2894 1153 2935 fragrance.
1186 2893 1294 2925 Older
1325 2898 1594 2923 commentators
1627 2891 1743 2922 derive
1776 2890 1800 2920 it

487 2939 577 2971 from
602 2939 745 2972 Jareach
772 2939 841 2972 ‘the
868 2940 997 2971 moon'.
1029 2939 1173 2972 Smith’s
1199 2938 1342 2971 Biblical
1369 2938 1580 2979 Dictionary.
