2062 3276
218 276 297 308 404

799 270 1022 302 JOHANNIS
1042 270 1227 301 WYCUF
1247 269 1503 301 SERMONUM
1595 255 1745 312 [SERMO
1768 264 1815 292 LI·

242 385 321 413 This
342 391 464 411 sermon
507 375 685 421 ecclesia,
720 375 832 412 cuius
854 376 940 412 laus
963 385 999 412 et
1030 375 1256 423 specialiter
1288 376 1395 423 apud
1418 373 1682 411 scolasticos
1674 387 1713 409 ln
1736 373 1816 410 vita

247 429 296 455 pr
285 420 395 447 eached
417 426 454 445 on

216 456 261 483 31
284 453 485 503 Augustiqes
506 447 575 470 sua
610 433 858 482 exprimitur.
912 435 1026 470 Unde
1064 433 1245 482 querenti
1280 445 1403 481 quare
1434 434 1598 469 verbum
1634 432 1704 468 Dei
1737 445 1817 468 non

215 490 273 525 ὼ)
295 491 385 523 (Ᾰῑῑῦ-
408 487 490 522 ’3“)·
506 501 562 528 est
597 493 717 528 modo
750 491 789 527 in
823 491 1001 528 efficacia
1042 501 1078 528 et
1118 490 1345 527 reverencia
1383 490 1484 526 sicut
1522 490 1632 536 olim,
1673 489 1818 525 dicitur

268 793 389 820 Defecls
409 794 443 821 of

282 830 422 863 prelates.

256 1548 328 1576 Sins
349 1548 383 1575 of
400 1548 450 1574 the

290 1588 420 1618 tongue:

234 1627 253 1646 1.
277 1618 473 1651 Murmuring

242 1653 361 1686 against
383 1652 463 1680 God.

260 1682 284 1715 2.
307 1687 447 1716 Slander.

273 1722 298 1749 3.
321 1723 436 1749 Abuse.

505 551 612 598 quod
646 558 854 597 peccatum
890 549 1032 597 prelati
1067 558 1103 586 et
1136 548 1345 585 induracio
1379 548 1516 596 populi
1541 556 1598 584 est
1620 547 1659 583 in
1684 560 1816 584 causa.

507 608 679 654 Quidam
722 607 826 644 enim
868 616 958 643 sunt
997 620 1114 644 canes
1161 607 1272 653 muti,
1318 619 1398 642 non
1436 607 1612 643 valentes
1657 606 1852 651 latrare,5

505 666 606 702 sicut
639 666 817 714 loquitur
840 665 981 710 Isaias3
1016 665 1178 713 quidam
1205 673 1338 701 autem
1361 664 1570 712 predicant
1593 663 1819 711 specialiter

506 732 672 772 propter
705 732 904 772 questum,
939 732 975 759 et
999 723 1164 771 quidam
1189 722 1337 759 omissa
1360 721 1588 758 intencione
1616 722 1818 769 profectus

507 782 639 818 anime
686 781 895 829 predicant
941 790 1106 829 propter
1150 781 1314 817 famam.
1369 782 1460 817 Ideo
1500 779 1688 815 minimus
1728 791 1819 827 grex

506 853 586 876 non
621 840 726 888 capti
759 841 923 875 verbum
959 839 1176 875 efficaciter
1207 838 1308 874 sicut
1336 838 1446 874 olim.
1481 840 1587 874 Deus
1610 837 1713 874 enim
1738 850 1818 873 non

506 907 749 946 cooperatur
781 899 830 933 ad
867 896 1052 933 meritum
1089 896 1224 933 taliter
1258 895 1503 944 predicantis
1535 896 1674 943 pocius
1697 908 1817 943 quam
1840 910 1877 931 10

506 969 594 992 cum
630 955 809 1003 graculo,
844 963 886 991 ut
919 956 1092 1003 populus
1125 954 1377 999 informetur,
1412 962 1449 990 et
1475 953 1702 1002 specialiter
1725 953 1819 1001 quia

505 1016 614 1050 deest
655 1012 918 1050 confirmacio
957 1012 1153 1049 sermonis
1193 1012 1232 1048 in
1271 1024 1392 1060 opere
1424 1011 1682 1059 predicantis,
1723 1013 1817 1047 dum

505 1072 543 1108 in
588 1071 743 1120 pociori
788 1080 900 1119 parte
944 1071 994 1107 sit
1038 1069 1262 1108 contrarius
1306 1070 1380 1106 sibi
1419 1069 1507 1118 ipsi.
1561 1071 1672 1117 Opus
1712 1068 1817 1105 enim

506 1139 637 1166 movet
682 1129 883 1166 efficacius
928 1142 1048 1177 quam
1095 1141 1240 1165 sermo.
1285 1127 1542 1164 Auditorium
1584 1136 1716 1164 autem
1758 1139 1819 1163 ex-

504 1188 595 1224 inde
638 1186 911 1236 indisponitur
957 1187 1059 1224 sicut
1098 1187 1180 1223 fera
1219 1198 1294 1234 que
1333 1199 1414 1222 non
1454 1185 1565 1222 audit
1604 1185 1876 1222 efficaciter15

504 1248 682 1291 verbum,
716 1247 817 1282 sicut
852 1257 923 1281 nec
955 1245 1128 1293 populus
1159 1244 1349 1280 Judaicus
1373 1243 1558 1280 infidelis.
1594 1246 1693 1280 Nam
1719 1243 1820 1279 sicut

504 1304 722 1340 Ezechielis
752 1305 836 1345 1110,
871 1316 957 1351 cap.
984 1305 1034 1339 26
1070 1303 1203 1350 lingua
1237 1311 1375 1338 sancta
1407 1303 1602 1350 prophete
1635 1315 1657 1338 a
1690 1300 1821 1350 predi-

505 1362 668 1399 cacione
692 1361 961 1406 frustrabitur,
996 1361 1082 1409 quia
1108 1362 1244 1396 domus
1273 1372 1515 1409 exasperans
1543 1369 1599 1395 est
1629 1359 1668 1395 in
1692 1362 1818 1395 Deum

505 1430 541 1457 et
572 1420 800 1469 specialiter
822 1419 860 1454 in
886 1418 1064 1467 quinque
1086 1419 1297 1466 generibus
1322 1417 1582 1466 blasphemie,
1607 1419 1654 1453 de
1677 1417 1821 1466 quibus

505 1488 562 1514 est
596 1479 738 1525 longus
772 1490 918 1514 sermo.
1837 1489 1878 1510 20

563 1538 639 1573 Sed
689 1538 736 1572 de
780 1535 907 1572 tribus
951 1534 1126 1583 peccatis
1170 1534 1303 1581 lingue
1349 1535 1399 1570 ad
1446 1546 1609 1582 presens
1653 1533 1819 1578 dicetur,

505 1595 656 1631 scilicet
696 1595 744 1630 de
785 1605 990 1629 murmure
1030 1601 1170 1629 contra
1208 1595 1349 1635 Deum,
1396 1593 1443 1628 de
1483 1591 1736 1628 detraccione
1781 1592 1821 1627 in

506 1653 731 1700 proximum
766 1661 803 1688 et
836 1653 884 1687 de
907 1650 1096 1688 conviciis
1125 1650 1164 1686 in
1189 1651 1351 1686 fratrem
1381 1649 1605 1698 proprium.
1639 1651 1822 1685 Murmur

505 1720 637 1747 autem
685 1710 907 1758 predictum
949 1718 1006 1745 est
1044 1709 1211 1753 fatuum,
1253 1708 1345 1756 quia
1384 1707 1601 1744 deteriorat
1645 1720 1822 1744 murmu-

506 1777 662 1805 rantem
680 1767 908 1815 dupliciter,
927 1780 1008 1803 non
1026 1775 1146 1803 nocet
1156 1766 1331 1802 Domino
1347 1778 1419 1802 nec
1435 1765 1602 1813 impedit
1622 1775 1820 1802 eventum.
1838 1769 1878 1800 25

505 1829 760 1863 Detractores
791 1825 914 1862 odivit
939 1825 1196 1872 Augustinus,
1230 1826 1336 1860 unde
1359 1837 1480 1872 supra
1504 1825 1680 1860 tabulam
1707 1836 1819 1860 suam

504 1885 595 1920 fecit
629 1884 749 1920 scribi
782 1885 854 1920 hos
887 1885 987 1919 duos
1019 1896 1174 1919 versus:

661 1942 828 1991 Quisque
860 1942 964 1977 novit
998 1941 1108 1977 dictis
1139 1941 1336 1976 absentum
1372 1941 1513 1976 rodere
1546 1941 1661 1976 vitam

711 2000 825 2035 Hanc
858 2012 1027 2035 mensam
1061 1999 1166 2048 indig
1149 2011 1261 2034 O·nczm
1296 1998 1445 2034 noverit
1476 2010 1558 2034 esse
1588 1998 1668 2034 sibz.

563 2059 676 2094 Unde
710 2059 909 2094 detlactor
939 2054 942 2110 Ι
973 2046 1232 2120 comparatur
1265 2055 1304 2092 in
1337 2056 1535 2103 scriptura
1560 2055 1662 2102 cani,
1697 2067 1819 2103 poico
1837 2035 1917 2122 {2³2¹

504 2125 541 2152 et
564 2115 758 2164 serpenti:
792 2115 879 2151 cani
904 2115 997 2163 quia
1022 2115 1130 2151 canis
1154 2115 1272 2150 habet
1294 2114 1400 2151 labia
1422 2114 1676 2161 sanguinosa,
1701 2113 1819 2149 latrat

505 2174 776 2210 communiter
823 2173 906 2209 sine
952 2185 1071 2209 causa
1117 2182 1153 2208 et
1197 2181 1381 2208 naturam
1422 2184 1534 2207 suam
1575 2179 1817 2219 plostiatam

504 2232 673 2277 invadit3
719 2244 842 2279 porco
882 2231 976 2279 quia
1015 2240 1187 2266 rostrum
1230 2239 1266 2266 et
1310 2243 1353 2265 os
1400 2228 1573 2277 turpiter
1618 2228 1816 2277 inquinat,

504 2289 657 2326 intrans
690 2298 823 2325 ortum
857 2288 1050 2336 preelegit
1083 2288 1440 2335 congregacionem
1474 2296 1696 2323 stercorum
1728 2295 1820 2322 ante

505 2348 711 2384 cumulum
753 2347 896 2383 florum
937 2346 1210 2383 redolencium
1252 2355 1288 2381 et
1328 2344 1447 2381 deicit
1480 2344 1647 2392 pedibus
1686 2344 1819 2381 cibum
1838 2349 1877 2381 35

504 2419 632 2442 suum.
681 2404 865 2453 Sei-penti
904 2417 997 2441 vero
1037 2413 1309 2452 comparatur,
1349 2402 1441 2452 quia
1482 2404 1639 2439 mordet
1676 2402 1715 2438 in
1755 2404 1822 2438 ab-

504 2463 701 2510 scondito,
736 2471 916 2499 tortuose
950 2462 1098 2499 incedit
1132 2471 1169 2498 et
1202 2471 1349 2498 terram
1380 2460 1568 2497 comedit.
1610 2463 1822 2496 Detractor

505 2530 637 2557 autem
685 2522 804 2557 habet
848 2520 1104 2557 condiciones
1151 2519 1493 2568 proposcionales,
1539 2518 1628 2555 ideo
1660 2526 1821 2555 sanctus

624 2656 668 2704 A:
695 2655 860 2695 in'duricio.
993 2655 1021 2681 8.
1043 2654 1115 2681 DG:
1144 2654 1241 2681 minus
1260 2661 1350 2688 grex.
1476 2660 1504 2688 9.
1526 2652 1600 2680 DG:
1626 2653 1698 2680 olim
1719 2652 1819 2686 deest;

505 2690 543 2716 ib
576 2690 631 2716 AG
680 2698 758 2716 emm
788 2690 882 2716 deest.
1010 2698 1050 2722 14·
1079 2690 1123 2716 Α.
1154 2696 1314 2721 sermo›1t;
1342 2688 1382 2715 ib.
1410 2687 1483 2715 DG:
1513 2687 1700 2715 auditorium
1730 2687 1818 2714 enim.

505 2733 546 2786 ἰιζ.
566 2726 612 2786 ll}
633 2700 672 2785 'in
674 2733 779 2786 ίᾳίιεζιν),ι
823 2725 865 2753 25.
887 2726 930 2751 Α;
953 2727 1091 2751 wantum
1113 2723 1206 2750 deest
1229 2723 1299 2749 Iac.
1322 2723 1351 2750 iu
1373 2724 1440 2749 cod.
1497 2721 1541 2749 28.
1562 2721 1821 2757 DG2Qu1'squ1's;

574 2842 606 2874 O.
633 2843 676 2874 ls.
705 2843 791 2882 LVI,
817 2853 866 2874 10.
965 2842 1017 2874 28.
1044 2843 1116 2873 Hos
1144 2843 1232 2872 duos
1259 2852 1380 2873 versus
1407 2842 1439 2872 in
1466 2851 1547 2883 opp.
1573 2842 1606 2872 S.
1634 2840 1816 2882 Augustini

506 2900 574 2919 non
603 2889 730 2919 inveni.
757 2889 808 2919 Cf.
835 2899 913 2930 pag.
943 2899 1018 2931 229.

2058 447 2062 458 -
2058 425 2062 435 ,
2029 186 2062 411 mmmm
2031 154 2044 175 -’
