<?xml version="1.0" encoding="UTF-8"?>
<!DOCTYPE html PUBLIC "-//W3C//DTD XHTML 1.0 Transitional//EN"
    "http://www.w3.org/TR/xhtml1/DTD/xhtml1-transitional.dtd">
<html xmlns="http://www.w3.org/1999/xhtml" xml:lang="en" lang="en">
 <head>
  <title>
</title>
<meta http-equiv="Content-Type" content="text/html;charset=utf-8" />
  <meta name='ocr-system' content='tesseract 3.04.00' />
  <meta name='ocr-capabilities' content='ocr_page ocr_carea ocr_par ocr_line ocrx_word'/>
</head>
<body>
  <div class='ocr_page' id='page_1' title='image "./iohanniswyclifse0704wycl_0028.png"; bbox 0 0 2062 3276; ppageno 0'>
   <div class='ocr_carea' id='block_1_1' title="bbox 224 247 1821 334">
    <p class='ocr_par' dir='ltr' id='par_1_1' title="bbox 224 247 1821 334">
     <span class='ocr_line' id='line_1_1' title="bbox 224 247 1821 334; baseline 0.023 -52"><span class='ocrx_word' id='word_1_1' title='bbox 224 247 245 282; x_wconf 78' lang='lat'>8</span> <span class='ocrx_word' id='word_1_2' title='bbox 805 268 1029 303; x_wconf 78' lang='lat' dir='ltr'>JOHANNIS</span> <span class='ocrx_word' id='word_1_3' title='bbox 1049 273 1233 308; x_wconf 66' lang='lat' dir='ltr'>wvcrir</span> <span class='ocrx_word' id='word_1_4' title='bbox 1253 279 1509 317; x_wconf 76' lang='lat' dir='ltr'>sERMoNUM</span> <span class='ocrx_word' id='word_1_5' title='bbox 1628 276 1779 334; x_wconf 83' lang='lat' dir='ltr'>[SERMO</span> <span class='ocrx_word' id='word_1_6' title='bbox 1800 293 1821 320; x_wconf 93' lang='lat'>1.</span> 
     </span>
    </p>
   </div>
   <div class='ocr_carea' id='block_1_2' title="bbox 205 369 1819 1946">
    <p class='ocr_par' dir='ltr' id='par_1_2' title="bbox 219 369 1819 912">
     <span class='ocr_line' id='line_1_2' title="bbox 219 369 1819 438; baseline 0.026 -41"><span class='ocrx_word' id='word_1_7' title='bbox 219 371 488 413; x_wconf 52' lang='lat' dir='ltr'>Ahereujcicnds</span> <span class='ocrx_word' id='word_1_8' title='bbox 567 369 772 419; x_wconf 82' lang='lat' dir='ltr'>Similiter,</span> <span class='ocrx_word' id='word_1_9' title='bbox 807 374 1007 414; x_wconf 89' lang='lat' dir='ltr'>hereticus</span> <span class='ocrx_word' id='word_1_10' title='bbox 1053 379 1109 426; x_wconf 87' lang='lat' dir='ltr'>(in</span> <span class='ocrx_word' id='word_1_11' title='bbox 1143 392 1337 430; x_wconf 84' lang='lat' dir='ltr'>quantum</span> <span class='ocrx_word' id='word_1_12' title='bbox 1373 389 1479 436; x_wconf 86' lang='lat' dir='ltr'>talis)</span> <span class='ocrx_word' id='word_1_13' title='bbox 1525 402 1582 430; x_wconf 90' lang='lat' dir='ltr'>est</span> <span class='ocrx_word' id='word_1_14' title='bbox 1629 396 1819 438; x_wconf 89' lang='lat' dir='ltr'>divisivus</span> 
     </span>
     <span class='ocr_line' id='line_1_3' title="bbox 254 408 1817 502; baseline 0.027 -48"><span class='ocrx_word' id='word_1_15' title='bbox 254 408 456 472; x_wconf 47' lang='lat' dir='ltr'>Cffilfcfifflssd</span> <span class='ocrx_word' id='word_1_16' title='bbox 508 427 691 474; x_wconf 87' lang='lat' dir='ltr'>parcium</span> <span class='ocrx_word' id='word_1_17' title='bbox 725 432 892 470; x_wconf 84' lang='lat' dir='ltr'>ecclesie</span> <span class='ocrx_word' id='word_1_18' title='bbox 926 443 962 471; x_wconf 88' lang='lat' dir='ltr'>et</span> <span class='ocrx_word' id='word_1_19' title='bbox 996 437 1126 475; x_wconf 90' lang='lat' dir='ltr'>tocius</span> <span class='ocrx_word' id='word_1_20' title='bbox 1167 443 1348 490; x_wconf 88' lang='lat' dir='ltr'>corporis</span> <span class='ocrx_word' id='word_1_21' title='bbox 1394 449 1505 496; x_wconf 83' lang='lat' dir='ltr'>regni</span> <span class='ocrx_word' id='word_1_22' title='bbox 1550 464 1571 487; x_wconf 90' lang='lat' dir='ltr'>a</span> <span class='ocrx_word' id='word_1_23' title='bbox 1605 455 1702 502; x_wconf 83' lang='lat' dir='ltr'>Deo,</span> <span class='ocrx_word' id='word_1_24' title='bbox 1749 461 1817 495; x_wconf 90' lang='lat' dir='ltr'>sed</span> 
     </span>
     <span class='ocr_line' id='line_1_4' title="bbox 230 474 1814 563; baseline 0.026 -51"><span class='ocrx_word' id='word_1_25' title='bbox 230 474 382 540; x_wconf 50' lang='lat' dir='ltr'>¹⁶11&amp;de</span> <span class='ocrx_word' id='word_1_26' title='bbox 399 479 478 508; x_wconf 81' lang='lat' dir='ltr'>from</span> <span class='ocrx_word' id='word_1_27' title='bbox 508 483 547 520; x_wconf 89' lang='lat' dir='ltr'>in</span> <span class='ocrx_word' id='word_1_28' title='bbox 602 486 679 524; x_wconf 90' lang='lat' dir='ltr'>hoc</span> <span class='ocrx_word' id='word_1_29' title='bbox 732 489 916 528; x_wconf 83' lang='lat' dir='ltr'>consistit</span> <span class='ocrx_word' id='word_1_30' title='bbox 961 495 1134 533; x_wconf 80' lang='lat' dir='ltr'>maxima</span> <span class='ocrx_word' id='word_1_31' title='bbox 1186 499 1401 540; x_wconf 83' lang='lat' dir='ltr'>infirmitas</span> <span class='ocrx_word' id='word_1_32' title='bbox 1452 515 1573 556; x_wconf 88' lang='lat' dir='ltr'>atque</span> <span class='ocrx_word' id='word_1_33' title='bbox 1617 515 1814 563; x_wconf 85' lang='lat' dir='ltr'>turbacio‚</span> 
     </span>
     <span class='ocr_line' id='line_1_5' title="bbox 389 534 1815 619; baseline 0.026 -45"><span class='ocrx_word' id='word_1_34' title='bbox 389 534 394 540; x_wconf 83' lang='grc'><strong>’</strong></span> <span class='ocrx_word' id='word_1_35' title='bbox 505 554 599 590; x_wconf 86' lang='lat' dir='ltr'>ergo</span> <span class='ocrx_word' id='word_1_36' title='bbox 634 557 724 582; x_wconf 89' lang='lat' dir='ltr'>cum</span> <span class='ocrx_word' id='word_1_37' title='bbox 757 551 976 587; x_wconf 90' lang='lat' dir='ltr'>secundum</span> <span class='ocrx_word' id='word_1_38' title='bbox 1012 554 1199 602; x_wconf 83' lang='lat' dir='ltr'>physicos</span> <span class='ocrx_word' id='word_1_39' title='bbox 1234 570 1354 597; x_wconf 88' lang='lat' dir='ltr'>causa</span> <span class='ocrx_word' id='word_1_40' title='bbox 1395 566 1527 602; x_wconf 84' lang='lat' dir='ltr'>morbi</span> <span class='ocrx_word' id='word_1_41' title='bbox 1561 577 1618 605; x_wconf 93' lang='lat' dir='ltr'>est</span> <span class='ocrx_word' id='word_1_42' title='bbox 1667 572 1815 619; x_wconf 89' lang='lat' dir='ltr'>princi-</span> 
     </span>
     <span class='ocr_line' id='line_1_6' title="bbox 503 601 1812 670; baseline 0.027 -35"><span class='ocrx_word' id='word_1_43' title='bbox 503 601 633 648; x_wconf 89' lang='lat' dir='ltr'>palius</span> <span class='ocrx_word' id='word_1_44' title='bbox 666 608 926 654; x_wconf 80' lang='lat' dir='ltr'>removenda,</span> <span class='ocrx_word' id='word_1_45' title='bbox 973 611 1154 659; x_wconf 87' lang='lat' dir='ltr'>sequitur</span> <span class='ocrx_word' id='word_1_46' title='bbox 1195 618 1416 657; x_wconf 89' lang='lat' dir='ltr'>conclusio.</span> <span class='ocrx_word' id='word_1_47' title='bbox 1466 624 1581 662; x_wconf 87' lang='lat' dir='ltr'>Unde</span> <span class='ocrx_word' id='word_1_48' title='bbox 1613 628 1812 670; x_wconf 88' lang='lat' dir='ltr'>hereticus</span> 
     </span>
     <span class='ocr_line' id='line_1_7' title="bbox 233 657 1812 727; baseline 0.024 -38"><span class='ocrx_word' id='word_1_49' title='bbox 233 659 411 702; x_wconf 67' lang='lat' dir='ltr'>Derivatipr]</span> <span class='ocrx_word' id='word_1_50' title='bbox 433 667 468 694; x_wconf 80' lang='lat' dir='ltr'>of</span> <span class='ocrx_word' id='word_1_51' title='bbox 503 657 649 696; x_wconf 89' lang='lat' dir='ltr'>dicitur</span> <span class='ocrx_word' id='word_1_52' title='bbox 681 662 729 698; x_wconf 89' lang='lat' dir='ltr'>ab</span> <span class='ocrx_word' id='word_1_53' title='bbox 769 664 896 709; x_wconf 62' lang='lat' dir='ltr'>heros⁹</span> <span class='ocrx_word' id='word_1_54' title='bbox 942 671 1049 716; x_wconf 90' lang='lat' dir='ltr'>quod</span> <span class='ocrx_word' id='word_1_55' title='bbox 1084 680 1142 708; x_wconf 89' lang='lat' dir='ltr'>est</span> <span class='ocrx_word' id='word_1_56' title='bbox 1175 672 1330 722; x_wconf 85' lang='lat' dir='ltr'>incisio,</span> <span class='ocrx_word' id='word_1_57' title='bbox 1377 679 1471 727; x_wconf 89' lang='lat' dir='ltr'>quia</span> <span class='ocrx_word' id='word_1_58' title='bbox 1504 682 1740 725; x_wconf 87' lang='lat' dir='ltr'>divisionem</span> <span class='ocrx_word' id='word_1_59' title='bbox 1776 700 1812 727; x_wconf 91' lang='lat' dir='ltr'>et</span> 
     </span>
     <span class='ocr_line' id='line_1_8' title="bbox 275 696 1811 795; baseline 0.027 -50"><span class='ocrx_word' id='word_1_60' title='bbox 275 696 420 727; x_wconf 53' lang='lat' dir='ltr'>‘hermen</span> <span class='ocrx_word' id='word_1_61' title='bbox 500 719 856 764; x_wconf 88' lang='lat' dir='ltr'>perturbacionem</span> <span class='ocrx_word' id='word_1_62' title='bbox 891 724 987 762; x_wconf 87' lang='lat' dir='ltr'>facit</span> <span class='ocrx_word' id='word_1_63' title='bbox 1019 726 1059 764; x_wconf 90' lang='lat' dir='ltr'>in</span> <span class='ocrx_word' id='word_1_64' title='bbox 1091 732 1258 778; x_wconf 88' lang='lat' dir='ltr'>populo.</span> <span class='ocrx_word' id='word_1_65' title='bbox 1312 735 1424 773; x_wconf 84' lang='lat' dir='ltr'>Sicut</span> <span class='ocrx_word' id='word_1_66' title='bbox 1458 751 1553 788; x_wconf 84' lang='lat' dir='ltr'>ergo</span> <span class='ocrx_word' id='word_1_67' title='bbox 1586 751 1670 782; x_wconf 87' lang='lat' dir='ltr'>tota</span> <span class='ocrx_word' id='word_1_68' title='bbox 1703 749 1811 795; x_wconf 88' lang='lat' dir='ltr'>paci-</span> 
     </span>
     <span class='ocr_line' id='line_1_9' title="bbox 500 773 1809 844; baseline 0.026 -34"><span class='ocrx_word' id='word_1_69' title='bbox 500 773 640 813; x_wconf 89' lang='lat' dir='ltr'>ficacio</span> <span class='ocrx_word' id='word_1_70' title='bbox 690 780 865 817; x_wconf 47' lang='lat' dir='ltr'>ecclesie*</span> <span class='ocrx_word' id='word_1_71' title='bbox 901 784 961 819; x_wconf 89' lang='lat' dir='ltr'>vel</span> <span class='ocrx_word' id='word_1_72' title='bbox 1003 787 1113 834; x_wconf 82' lang='lat' dir='ltr'>regni</span> <span class='ocrx_word' id='word_1_73' title='bbox 1157 798 1235 826; x_wconf 89' lang='lat' dir='ltr'>stat</span> <span class='ocrx_word' id='word_1_74' title='bbox 1279 791 1320 828; x_wconf 90' lang='lat' dir='ltr'>in</span> <span class='ocrx_word' id='word_1_75' title='bbox 1364 799 1611 844; x_wconf 83' lang='lat' dir='ltr'>purgacione</span> <span class='ocrx_word' id='word_1_76' title='bbox 1659 804 1742 842; x_wconf 90' lang='lat' dir='ltr'>eius</span> <span class='ocrx_word' id='word_1_77' title='bbox 1787 820 1809 844; x_wconf 92' lang='lat' dir='ltr'>a</span> 
     </span>
     <span class='ocr_line' id='line_1_10' title="bbox 499 831 1808 912; baseline 0.027 -45"><span class='ocrx_word' id='word_1_78' title='bbox 499 831 679 881; x_wconf 86' lang='lat' dir='ltr'>crimine,</span> <span class='ocrx_word' id='word_1_79' title='bbox 726 837 782 874; x_wconf 91' lang='lat' dir='ltr'>sic</span> <span class='ocrx_word' id='word_1_80' title='bbox 828 847 912 877; x_wconf 85' lang='lat' dir='ltr'>tota</span> <span class='ocrx_word' id='word_1_81' title='bbox 957 855 1028 879; x_wconf 88' lang='lat' dir='ltr'>sua</span> <span class='ocrx_word' id='word_1_82' title='bbox 1073 849 1331 893; x_wconf 87' lang='lat' dir='ltr'>perturbacio</span> <span class='ocrx_word' id='word_1_83' title='bbox 1364 861 1443 891; x_wconf 90' lang='lat' dir='ltr'>stat</span> <span class='ocrx_word' id='word_1_84' title='bbox 1475 855 1516 894; x_wconf 89' lang='lat' dir='ltr'>in</span> <span class='ocrx_word' id='word_1_85' title='bbox 1547 872 1630 896; x_wconf 91' lang='lat' dir='ltr'>non</span> <span class='ocrx_word' id='word_1_86' title='bbox 1663 875 1808 912; x_wconf 83' lang='lat' dir='ltr'>purga-</span> 
     </span>
    </p>

    <p class='ocr_par' dir='ltr' id='par_1_3' title="bbox 205 890 1805 1946">
     <span class='ocr_line' id='line_1_11' title="bbox 498 890 1351 946; baseline 0.025 -21"><span class='ocrx_word' id='word_1_87' title='bbox 498 890 612 928; x_wconf 90' lang='lat' dir='ltr'>cione</span> <span class='ocrx_word' id='word_1_88' title='bbox 646 892 728 930; x_wconf 87' lang='lat' dir='ltr'>eius</span> <span class='ocrx_word' id='word_1_89' title='bbox 761 909 783 932; x_wconf 87' lang='lat' dir='ltr'>a</span> <span class='ocrx_word' id='word_1_90' title='bbox 816 897 1041 937; x_wconf 87' lang='lat' dir='ltr'>foventibus</span> <span class='ocrx_word' id='word_1_91' title='bbox 1074 904 1153 941; x_wconf 85' lang='lat' dir='ltr'>tale</span> <span class='ocrx_word' id='word_1_92' title='bbox 1187 906 1351 946; x_wconf 83' lang='lat' dir='ltr'>crimen.</span> 
     </span>
     <span class='ocr_line' id='line_1_12' title="bbox 206 949 1805 1021; baseline 0.024 -43"><span class='ocrx_word' id='word_1_93' title='bbox 206 949 273 979; x_wconf 81' lang='lat' dir='ltr'>The</span> <span class='ocrx_word' id='word_1_94' title='bbox 293 953 360 982; x_wconf 79' lang='lat' dir='ltr'>skin</span> <span class='ocrx_word' id='word_1_95' title='bbox 381 956 417 983; x_wconf 83' lang='lat' dir='ltr'>of</span> <span class='ocrx_word' id='word_1_96' title='bbox 433 957 482 984; x_wconf 74' lang='lat'>1110</span> <span class='ocrx_word' id='word_1_97' title='bbox 554 950 739 989; x_wconf 87' lang='lat' dir='ltr'>Secundo</span> <span class='ocrx_word' id='word_1_98' title='bbox 772 954 929 992; x_wconf 86' lang='lat' dir='ltr'>videtur</span> <span class='ocrx_word' id='word_1_99' title='bbox 961 961 1069 1006; x_wconf 85' lang='lat' dir='ltr'>quod</span> <span class='ocrx_word' id='word_1_100' title='bbox 1102 964 1152 998; x_wconf 88' lang='lat' dir='ltr'>ad</span> <span class='ocrx_word' id='word_1_101' title='bbox 1175 969 1430 1013; x_wconf 85' lang='lat' dir='ltr'>purgandum</span> <span class='ocrx_word' id='word_1_102' title='bbox 1455 984 1621 1021; x_wconf 81' lang='lat' dir='ltr'>regnum</span> <span class='ocrx_word' id='word_1_103' title='bbox 1647 979 1695 1014; x_wconf 89' lang='lat' dir='ltr'>ab</span> <span class='ocrx_word' id='word_1_104' title='bbox 1719 978 1805 1017; x_wconf 87' lang='lat' dir='ltr'>istis</span> 
     </span>
     <span class='ocr_line' id='line_1_13' title="bbox 237 987 1803 1085; baseline 0.026 -51"><span class='ocrx_word' id='word_1_105' title='bbox 237 987 443 1056; x_wconf 52' lang='lat' dir='ltr'>pfflves‘}{fg¹1{yis</span> <span class='ocrx_word' id='word_1_106' title='bbox 496 1006 680 1045; x_wconf 85' lang='lat' dir='ltr'>hereticis</span> <span class='ocrx_word' id='word_1_107' title='bbox 725 1022 885 1059; x_wconf 85' lang='lat' dir='ltr'>oportet</span> <span class='ocrx_word' id='word_1_108' title='bbox 933 1016 990 1052; x_wconf 91' lang='lat' dir='ltr'>uti</span> <span class='ocrx_word' id='word_1_109' title='bbox 1028 1028 1113 1056; x_wconf 88' lang='lat' dir='ltr'>arte</span> <span class='ocrx_word' id='word_1_110' title='bbox 1146 1022 1301 1061; x_wconf 90' lang='lat' dir='ltr'>celestis</span> <span class='ocrx_word' id='word_1_111' title='bbox 1334 1028 1480 1066; x_wconf 86' lang='lat' dir='ltr'>medici</span> <span class='ocrx_word' id='word_1_112' title='bbox 1511 1033 1602 1070; x_wconf 88' lang='lat' dir='ltr'>Jesu</span> <span class='ocrx_word' id='word_1_113' title='bbox 1637 1036 1803 1085; x_wconf 91' lang='lat' dir='ltr'>Christi;</span> 
     </span>
     <span class='ocr_line' id='line_1_14' title="bbox 205 1052 1803 1133; baseline 0.025 -39"><span class='ocrx_word' id='word_1_114' title='bbox 205 1052 478 1124; x_wconf 49' lang='lat' dir='ltr'>flffiffseghffiffiffiss</span> <span class='ocrx_word' id='word_1_115' title='bbox 493 1076 586 1101; x_wconf 89' lang='lat' dir='ltr'>nam</span> <span class='ocrx_word' id='word_1_116' title='bbox 618 1070 839 1107; x_wconf 89' lang='lat' dir='ltr'>secundum</span> <span class='ocrx_word' id='word_1_117' title='bbox 873 1073 1094 1113; x_wconf 86' lang='lat' dir='ltr'>humanum</span> <span class='ocrx_word' id='word_1_118' title='bbox 1129 1078 1321 1119; x_wconf 84' lang='lat' dir='ltr'>iudicium</span> <span class='ocrx_word' id='word_1_119' title='bbox 1362 1086 1493 1125; x_wconf 88' lang='lat' dir='ltr'>forent</span> <span class='ocrx_word' id='word_1_120' title='bbox 1531 1092 1648 1129; x_wconf 87' lang='lat' dir='ltr'>multi</span> <span class='ocrx_word' id='word_1_121' title='bbox 1692 1095 1803 1133; x_wconf 88' lang='lat' dir='ltr'>here-</span> 
     </span>
     <span class='ocr_line' id='line_1_15' title="bbox 255 1102 1801 1199; baseline 0.025 -46"><span class='ocrx_word' id='word_1_122' title='bbox 255 1102 412 1157; x_wconf 51' lang='lat' dir='ltr'>Lheretics.</span> <span class='ocrx_word' id='word_1_123' title='bbox 492 1121 560 1158; x_wconf 90' lang='lat' dir='ltr'>tici</span> <span class='ocrx_word' id='word_1_124' title='bbox 594 1124 661 1172; x_wconf 83' lang='lat' dir='ltr'>qui</span> <span class='ocrx_word' id='word_1_125' title='bbox 695 1127 743 1163; x_wconf 88' lang='lat' dir='ltr'>de</span> <span class='ocrx_word' id='word_1_126' title='bbox 775 1128 882 1166; x_wconf 89' lang='lat' dir='ltr'>facto</span> <span class='ocrx_word' id='word_1_127' title='bbox 915 1141 1006 1169; x_wconf 88' lang='lat' dir='ltr'>sunt</span> <span class='ocrx_word' id='word_1_128' title='bbox 1041 1136 1166 1184; x_wconf 83' lang='lat' dir='ltr'>magis</span> <span class='ocrx_word' id='word_1_129' title='bbox 1212 1142 1414 1190; x_wconf 79' lang='lat' dir='ltr'>catholici,</span> <span class='ocrx_word' id='word_1_130' title='bbox 1461 1146 1563 1186; x_wconf 89' lang='lat' dir='ltr'>sicut</span> <span class='ocrx_word' id='word_1_131' title='bbox 1607 1164 1699 1199; x_wconf 89' lang='lat' dir='ltr'>pars</span> <span class='ocrx_word' id='word_1_132' title='bbox 1743 1154 1801 1190; x_wconf 88' lang='lat' dir='ltr'>in-</span> 
     </span>
     <span class='ocr_line' id='line_1_16' title="bbox 491 1179 1799 1258; baseline 0.028 -44"><span class='ocrx_word' id='word_1_133' title='bbox 491 1179 607 1218; x_wconf 87' lang='lat' dir='ltr'>firma</span> <span class='ocrx_word' id='word_1_134' title='bbox 640 1183 808 1222; x_wconf 86' lang='lat' dir='ltr'>horrens</span> <span class='ocrx_word' id='word_1_135' title='bbox 840 1187 1078 1229; x_wconf 88' lang='lat' dir='ltr'>incisionem</span> <span class='ocrx_word' id='word_1_136' title='bbox 1111 1207 1238 1245; x_wconf 89' lang='lat' dir='ltr'>usque</span> <span class='ocrx_word' id='word_1_137' title='bbox 1271 1201 1322 1236; x_wconf 92' lang='lat' dir='ltr'>ad</span> <span class='ocrx_word' id='word_1_138' title='bbox 1362 1213 1535 1242; x_wconf 89' lang='lat' dir='ltr'>mortem</span> <span class='ocrx_word' id='word_1_139' title='bbox 1581 1207 1621 1245; x_wconf 92' lang='lat' dir='ltr'>in</span> <span class='ocrx_word' id='word_1_140' title='bbox 1665 1220 1799 1258; x_wconf 91' lang='lat' dir='ltr'>putre-</span> 
     </span>
     <span class='ocr_line' id='line_1_17' title="bbox 245 1237 1797 1311; baseline 0.025 -42"><span class='ocrx_word' id='word_1_141' title='bbox 245 1241 390 1273; x_wconf 80' lang='lat' dir='ltr'>Without</span> <span class='ocrx_word' id='word_1_142' title='bbox 409 1247 431 1274; x_wconf 85' lang='lat' dir='ltr'>it</span> <span class='ocrx_word' id='word_1_143' title='bbox 490 1237 581 1275; x_wconf 87' lang='lat' dir='ltr'>dine</span> <span class='ocrx_word' id='word_1_144' title='bbox 605 1243 867 1291; x_wconf 89' lang='lat' dir='ltr'>conquiescit.</span> <span class='ocrx_word' id='word_1_145' title='bbox 894 1248 1065 1296; x_wconf 88' lang='lat' dir='ltr'>Oportet</span> <span class='ocrx_word' id='word_1_146' title='bbox 1088 1265 1183 1301; x_wconf 83' lang='lat' dir='ltr'>ergo</span> <span class='ocrx_word' id='word_1_147' title='bbox 1207 1260 1428 1297; x_wconf 87' lang='lat' dir='ltr'>secundum</span> <span class='ocrx_word' id='word_1_148' title='bbox 1445 1265 1625 1311; x_wconf 83' lang='lat' dir='ltr'>regulam</span> <span class='ocrx_word' id='word_1_149' title='bbox 1642 1269 1797 1308; x_wconf 88' lang='lat' dir='ltr'>celestis</span> 
     </span>
     <span class='ocr_line' id='line_1_18' title="bbox 210 1277 1794 1366; baseline 0.027 -43"><span class='ocrx_word' id='word_1_150' title='bbox 210 1277 460 1344; x_wconf 42' lang='grc' dir='ltr'>ἐξζξζξκὲζᾶζδὺῐῖ)</span> <span class='ocrx_word' id='word_1_151' title='bbox 488 1296 634 1334; x_wconf 91' lang='lat' dir='ltr'>medici</span> <span class='ocrx_word' id='word_1_152' title='bbox 669 1304 877 1341; x_wconf 87' lang='lat' dir='ltr'>extrudere</span> <span class='ocrx_word' id='word_1_153' title='bbox 909 1306 1184 1359; x_wconf 87' lang='lat' dir='ltr'>virulenciam‚</span> <span class='ocrx_word' id='word_1_154' title='bbox 1231 1326 1441 1363; x_wconf 83' lang='lat' dir='ltr'>apostema</span> <span class='ocrx_word' id='word_1_155' title='bbox 1484 1323 1545 1359; x_wconf 89' lang='lat' dir='ltr'>vel</span> <span class='ocrx_word' id='word_1_156' title='bbox 1584 1325 1794 1366; x_wconf 88' lang='lat' dir='ltr'>humorem</span> 
     </span>
     <span class='ocr_line' id='line_1_19' title="bbox 266 1348 1795 1423; baseline 0.027 -40"><span class='ocrx_word' id='word_1_157' title='bbox 266 1348 407 1410; x_wconf 20' lang='lat' dir='ltr'>lw‘hotare</span> <span class='ocrx_word' id='word_1_158' title='bbox 487 1354 694 1401; x_wconf 86' lang='lat' dir='ltr'>putridum</span> <span class='ocrx_word' id='word_1_159' title='bbox 729 1362 912 1408; x_wconf 84' lang='lat' dir='ltr'>corporis</span> <span class='ocrx_word' id='word_1_160' title='bbox 945 1366 1111 1404; x_wconf 87' lang='lat' dir='ltr'>ecclesie</span> <span class='ocrx_word' id='word_1_161' title='bbox 1154 1369 1399 1413; x_wconf 85' lang='lat' dir='ltr'>infectivum.</span> <span class='ocrx_word' id='word_1_162' title='bbox 1446 1379 1559 1417; x_wconf 86' lang='lat' dir='ltr'>Patet</span> <span class='ocrx_word' id='word_1_163' title='bbox 1603 1383 1709 1422; x_wconf 92' lang='lat' dir='ltr'>istud</span> <span class='ocrx_word' id='word_1_164' title='bbox 1752 1399 1795 1423; x_wconf 89' lang='lat' dir='ltr'>ex</span> 
     </span>
     <span class='ocr_line' id='line_1_20' title="bbox 275 1388 1790 1493; baseline 0.027 -52"><span class='ocrx_word' id='word_1_165' title='bbox 275 1388 404 1413; x_wconf 40' lang='lat' dir='ltr'><strong>&#39;stenes&#39;</strong></span> <span class='ocrx_word' id='word_1_166' title='bbox 485 1412 718 1452; x_wconf 88' lang='lat' dir='ltr'>testimonio</span> <span class='ocrx_word' id='word_1_167' title='bbox 752 1419 923 1468; x_wconf 91' lang='lat' dir='ltr'>duplicis</span> <span class='ocrx_word' id='word_1_168' title='bbox 956 1428 1206 1465; x_wconf 83' lang='lat' dir='ltr'>testamenti:</span> <span class='ocrx_word' id='word_1_169' title='bbox 1239 1444 1332 1468; x_wconf 88' lang='lat' dir='ltr'>nam</span> <span class='ocrx_word' id='word_1_170' title='bbox 1357 1436 1420 1472; x_wconf 92' lang='grc' dir='ltr'><strong>ΙΙΙ.</strong></span> <span class='ocrx_word' id='word_1_171' title='bbox 1445 1438 1537 1486; x_wconf 82' lang='lat' dir='ltr'>Reg.</span> <span class='ocrx_word' id='word_1_172' title='bbox 1561 1441 1718 1489; x_wconf 85' lang='lat' dir='ltr'>XV1110,</span> <span class='ocrx_word' id='word_1_173' title='bbox 1746 1458 1790 1493; x_wconf 91' lang='lat'>17</span> 
     </span>
     <span class='ocr_line' id='line_1_21' title="bbox 484 1469 1791 1544; baseline 0.027 -39"><span class='ocrx_word' id='word_1_174' title='bbox 484 1469 580 1507; x_wconf 87' lang='lat' dir='ltr'>dicit</span> <span class='ocrx_word' id='word_1_175' title='bbox 613 1485 678 1509; x_wconf 85' lang='lat' dir='ltr'>rex</span> <span class='ocrx_word' id='word_1_176' title='bbox 709 1477 831 1513; x_wconf 89' lang='lat' dir='ltr'>Israel</span> <span class='ocrx_word' id='word_1_177' title='bbox 864 1480 976 1517; x_wconf 91' lang='lat' dir='ltr'>Helie</span> <span class='ocrx_word' id='word_1_178' title='bbox 1009 1486 1224 1533; x_wconf 89' lang='lat' dir='ltr'>prophete:</span> <span class='ocrx_word' id='word_1_179' title='bbox 1266 1490 1369 1528; x_wconf 86' lang='lat' dir='ltr'>Tune</span> <span class='ocrx_word' id='word_1_180' title='bbox 1406 1506 1446 1530; x_wconf 86' lang='lat' dir='ltr'>es</span> <span class='ocrx_word' id='word_1_181' title='bbox 1482 1497 1548 1544; x_wconf 82' lang='lat' dir='ltr'>qui</span> <span class='ocrx_word' id='word_1_182' title='bbox 1583 1503 1791 1540; x_wconf 78' lang='lat' dir='ltr'>conturbas</span> 
     </span>
     <span class='ocr_line' id='line_1_22' title="bbox 481 1528 1789 1598; baseline 0.028 -36"><span class='ocrx_word' id='word_1_183' title='bbox 481 1528 635 1566; x_wconf 67' lang='lat' dir='ltr'>Israel?</span> <span class='ocrx_word' id='word_1_184' title='bbox 667 1532 717 1569; x_wconf 86' lang='lat' dir='ltr'>At</span> <span class='ocrx_word' id='word_1_185' title='bbox 748 1534 832 1571; x_wconf 86' lang='lat' dir='ltr'>ille.-</span> <span class='ocrx_word' id='word_1_186' title='bbox 863 1537 950 1574; x_wconf 87' lang='lat' dir='ltr'>Non</span> <span class='ocrx_word' id='word_1_187' title='bbox 983 1553 1056 1591; x_wconf 76' lang='lat' dir='ltr'>ego</span> <span class='ocrx_word' id='word_1_188' title='bbox 1090 1545 1247 1582; x_wconf 72' lang='lat' dir='ltr'>turbavi</span> <span class='ocrx_word' id='word_1_189' title='bbox 1266 1548 1402 1597; x_wconf 77' lang='lat' dir='ltr'>Israel,</span> <span class='ocrx_word' id='word_1_190' title='bbox 1435 1555 1505 1589; x_wconf 75' lang='lat' dir='ltr'>sed</span> <span class='ocrx_word' id='word_1_191' title='bbox 1524 1562 1564 1591; x_wconf 86' lang='lat' dir='ltr'>tu</span> <span class='ocrx_word' id='word_1_192' title='bbox 1596 1565 1632 1594; x_wconf 90' lang='lat' dir='ltr'>et</span> <span class='ocrx_word' id='word_1_193' title='bbox 1653 1560 1789 1598; x_wconf 75' lang='lat' dir='ltr'>domus</span> 
     </span>
     <span class='ocr_line' id='line_1_23' title="bbox 474 1587 1786 1656; baseline 0.028 -36"><span class='ocrx_word' id='word_1_194' title='bbox 474 1587 603 1634; x_wconf 80' lang='lat' dir='ltr'>patris</span> <span class='ocrx_word' id='word_1_195' title='bbox 634 1590 691 1625; x_wconf 84' lang='lat' dir='ltr'>tui</span> <span class='ocrx_word' id='word_1_196' title='bbox 720 1593 784 1639; x_wconf 84' lang='lat' dir='ltr'>qui</span> <span class='ocrx_word' id='word_1_197' title='bbox 826 1595 1083 1646; x_wconf 78' lang='lat' dir='ltr'>dereliquistis</span> <span class='ocrx_word' id='word_1_198' title='bbox 1126 1605 1308 1642; x_wconf 78' lang='lat' dir='ltr'>mandata</span> <span class='ocrx_word' id='word_1_199' title='bbox 1341 1608 1510 1648; x_wconf 83' lang='lat' dir='ltr'>Domini.</span> <span class='ocrx_word' id='word_1_200' title='bbox 1557 1615 1786 1656; x_wconf 87' lang='lat' dir='ltr'>Secundum</span> 
     </span>
     <span class='ocr_line' id='line_1_24' title="bbox 480 1647 1785 1718; baseline 0.028 -40"><span class='ocrx_word' id='word_1_201' title='bbox 480 1647 708 1694; x_wconf 85' lang='lat' dir='ltr'>exemplum</span> <span class='ocrx_word' id='word_1_202' title='bbox 744 1652 791 1687; x_wconf 91' lang='lat' dir='ltr'>de</span> <span class='ocrx_word' id='word_1_203' title='bbox 823 1652 908 1700; x_wconf 84' lang='lat' dir='ltr'>lege</span> <span class='ocrx_word' id='word_1_204' title='bbox 939 1657 1073 1703; x_wconf 80' lang='lat' dir='ltr'>gracie</span> <span class='ocrx_word' id='word_1_205' title='bbox 1106 1670 1216 1707; x_wconf 89' lang='lat' dir='ltr'>patet</span> <span class='ocrx_word' id='word_1_206' title='bbox 1250 1675 1293 1700; x_wconf 87' lang='lat' dir='ltr'>ex</span> <span class='ocrx_word' id='word_1_207' title='bbox 1326 1666 1402 1704; x_wconf 92' lang='lat' dir='ltr'>hoc</span> <span class='ocrx_word' id='word_1_208' title='bbox 1425 1672 1533 1718; x_wconf 89' lang='lat' dir='ltr'>quod</span> <span class='ocrx_word' id='word_1_209' title='bbox 1556 1677 1785 1714; x_wconf 86' lang='lat' dir='ltr'>sacerdotes</span> 
     </span>
     <span class='ocr_line' id='line_1_25' title="bbox 477 1703 1785 1783; baseline 0.028 -46"><span class='ocrx_word' id='word_1_210' title='bbox 477 1703 619 1749; x_wconf 87' lang='lat' dir='ltr'>perfidi</span> <span class='ocrx_word' id='word_1_211' title='bbox 653 1714 689 1742; x_wconf 91' lang='lat' dir='ltr'>et</span> <span class='ocrx_word' id='word_1_212' title='bbox 722 1709 895 1755; x_wconf 88' lang='lat' dir='ltr'>pharisei</span> <span class='ocrx_word' id='word_1_213' title='bbox 927 1712 1205 1762; x_wconf 88' lang='lat' dir='ltr'>imposuerunt</span> <span class='ocrx_word' id='word_1_214' title='bbox 1229 1722 1388 1761; x_wconf 88' lang='lat' dir='ltr'>Christo</span> <span class='ocrx_word' id='word_1_215' title='bbox 1421 1727 1592 1767; x_wconf 88' lang='lat' dir='ltr'>heresim</span> <span class='ocrx_word' id='word_1_216' title='bbox 1627 1741 1664 1769; x_wconf 93' lang='lat' dir='ltr'>et</span> <span class='ocrx_word' id='word_1_217' title='bbox 1696 1748 1785 1783; x_wconf 85' lang='lat' dir='ltr'>per-</span> 
     </span>
     <span class='ocr_line' id='line_1_26' title="bbox 231 1761 1782 1836; baseline 0.026 -46"><span class='ocrx_word' id='word_1_218' title='bbox 231 1763 411 1806; x_wconf 50' lang='lat' dir='ltr'>Exgupplcs:</span> <span class='ocrx_word' id='word_1_219' title='bbox 476 1761 752 1802; x_wconf 86' lang='lat' dir='ltr'>turbacionem</span> <span class='ocrx_word' id='word_1_220' title='bbox 776 1768 905 1806; x_wconf 89' lang='lat' dir='ltr'>tocius</span> <span class='ocrx_word' id='word_1_221' title='bbox 927 1772 1050 1810; x_wconf 89' lang='lat' dir='ltr'>Judee</span> <span class='ocrx_word' id='word_1_222' title='bbox 1083 1778 1140 1821; x_wconf 89' lang='lat' dir='ltr'>(ut</span> <span class='ocrx_word' id='word_1_223' title='bbox 1163 1786 1273 1825; x_wconf 91' lang='lat' dir='ltr'>patet</span> <span class='ocrx_word' id='word_1_224' title='bbox 1296 1782 1401 1820; x_wconf 89' lang='lat' dir='ltr'>Luce</span> <span class='ocrx_word' id='word_1_225' title='bbox 1422 1786 1595 1836; x_wconf 85' lang='lat' dir='ltr'>XX1110),</span> <span class='ocrx_word' id='word_1_226' title='bbox 1631 1800 1668 1828; x_wconf 93' lang='lat' dir='ltr'>et</span> <span class='ocrx_word' id='word_1_227' title='bbox 1692 1805 1782 1830; x_wconf 89' lang='lat' dir='ltr'>cum</span> 
     </span>
     <span class='ocr_line' id='line_1_27' title="bbox 265 1800 1782 1897; baseline 0.028 -50"><span class='ocrx_word' id='word_1_228' title='bbox 265 1800 379 1865; x_wconf 53' lang='lat' dir='ltr'>fflffl&#39;t’</span> <span class='ocrx_word' id='word_1_229' title='bbox 475 1828 631 1856; x_wconf 89' lang='lat' dir='ltr'>constat</span> <span class='ocrx_word' id='word_1_230' title='bbox 665 1834 708 1858; x_wconf 84' lang='lat' dir='ltr'>ex</span> <span class='ocrx_word' id='word_1_231' title='bbox 741 1824 818 1862; x_wconf 89' lang='lat' dir='ltr'>fide</span> <span class='ocrx_word' id='word_1_232' title='bbox 851 1830 960 1876; x_wconf 87' lang='lat' dir='ltr'>quod</span> <span class='ocrx_word' id='word_1_233' title='bbox 985 1831 1169 1871; x_wconf 88' lang='lat' dir='ltr'>Christus</span> <span class='ocrx_word' id='word_1_234' title='bbox 1202 1837 1274 1874; x_wconf 88' lang='lat' dir='ltr'>fuit</span> <span class='ocrx_word' id='word_1_235' title='bbox 1308 1841 1481 1881; x_wconf 87' lang='lat' dir='ltr'>maxime</span> <span class='ocrx_word' id='word_1_236' title='bbox 1504 1851 1782 1897; x_wconf 82' lang='lat' dir='ltr'>expurgativus</span> 
     </span>
     <span class='ocr_line' id='line_1_28' title="bbox 473 1876 1779 1946; baseline 0.028 -35"><span class='ocrx_word' id='word_1_237' title='bbox 473 1876 622 1914; x_wconf 89' lang='lat' dir='ltr'>heresis</span> <span class='ocrx_word' id='word_1_238' title='bbox 668 1882 716 1917; x_wconf 89' lang='lat' dir='ltr'>ab</span> <span class='ocrx_word' id='word_1_239' title='bbox 755 1882 824 1920; x_wconf 89' lang='lat' dir='ltr'>illa</span> <span class='ocrx_word' id='word_1_240' title='bbox 868 1887 1013 1935; x_wconf 87' lang='lat' dir='ltr'>patria,</span> <span class='ocrx_word' id='word_1_241' title='bbox 1062 1892 1235 1932; x_wconf 84' lang='lat' dir='ltr'>maxime</span> <span class='ocrx_word' id='word_1_242' title='bbox 1279 1900 1482 1938; x_wconf 82' lang='lat' dir='ltr'>sanativus</span> <span class='ocrx_word' id='word_1_243' title='bbox 1527 1913 1563 1941; x_wconf 89' lang='lat' dir='ltr'>et</span> <span class='ocrx_word' id='word_1_244' title='bbox 1604 1907 1779 1946; x_wconf 88' lang='lat' dir='ltr'>unitivus</span> 
     </span>
    </p>
   </div>
   <div class='ocr_carea' id='block_1_3' title="bbox 472 1935 1778 2015">
    <p class='ocr_par' dir='ltr' id='par_1_4' title="bbox 472 1935 1778 2015">
     <span class='ocr_line' id='line_1_29' title="bbox 472 1935 1778 2015; baseline 0.028 -46"><span class='ocrx_word' id='word_1_245' title='bbox 472 1935 653 1983; x_wconf 82' lang='lat' dir='ltr'>ecclesie,</span> <span class='ocrx_word' id='word_1_246' title='bbox 700 1938 792 1977; x_wconf 89' lang='lat' dir='ltr'>ideo</span> <span class='ocrx_word' id='word_1_247' title='bbox 837 1944 1120 1986; x_wconf 87' lang='lat' dir='ltr'>stultissimum</span> <span class='ocrx_word' id='word_1_248' title='bbox 1155 1952 1257 1990; x_wconf 92' lang='lat' dir='ltr'>foret</span> <span class='ocrx_word' id='word_1_249' title='bbox 1290 1961 1510 1997; x_wconf 89' lang='lat' dir='ltr'>secundum</span> <span class='ocrx_word' id='word_1_250' title='bbox 1546 1975 1778 2015; x_wconf 89' lang='lat' dir='ltr'>corruptam</span> 
     </span>
    </p>
   </div>
   <div class='ocr_carea' id='block_1_4' title="bbox 465 2109 1778 2352">
    <p class='ocr_par' dir='ltr' id='par_1_5' title="bbox 465 2109 1778 2352">
     <span class='ocr_line' id='line_1_30' title="bbox 468 2109 1775 2178; baseline 0.027 -35"><span class='ocrx_word' id='word_1_251' title='bbox 468 2109 568 2145; x_wconf 90' lang='lat' dir='ltr'>Nam</span> <span class='ocrx_word' id='word_1_252' title='bbox 612 2113 718 2149; x_wconf 90' lang='lat' dir='ltr'>Luce</span> <span class='ocrx_word' id='word_1_253' title='bbox 750 2116 907 2164; x_wconf 84' lang='lat' dir='ltr'>XX1110‚</span> <span class='ocrx_word' id='word_1_254' title='bbox 956 2130 976 2155; x_wconf 85' lang='lat'>2</span> <span class='ocrx_word' id='word_1_255' title='bbox 1023 2123 1229 2163; x_wconf 86' lang='lat' dir='ltr'>scribitur:</span> <span class='ocrx_word' id='word_1_256' title='bbox 1275 2129 1388 2168; x_wconf 84' lang='lat' dir='ltr'>Nunc</span> <span class='ocrx_word' id='word_1_257' title='bbox 1431 2134 1644 2175; x_wconf 79' lang='lat' dir='ltr'>invenimus</span> <span class='ocrx_word' id='word_1_258' title='bbox 1688 2143 1775 2178; x_wconf 81' lang='lat' dir='ltr'>suh-</span> 
     </span>
     <span class='ocr_line' id='line_1_31' title="bbox 468 2174 1778 2236; baseline 0.027 -36"><span class='ocrx_word' id='word_1_259' title='bbox 468 2174 677 2206; x_wconf 64' lang='lat' dir='ltr'>i&#39;ertentem</span> <span class='ocrx_word' id='word_1_260' title='bbox 709 2181 864 2222; x_wconf 75' lang='lat' dir='ltr'>gentem</span> <span class='ocrx_word' id='word_1_261' title='bbox 898 2186 1072 2216; x_wconf 73' lang='lat' dir='ltr'>nostram</span> <span class='ocrx_word' id='word_1_262' title='bbox 1118 2191 1153 2219; x_wconf 88' lang='lat' dir='ltr'>et</span> <span class='ocrx_word' id='word_1_263' title='bbox 1191 2188 1459 2234; x_wconf 79' lang='lat' dir='ltr'>prohibentem</span> <span class='ocrx_word' id='word_1_264' title='bbox 1504 2195 1647 2232; x_wconf 78' lang='lat' dir='ltr'>tributa</span> <span class='ocrx_word' id='word_1_265' title='bbox 1687 2200 1778 2236; x_wconf 85' lang='lat' dir='ltr'>dari</span> 
     </span>
     <span class='ocr_line' id='line_1_32' title="bbox 469 2224 1772 2303; baseline 0.027 -44"><span class='ocrx_word' id='word_1_266' title='bbox 469 2224 618 2263; x_wconf 73' lang='lat' dir='ltr'>cesari.</span> <span class='ocrx_word' id='word_1_267' title='bbox 652 2230 700 2265; x_wconf 85' lang='lat' dir='ltr'>Et</span> <span class='ocrx_word' id='word_1_268' title='bbox 723 2232 922 2280; x_wconf 86' lang='lat' dir='ltr'>sequitur:</span> <span class='ocrx_word' id='word_1_269' title='bbox 952 2236 1176 2277; x_wconf 76' lang='lat' dir='ltr'>Commovet</span> <span class='ocrx_word' id='word_1_270' title='bbox 1202 2246 1389 2294; x_wconf 80' lang='lat' dir='ltr'>populum</span> <span class='ocrx_word' id='word_1_271' title='bbox 1421 2251 1560 2289; x_wconf 82' lang='lat' dir='ltr'>docens</span> <span class='ocrx_word' id='word_1_272' title='bbox 1585 2267 1661 2303; x_wconf 81' lang='lat' dir='ltr'>per</span> <span class='ocrx_word' id='word_1_273' title='bbox 1693 2258 1772 2294; x_wconf 87' lang='lat' dir='ltr'>uni-</span> 
     </span>
     <span class='ocr_line' id='line_1_33' title="bbox 465 2287 1767 2352; baseline 0.028 -36"><span class='ocrx_word' id='word_1_274' title='bbox 465 2294 617 2320; x_wconf 76' lang='lat' dir='ltr'>versam</span> <span class='ocrx_word' id='word_1_275' title='bbox 648 2287 811 2326; x_wconf 65' lang='lat' dir='ltr'>:sudeam</span> <span class='ocrx_word' id='word_1_276' title='bbox 858 2305 974 2341; x_wconf 79' lang='lat' dir='ltr'>usque</span> <span class='ocrx_word' id='word_1_277' title='bbox 1017 2296 1102 2334; x_wconf 79' lang='lat' dir='ltr'>huc.</span> <span class='ocrx_word' id='word_1_278' title='bbox 1156 2302 1204 2337; x_wconf 90' lang='lat' dir='ltr'>Et</span> <span class='ocrx_word' id='word_1_279' title='bbox 1249 2303 1325 2340; x_wconf 88' lang='lat' dir='ltr'>hoc</span> <span class='ocrx_word' id='word_1_280' title='bbox 1370 2305 1475 2345; x_wconf 83' lang='lat' dir='ltr'>idem</span> <span class='ocrx_word' id='word_1_281' title='bbox 1520 2311 1767 2352; x_wconf 87' lang='lat' dir='ltr'>verificatum</span> 
     </span>
    </p>
   </div>
   <div class='ocr_carea' id='block_1_5' title="bbox 464 2339 1795 2417">
    <p class='ocr_par' dir='ltr' id='par_1_6' title="bbox 464 2339 1795 2417">
     <span class='ocr_line' id='line_1_34' title="bbox 464 2339 1795 2417; baseline 0.029 -43"><span class='ocrx_word' id='word_1_282' title='bbox 464 2339 536 2376; x_wconf 83' lang='lat' dir='ltr'>fuit</span> <span class='ocrx_word' id='word_1_283' title='bbox 581 2343 628 2378; x_wconf 93' lang='lat' dir='ltr'>de</span> <span class='ocrx_word' id='word_1_284' title='bbox 668 2346 793 2383; x_wconf 86' lang='lat' dir='ltr'>Paulo</span> <span class='ocrx_word' id='word_1_285' title='bbox 839 2359 876 2386; x_wconf 91' lang='lat' dir='ltr'>et</span> <span class='ocrx_word' id='word_1_286' title='bbox 909 2353 1050 2390; x_wconf 89' lang='lat' dir='ltr'>ceteris</span> <span class='ocrx_word' id='word_1_287' title='bbox 1094 2360 1302 2408; x_wconf 78' lang='lat' dir='ltr'>apostolis,</span> <span class='ocrx_word' id='word_1_288' title='bbox 1349 2376 1486 2411; x_wconf 91' lang='lat' dir='ltr'>ymmo</span> <span class='ocrx_word' id='word_1_289' title='bbox 1530 2372 1795 2417; x_wconf 55' lang='lat' dir='ltr'>generaliter„</span> 
     </span>
    </p>
   </div>
   <div class='ocr_carea' id='block_1_6' title="bbox 459 2397 1767 2643">
    <p class='ocr_par' dir='ltr' id='par_1_7' title="bbox 459 2397 1767 2643">
     <span class='ocr_line' id='line_1_35' title="bbox 464 2397 1767 2468; baseline 0.028 -36"><span class='ocrx_word' id='word_1_290' title='bbox 464 2397 511 2432; x_wconf 88' lang='lat' dir='ltr'>de</span> <span class='ocrx_word' id='word_1_291' title='bbox 545 2402 700 2439; x_wconf 89' lang='lat' dir='ltr'>cunctis</span> <span class='ocrx_word' id='word_1_292' title='bbox 734 2404 922 2445; x_wconf 88' lang='lat' dir='ltr'>fidelibus</span> <span class='ocrx_word' id='word_1_293' title='bbox 955 2410 1023 2459; x_wconf 90' lang='lat' dir='ltr'>qui</span> <span class='ocrx_word' id='word_1_294' title='bbox 1055 2415 1197 2453; x_wconf 88' lang='lat' dir='ltr'>volunt</span> <span class='ocrx_word' id='word_1_295' title='bbox 1228 2431 1394 2468; x_wconf 77' lang='lat' dir='ltr'>regnum</span> <span class='ocrx_word' id='word_1_296' title='bbox 1439 2437 1461 2461; x_wconf 92' lang='lat' dir='ltr'>a</span> <span class='ocrx_word' id='word_1_297' title='bbox 1506 2426 1674 2467; x_wconf 89' lang='lat' dir='ltr'>crimine</span> <span class='ocrx_word' id='word_1_298' title='bbox 1707 2443 1767 2468; x_wconf 89' lang='lat' dir='ltr'>ex-</span> 
     </span>
     <span class='ocr_line' id='line_1_36' title="bbox 462 2462 1765 2526; baseline 0.029 -37"><span class='ocrx_word' id='word_1_299' title='bbox 462 2466 645 2503; x_wconf 84' lang='lat' dir='ltr'>purgare.</span> <span class='ocrx_word' id='word_1_300' title='bbox 701 2462 802 2499; x_wconf 80' lang='lat' dir='ltr'>Nam</span> <span class='ocrx_word' id='word_1_301' title='bbox 840 2466 939 2504; x_wconf 90' lang='lat' dir='ltr'>tales</span> <span class='ocrx_word' id='word_1_302' title='bbox 979 2468 1155 2510; x_wconf 90' lang='lat' dir='ltr'>indurati</span> <span class='ocrx_word' id='word_1_303' title='bbox 1194 2474 1235 2512; x_wconf 90' lang='lat' dir='ltr'>in</span> <span class='ocrx_word' id='word_1_304' title='bbox 1267 2479 1436 2518; x_wconf 89' lang='lat' dir='ltr'>maliciis</span> <span class='ocrx_word' id='word_1_305' title='bbox 1468 2485 1611 2523; x_wconf 88' lang='lat' dir='ltr'>nolunt</span> <span class='ocrx_word' id='word_1_306' title='bbox 1644 2487 1765 2526; x_wconf 90' lang='lat' dir='ltr'>incidi</span> 
     </span>
     <span class='ocr_line' id='line_1_37' title="bbox 459 2513 1763 2592; baseline 0.029 -45"><span class='ocrx_word' id='word_1_307' title='bbox 459 2513 518 2548; x_wconf 67' lang='lat' dir='ltr'>vel</span> <span class='ocrx_word' id='word_1_308' title='bbox 546 2516 628 2561; x_wconf 88' lang='lat' dir='ltr'>pati</span> <span class='ocrx_word' id='word_1_309' title='bbox 654 2522 959 2562; x_wconf 87' lang='lat' dir='ltr'>evacuacionem</span> <span class='ocrx_word' id='word_1_310' title='bbox 985 2529 1162 2575; x_wconf 88' lang='lat' dir='ltr'>pruritus</span> <span class='ocrx_word' id='word_1_311' title='bbox 1187 2537 1368 2583; x_wconf 87' lang='lat' dir='ltr'>corporis</span> <span class='ocrx_word' id='word_1_312' title='bbox 1392 2548 1434 2576; x_wconf 89' lang='lat' dir='ltr'>ut</span> <span class='ocrx_word' id='word_1_313' title='bbox 1456 2553 1660 2592; x_wconf 85' lang='lat' dir='ltr'>sanentur,</span> <span class='ocrx_word' id='word_1_314' title='bbox 1695 2549 1763 2585; x_wconf 89' lang='lat' dir='ltr'>sed</span> 
     </span>
     <span class='ocr_line' id='line_1_38' title="bbox 459 2569 1761 2643; baseline 0.03 -38"><span class='ocrx_word' id='word_1_315' title='bbox 459 2569 596 2609; x_wconf 87' lang='lat' dir='ltr'>dicunt</span> <span class='ocrx_word' id='word_1_316' title='bbox 628 2574 668 2611; x_wconf 90' lang='lat' dir='ltr'>in</span> <span class='ocrx_word' id='word_1_317' title='bbox 691 2577 797 2616; x_wconf 88' lang='lat' dir='ltr'>facto</span> <span class='ocrx_word' id='word_1_318' title='bbox 821 2584 942 2630; x_wconf 81' lang='lat' dir='ltr'>quod,</span> <span class='ocrx_word' id='word_1_319' title='bbox 977 2585 1007 2621; x_wconf 93' lang='lat' dir='ltr'>si</span> <span class='ocrx_word' id='word_1_320' title='bbox 1037 2598 1219 2628; x_wconf 89' lang='lat' dir='ltr'>nostram</span> <span class='ocrx_word' id='word_1_321' title='bbox 1242 2595 1490 2636; x_wconf 88' lang='lat' dir='ltr'>voluntatem</span> <span class='ocrx_word' id='word_1_322' title='bbox 1514 2602 1575 2638; x_wconf 83' lang='lat' dir='ltr'>vel</span> <span class='ocrx_word' id='word_1_323' title='bbox 1598 2603 1761 2643; x_wconf 88' lang='lat' dir='ltr'>divicias</span> 
     </span>
    </p>
   </div>
   <div class='ocr_carea' id='block_1_7' title="bbox 449 2716 1756 2842">
    <p class='ocr_par' dir='ltr' id='par_1_8' title="bbox 449 2716 1756 2842">
     <span class='ocr_line' id='line_1_39' title="bbox 522 2716 1756 2781; baseline 0.031 -40"><span class='ocrx_word' id='word_1_324' title='bbox 522 2722 541 2742; x_wconf 86' lang='grc' dir='ltr'>ι.</span> <span class='ocrx_word' id='word_1_325' title='bbox 562 2716 591 2743; x_wconf 92' lang='grc' dir='ltr'><strong>Α</strong></span> <span class='ocrx_word' id='word_1_326' title='bbox 611 2717 640 2744; x_wconf 84' lang='lat' dir='ltr'>in</span> <span class='ocrx_word' id='word_1_327' title='bbox 662 2726 775 2761; x_wconf 56' lang='lat' dir='ltr'>margg</span> <span class='ocrx_word' id='word_1_328' title='bbox 801 2733 834 2757; x_wconf 68' lang='lat'>3.</span> <span class='ocrx_word' id='word_1_329' title='bbox 914 2728 941 2753; x_wconf 62' lang='grc' dir='ltr'>(ἱ.</span> <span class='ocrx_word' id='word_1_330' title='bbox 963 2729 1073 2760; x_wconf 78' lang='lat' dir='ltr'>heros:</span> <span class='ocrx_word' id='word_1_331' title='bbox 1097 2733 1137 2761; x_wconf 98' lang='lat' dir='ltr'>F:</span> <span class='ocrx_word' id='word_1_332' title='bbox 1160 2743 1257 2765; x_wconf 84' lang='lat' dir='ltr'>ereos.</span> <span class='ocrx_word' id='word_1_333' title='bbox 1332 2740 1358 2767; x_wconf 74' lang='lat'>8.</span> <span class='ocrx_word' id='word_1_334' title='bbox 1379 2741 1419 2769; x_wconf 88' lang='lat' dir='ltr'>F:</span> <span class='ocrx_word' id='word_1_335' title='bbox 1446 2746 1541 2781; x_wconf 81' lang='lat' dir='ltr'>regni</span> <span class='ocrx_word' id='word_1_336' title='bbox 1556 2748 1603 2775; x_wconf 78' lang='lat' dir='ltr'>vel</span> <span class='ocrx_word' id='word_1_337' title='bbox 1621 2751 1756 2779; x_wconf 82' lang='lat' dir='ltr'>ecclesie.</span> 
     </span>
     <span class='ocr_line' id='line_1_40' title="bbox 451 2749 1754 2819; baseline 0.031 -46"><span class='ocrx_word' id='word_1_338' title='bbox 451 2755 493 2782; x_wconf 74' lang='lat'>14,</span> <span class='ocrx_word' id='word_1_339' title='bbox 511 2749 546 2776; x_wconf 85' lang='lat'>15.</span> <span class='ocrx_word' id='word_1_340' title='bbox 562 2750 601 2777; x_wconf 88' lang='lat' dir='ltr'>F:</span> <span class='ocrx_word' id='word_1_341' title='bbox 620 2760 697 2786; x_wconf 71' lang='grc' dir='ltr'><em>ραν-ε</em></span> <span class='ocrx_word' id='word_1_342' title='bbox 718 2758 831 2796; x_wconf 71' lang='lat' dir='ltr'>znszmn.</span> <span class='ocrx_word' id='word_1_343' title='bbox 906 2762 946 2789; x_wconf 85' lang='lat'>25.</span> <span class='ocrx_word' id='word_1_344' title='bbox 969 2764 1009 2791; x_wconf 84' lang='lat' dir='ltr'>F:</span> <span class='ocrx_word' id='word_1_345' title='bbox 1030 2765 1125 2795; x_wconf 82' lang='lat' dir='ltr'><em>XXII.</em></span> <span class='ocrx_word' id='word_1_346' title='bbox 1199 2779 1243 2808; x_wconf 82' lang='lat'>27.</span> <span class='ocrx_word' id='word_1_347' title='bbox 1264 2774 1310 2802; x_wconf 92' lang='lat' dir='ltr'>A:</span> <span class='ocrx_word' id='word_1_348' title='bbox 1330 2781 1503 2806; x_wconf 77' lang='lat' dir='ltr'>sanaturus.</span> <span class='ocrx_word' id='word_1_349' title='bbox 1577 2782 1622 2818; x_wconf 83' lang='lat'>28,</span> <span class='ocrx_word' id='word_1_350' title='bbox 1643 2791 1689 2819; x_wconf 79' lang='lat'>²9·</span> <span class='ocrx_word' id='word_1_351' title='bbox 1711 2787 1754 2814; x_wconf 91' lang='lat' dir='ltr'>A:</span> 
     </span>
     <span class='ocr_line' id='line_1_41' title="bbox 449 2788 1496 2842; baseline 0.032 -34"><span class='ocrx_word' id='word_1_352' title='bbox 449 2788 626 2818; x_wconf 77' lang='lat' dir='ltr'>corruptam</span> <span class='ocrx_word' id='word_1_353' title='bbox 646 2789 862 2820; x_wconf 75' lang='lat' dir='ltr'>substancmm.</span> <span class='ocrx_word' id='word_1_354' title='bbox 936 2796 983 2827; x_wconf 87' lang='lat'>36.</span> <span class='ocrx_word' id='word_1_355' title='bbox 1004 2799 1044 2827; x_wconf 88' lang='lat' dir='ltr'>F:</span> <span class='ocrx_word' id='word_1_356' title='bbox 1072 2804 1179 2831; x_wconf 81' lang='lat' dir='ltr'>cuntis.</span> <span class='ocrx_word' id='word_1_357' title='bbox 1251 2806 1295 2842; x_wconf 87' lang='lat'>37.</span> <span class='ocrx_word' id='word_1_358' title='bbox 1317 2809 1357 2838; x_wconf 87' lang='lat' dir='ltr'>F:</span> <span class='ocrx_word' id='word_1_359' title='bbox 1385 2813 1496 2842; x_wconf 74' lang='lat' dir='ltr'>volunt.</span> 
     </span>
    </p>
   </div>
   <div class='ocr_carea' id='block_1_8' title="bbox 517 2878 909 2927">
    <p class='ocr_par' dir='ltr' id='par_1_9' title="bbox 517 2878 909 2927">
     <span class='ocr_line' id='line_1_42' title="bbox 517 2878 909 2927; baseline 0.023 -16"><span class='ocrx_word' id='word_1_360' title='bbox 517 2878 570 2911; x_wconf 80' lang='lat'>31.</span> <span class='ocrx_word' id='word_1_361' title='bbox 598 2880 712 2915; x_wconf 83' lang='lat' dir='ltr'>Lucae</span> <span class='ocrx_word' id='word_1_362' title='bbox 736 2885 851 2927; x_wconf 76' lang='lat' dir='ltr'>XXIII,</span> <span class='ocrx_word' id='word_1_363' title='bbox 880 2889 909 2921; x_wconf 81' lang='lat'>5.</span> 
     </span>
    </p>
   </div>
   <div class='ocr_carea' id='block_1_9' title="bbox 1829 638 1846 670">
    <p class='ocr_par' dir='ltr' id='par_1_10' title="bbox 1829 638 1846 670">
     <span class='ocr_line' id='line_1_43' title="bbox 1829 638 1846 670; baseline 0 0"><span class='ocrx_word' id='word_1_364' title='bbox 1829 638 1846 670; x_wconf 78' lang='lat'><strong>5</strong></span> 
     </span>
    </p>
   </div>
   <div class='ocr_carea' id='block_1_10' title="bbox 1827 939 1865 959">
    <p class='ocr_par' dir='ltr' id='par_1_11' title="bbox 1827 939 1865 959">
     <span class='ocr_line' id='line_1_44' title="bbox 1827 939 1865 959; baseline 0 0"><span class='ocrx_word' id='word_1_365' title='bbox 1827 939 1865 959; x_wconf 88' lang='lat'>10</span> 
     </span>
    </p>
   </div>
   <div class='ocr_carea' id='block_1_11' title="bbox 1819 1218 1855 1250">
    <p class='ocr_par' dir='ltr' id='par_1_12' title="bbox 1819 1218 1855 1250">
     <span class='ocr_line' id='line_1_45' title="bbox 1819 1218 1855 1250; baseline 0.028 -1"><span class='ocrx_word' id='word_1_366' title='bbox 1819 1218 1855 1250; x_wconf 80' lang='lat'>15</span> 
     </span>
    </p>
   </div>
  </div>
 </body>
</html>
