2062 3276
194 239 277 284 488

202 707 362 734 Moreover
382 711 466 741 great

236 743 357 770 honour
378 742 431 769 has

780 248 1004 280 JOHANNIS
1023 247 1208 279 WYCLIF
1228 247 1483 279 SERMONUM
1531 236 1683 292 [SERMO
1704 245 1795 274 LXII-

485 353 659 391 hominis
697 355 747 390 ad
786 366 825 390 se
865 353 995 402 ipsum
1035 353 1119 390 sine
1158 353 1225 390 illa
1264 353 1396 402 prima
1428 366 1527 401 pace
1559 354 1707 391 frustra
1738 355 1796 391 lo-

485 411 634 460 quitur.
669 413 762 448 Ideo
794 411 964 448 Jeremie
996 413 1117 458 V1110‚
1150 425 1188 447 11
1231 411 1390 458 dicitur,
1431 412 1540 460 quod
1574 412 1796 450 mundiales

485 469 644 506 dicunt:
692 469 792 517 Pax,
828 481 915 519 pax
955 477 989 506 et
1021 482 1093 506 non
1126 477 1180 506 est
1214 481 1310 519 pax.
1357 471 1469 506 Patet
1508 469 1583 507 sic:
1624 470 1797 507 Dimissa

484 540 582 577 pace
620 526 751 575 prima
792 536 849 564 est
888 527 1093 564 dimittens
1127 540 1173 564 eo
1211 527 1298 575 ipso
1338 527 1497 576 impius,
1538 529 1607 564 sed
1639 541 1710 565 non
1743 536 1797 565 est

480 597 566 636 pax·
598 585 737 634 impiis,
777 585 867 622 dicit
897 586 1088 622 Dominus
1123 588 1181 632 (ut
1214 594 1324 633 patet
1356 587 1446 622 Ysa.
1480 587 1672 633 XLVIIIO,
1707 590 1796 633 22);

488 656 582 692 ergo
616 643 833 680 conclusio.

546 703 732 738 Preterea
770 710 812 738 ut
849 702 1070 738 secundum
1111 701 1315 738 hominem
1349 702 1506 749 loquar,
1546 709 1656 749 patet
1688 703 1797 750 quod

195 777 471 812 cometoEngland
488 761 617 797 honor
661 771 892 796 accrescens
930 759 1070 806 Anglie
1115 761 1248 807 quoad
1293 759 1569 796 clerimoniam
1610 772 1631 796 a
1669 759 1796 807 philo-

257 812 336 840 from
358 812 410 839 her

231 847 434 882 theologians.

256 1406 361 1433 Means
382 1406 418 1432 of

228 1440 442 1473 iustification:

213 1483 321 1512 prayer
341 1475 400 1502 and
422 1474 460 1502 its

231 1512 300 1545 [two
322 1510 430 1544 wings,

229 1553 364 1581 penance
385 1545 444 1572 and

237 1580 432 1615 almsgiving.

486 818 623 867 sophis
662 826 699 854 et
732 816 929 865 theologis
969 816 1246 865 principaliter
1279 817 1383 865 cepit
1415 826 1563 854 ortum.
1603 819 1715 854 Patet
1750 819 1797 854 de

485 874 703 913 venerabili
726 876 847 921 Beda,
883 876 930 911 de
953 884 1092 911 sancto
1116 876 1344 921 Edmundo,
1378 876 1426 912 de
1455 884 1594 912 sancto
1616 877 1798 913 Johanne

487 936 534 971 de
567 932 812 979 Beverlaico‚
854 934 901 970 de
940 933 1157 970 venerabili
1199 934 1373 970 Roberto
1413 932 1706 981 Lyncolniensi,
1749 936 1796 971 de

486 1000 625 1029 sancto
659 992 874 1027 Edmundo
909 992 955 1027 de
989 991 1240 1038 Pontiniaco‚
1275 993 1322 1027 de
1355 1000 1495 1028 sancto
1517 992 1676 1028 Thoma
1699 994 1798 1028 Her-

485 1050 624 1096 fordie,
664 1051 711 1085 de
744 1057 884 1086 sancto
919 1050 1099 1086 Johanne
1132 1050 1353 1097 Hollzdeyn
1387 1058 1423 1086 et
1456 1049 1653 1098 quotlibet
1691 1049 1798 1095 alii83

486 1108 554 1157 qui
593 1119 734 1145 ornnes
775 1109 961 1144 doctores
1000 1107 1041 1143 in
1081 1107 1284 1156 theologia
1324 1116 1361 1143 et
1395 1107 1528 1155 magni
1567 1107 1799 1156 philosophi

487 1166 713 1203 doctrinam
748 1165 823 1202 toti
857 1166 944 1202 orbi
969 1165 1275 1202 desiderabilem
1308 1165 1572 1203 seminarunt.
1606 1165 1672 1202 Isti
1706 1178 1799 1214 ergo

486 1237 568 1261 non
630 1225 917 1261 contendentes
978 1225 1198 1260 secundum
1263 1226 1459 1260 humanas
1521 1225 1626 1272 leges
1689 1233 1801 1261 erant

488 1283 702 1331 columpne
726 1283 963 1319 roborantes
987 1282 1211 1319 ecclesiam.
1237 1284 1285 1318 Et
1307 1291 1463 1319 tantum
1489 1283 1537 1318 de
1559 1282 1800 1320 fundacione

488 1341 653 1378 ecclesie
686 1353 807 1388 supra
840 1349 996 1388 petram
1031 1340 1134 1377 fidei.

546 1399 731 1435 Secundo
776 1406 899 1434 restat
943 1397 1075 1435 videre
1114 1399 1221 1447 quod
1265 1411 1364 1446 opus
1405 1397 1454 1434 sit
1491 1397 1718 1434 faciendum
1759 1397 1799 1434 in

488 1457 676 1504 ecclesia3
711 1465 749 1493 et
783 1464 939 1493 constat
963 1458 1071 1504 quod
1104 1469 1227 1505 opera
1251 1468 1327 1505 que
1360 1455 1581 1493 iustificant
1613 1464 1798 1504 peccato-

489 1527 585 1552 rem.
631 1517 673 1551 In
706 1514 835 1552 verbis
867 1524 1001 1551 autem
1043 1514 1159 1551 huius
1200 1513 1393 1562 evangelii
1433 1523 1570 1562 patent
1609 1513 1685 1550 tria
1723 1526 1799 1562 que

487 1573 707 1610 iustificant
740 1581 1010 1621 peccatorem.
1055 1572 1232 1608 Primum
1274 1581 1331 1609 est
1369 1573 1512 1609 devota
1551 1572 1688 1609 oracio
1721 1585 1799 1620 qua

488 1633 612 1668 homo
646 1631 840 1668 satisfacit
872 1643 945 1667 suo
986 1629 1183 1679 superiori
1224 1630 1263 1667 in
1303 1643 1420 1679 quem
1461 1639 1601 1678 peccat
1640 1639 1683 1666 ut
1716 1633 1799 1667 Deo

488 1699 525 1726 et
576 1689 741 1738 angeliS.
802 1691 851 1725 Et
901 1690 975 1726 hoc
1029 1697 1191 1725 notatur
1242 1688 1282 1724 in
1334 1689 1408 1724 hoc
1461 1690 1570 1736 quod
1620 1689 1800 1725 Zacheus

489 1747 675 1796 cupiebat
726 1746 860 1783 videre
905 1749 1054 1783 Jesum.
1109 1745 1258 1783 Oracio
1306 1746 1467 1794 quidem
1518 1756 1575 1783 est
1623 1746 1799 1783 elevacio

489 1805 633 1842 mentis
667 1805 706 1841 in
731 1807 872 1842 Deum.
907 1805 985 1851 Qui
1019 1805 1124 1841 enim
1159 1804 1269 1853 cupit
1302 1806 1449 1841 habere
1481 1813 1634 1841 tantum
1671 1804 1799 1840 domi-

488 1877 583 1900 num
629 1864 884 1910 salvatorem,
933 1863 1100 1900 effundit
1145 1862 1219 1899 sibi
1264 1875 1402 1911 preces
1447 1864 1610 1899 devotas
1650 1871 1686 1899 et
1726 1862 1800 1899 sibi

489 1922 766 1959 assistentibus
807 1934 906 1970 quos
946 1921 1019 1958 scit
1059 1920 1241 1958 sufficere
1280 1922 1330 1957 ad
1370 1920 1637 1957 salvacionem
1683 1920 1800 1958 huius

490 1980 679 2017 mediare.
726 1981 955 2016 Secundum
996 1989 1053 2016 est
1085 1979 1311 2028 penitencia
1343 1979 1547 2016 fructuosa
1582 1991 1657 2028 que
1690 1978 1801 2016 iusti-

491 2039 584 2075 ficat
619 2037 823 2075 hominem
857 2039 990 2087 quoad
1032 2051 1072 2075 se
1110 2037 1262 2086 ipsum3
1308 2045 1469 2086 oportet
1508 2036 1612 2074 enim
1656 2050 1801 2086 corpus

491 2106 527 2134 et
560 2096 737 2133 animam
774 2095 1055 2145 delinquencia
1089 2095 1294 2144 reciproce
1327 2104 1467 2132 contra
1491 2108 1531 2132 se
1555 2095 1639 2144 ipsa
1663 2096 1801 2132 volun-

491 2154 567 2192 tari
601 2154 839 2203 compungi3
880 2163 916 2190 et
957 2155 1033 2190 hoc
1070 2162 1232 2190 notatur
1270 2166 1339 2202 per
1373 2155 1448 2190 hoc
1482 2155 1590 2202 quod
1621 2154 1801 2191 Zacheus

490 2213 663 2250 ascendit
695 2214 731 2249 in
763 2213 944 2248 arborem
984 2224 1249 2264 sycomorum.
1295 2212 1485 2248 Tercium
1525 2220 1582 2248 est
1623 2213 1800 2260 prudens

493 2270 712 2308 elemosina
758 2283 834 2319 que
879 2269 1068 2306 iustificat
1109 2271 1242 2319 quoad
1284 2278 1492 2317 peccatum
1533 2269 1572 2305 in
1606 2271 1800 2306 mundum

493 2339 530 2366 et
575 2328 817 2377 proximum.
870 2330 971 2365 Nam
1018 2327 1210 2376 proximis
1254 2327 1452 2364 iniuriatis
1496 2327 1689 2365 satisfacit
1732 2341 1803 2376 per

493 2389 599 2423 bona
644 2386 795 2432 mundi,
842 2387 937 2422 dum
983 2395 1118 2422 tamen
1163 2395 1271 2422 recta
1315 2385 1542 2422 intencione
1582 2386 1624 2422 fit
1663 2399 1802 2422 eorum

494 2444 743 2491 distribucio,
778 2453 814 2481 et
837 2444 892 2481 sic
916 2443 1053 2481 oracio
1077 2457 1152 2492 que
1176 2453 1232 2480 est
1254 2444 1489 2492 precipuum
1513 2445 1655 2480 horum
1680 2444 1799 2480 trium

495 2504 615 2540 habet
648 2502 844 2539 ieiunium
879 2511 916 2539 et
950 2501 1211 2539 elemosinam
1245 2502 1327 2538 alas
1361 2514 1467 2538 suas,

565 2634 590 2661 7.
612 2626 645 2653 In
667 2635 780 2661 marg:
802 2624 884 2653 Nota
898 2625 935 2654 de
947 2626 1064 2653 sanctis
1077 2625 1225 2662 Anglicis.
1282 2633 1319 2653 12.
1337 2624 1430 2653 Cod.:
1451 2624 1612 2653 Edmundo
1629 2624 1666 2651 de
1680 2623 1803 2652 Pomico.

497 2661 586 2696 19.Iu
603 2669 715 2696 marg:
737 2667 789 2688 2m.
855 2669 898 2689 22.
915 2661 947 2688 In
963 2669 1077 2696 marg:
1101 2668 1121 2688 ι.
1187 2668 1234 2696 29.
1250 2661 1282 2688 In
1299 2669 1413 2694 marg:
1437 2667 1462 2686 2.
1527 2659 1619 2688 33.1n
1636 2667 1750 2695 marg:
1769 2668 1803 2696 3.

570 2742 712 2764 10—12.
727 2732 874 2765 St.John
888 2733 928 2764 of
937 2733 1095 2776 Beverly,
1110 2732 1319 2775 archbishop
1334 2732 1487 2772 onork,
1504 2733 1582 2764 died
1598 2733 1675 2775 May
1686 2742 1804 2774 7‚722.

495 2780 658 2811 Edmund
673 2779 712 2810 of
723 2779 921 2821 Abingdon,
936 2779 1143 2821 archbishop
1159 2779 1199 2810 of
1210 2780 1423 2822 Canterbury
1444 2781 1678 2820 1234—1240,
1695 2779 1803 2810 called

495 2826 571 2902 {1501
582 2824 643 2902 ⁶<gf³
666 2826 848 2868 Pontigny.
881 2825 1036 2857 Thomas
1064 2826 1258 2867 Cantilupe,
1291 2825 1415 2867 bishop
1448 2825 1487 2856 of
1515 2824 1685 2856 Hereford
1718 2825 1801 2866 1275

1817 889 1855 911 10

1820 1168 1856 1200 15

1819 2330 1858 2362 35
