2062 3276
253 257 389 285 SERMO
410 246 517 303 XLII]
721 258 913 297 QUARTA
940 257 1066 289 PARS.

252 378 323 414 per
353 366 462 414 quod
496 373 789 401 memoraretur
820 362 996 400 tenerius
1028 361 1163 410 sponsi
1197 361 1270 406 sui,
1306 361 1398 410 quia
1431 361 1470 397 in
1505 360 1566 396 die

253 435 348 460 cene
391 431 605 471 postquam
651 422 830 471 implevit
874 429 1170 457 sacramentum
1224 418 1314 467 agni
1368 418 1566 467 paschalis

252 483 359 530 quod
394 481 578 529 figuravit
618 479 943 517 immolacionem
977 478 1059 515 veri
1093 477 1185 526 agni
1219 477 1259 513 in
1293 489 1411 514 cruce
1444 476 1567 512 intro-

252 539 362 576 duxit
396 541 471 576 hoc
505 538 751 583 memoriale,
786 538 982 574 tradendo
1006 535 1213 584 discipulis
1237 535 1277 571 in
1301 535 1430 571 forma
1454 533 1568 582 panis

221 597 372 633 §azimi
406 606 443 634 et
475 596 555 633 vini
600 596 689 644 puri
735 608 881 643 corpus
916 607 1033 631 suum
1067 602 1104 630 et
1137 593 1389 641 sanguinem,
1433 593 1569 629 volens

252 668 345 692 suos
378 654 546 691 vicarios
585 654 690 690 idem
724 654 853 690 facere
887 653 926 688 in
962 651 1197 688 memoriam
1242 663 1311 687 sue
1357 650 1567 699 passionis,

253 712 565 749 resurreccionis
617 721 654 748 et
698 710 956 755 ascensionis,
1009 719 1051 746 ut
1097 722 1139 746 ex
1185 709 1331 746 Christi
1384 708 1568 757 passione

253 771 377 807 simus
411 769 584 816 contriti,
626 782 669 806 ex
703 769 898 806 memoria
932 767 1244 804 resurreccionis
1276 779 1487 815 surgamus
1521 767 1569 802 ad

253 829 405 877 frugem
431 827 609 865 melioris
632 827 709 864 vite
733 836 770 863 et
795 840 837 863 ex
862 826 1058 863 memoria
1081 824 1327 862 ascensionis
1352 837 1569 873 queramus

201 901 238 923 10
253 896 290 923 et
323 886 528 935 sapiamus
563 885 723 922 celestia
757 884 953 933 despectis
986 883 1254 921 terrestribus.

311 945 352 981 Si
385 953 516 981 autem
551 952 744 992 queratur
776 944 980 992 quomodo
1015 944 1091 979 hoc
1123 950 1257 990 posset
1291 941 1389 986 fieri,
1425 939 1571 977 dicitur

253 1004 361 1051 quod
405 1002 520 1038 facile
554 1011 611 1038 est
644 1001 751 1038 fideli
795 1001 893 1037 illud
938 1000 1150 1048 concipere
1191 999 1258 1048 qui
1290 1013 1372 1036 non
1401 1000 1405 1049 Ι
1436 1011 1570 1046 grosse

253 1070 290 1097 et
324 1060 536 1097 carnaliter
563 1059 739 1108 concipit
762 1061 871 1108 quod
895 1071 1040 1107 corpus
1065 1058 1212 1095 Christi
1245 1058 1285 1094 in
1318 1065 1570 1094 sacramento

253 1119 436 1167 predicto
488 1117 835 1155 dimensionaliter
888 1116 1112 1154 extenditur
1156 1129 1226 1164 per
1270 1123 1567 1152 sacramentum

201 1177 350 1214 15illud
385 1176 584 1213 sensibile.

312 1237 387 1271 Pro
421 1234 532 1271 cuius
566 1234 885 1271 manuduccione
917 1232 1073 1269 videtur
1107 1231 1204 1268 mihi
1237 1233 1346 1280 quod
1379 1230 1436 1267 vis
1476 1243 1571 1267 con-

254 1292 433 1330 vertendi
478 1306 601 1329 unam
636 1305 720 1328 rem
754 1292 794 1328 in
827 1291 946 1328 aliam
988 1291 1079 1327 licet
1112 1290 1161 1326 sit
1193 1289 1348 1326 subtilis
1383 1298 1419 1325 et
1451 1290 1569 1332 bona,

253 1361 388 1388 tamen
433 1351 548 1387 multi
582 1363 626 1387 ex
659 1350 766 1387 dicto
800 1349 867 1386 illo
900 1349 1065 1397 capiunt
1108 1348 1364 1385 occasionem
1410 1347 1569 1393 erroris,

254 1418 439 1458 putantes
484 1409 538 1445 hii
583 1410 691 1457 quod
737 1408 850 1457 panis
883 1416 940 1443 est
979 1420 1123 1455 corpus
1158 1406 1318 1452 Christi,
1364 1405 1418 1442 hii
1463 1407 1570 1454 quod

199 1482 240 1503 20
255 1468 369 1516 panis
402 1467 469 1503 fiet
502 1476 539 1503 et
573 1466 646 1503 erit
680 1479 823 1515 corpus
857 1465 1017 1509 Christi,
1063 1464 1118 1500 hii
1163 1466 1271 1513 quod
1318 1463 1433 1512 panis
1480 1477 1571 1500 con—

254 1534 428 1562 vertetur
461 1525 501 1561 in
533 1538 679 1573 corpus
713 1524 859 1561 Christi
893 1536 964 1572 per
997 1522 1241 1559 desicionem
1276 1522 1390 1571 panis
1431 1534 1572 1558 secun-

257 1585 350 1620 dum
398 1583 620 1632 quamlibet
653 1582 736 1619 eius
782 1591 948 1630 partem,
997 1590 1033 1618 et
1067 1581 1122 1617 sic
1155 1582 1202 1617 de
1237 1580 1371 1617 multis
1418 1579 1571 1616 ficticiis

257 1655 300 1678 ex
333 1641 478 1690 quibus
510 1641 692 1678 infideles
726 1640 952 1689 despiciunt
986 1640 1104 1676 fidem
1139 1649 1330 1676 nostram.

313 1700 481 1736 Videtur
527 1712 620 1748 ergo
660 1699 756 1735 satis
802 1698 1022 1735 christiano
1067 1698 1230 1734 credere
1274 1698 1381 1746 quod
1426 1709 1571 1744 corpus

200 1763 238 1795 25
257 1757 406 1795 Christi
458 1758 507 1794 sit
566 1758 869 1806 quodammodo
929 1755 1127 1805 spirituali
1186 1755 1469 1792 sacramentali
1523 1756 1571 1791 ad

256 1829 416 1852 omnem
449 1825 642 1864 punctum
684 1815 812 1852 hostie
847 1823 1078 1851 consecrate
1112 1823 1148 1850 et
1181 1816 1289 1862 quod
1323 1814 1378 1849 illi
1413 1813 1572 1861 corpori

258 1874 307 1910 sit
340 1883 430 1922 post
461 1877 589 1910 Deum
625 1875 755 1910 honor
788 1872 1065 1921 principaliter
1109 1872 1345 1908 tribuendus
1380 1881 1415 1908 et
1449 1871 1572 1908 tercio

257 1934 345 1968 loco
390 1931 447 1967 illi
494 1940 747 1968 sacramento
800 1930 976 1967 sensibili
1031 1939 1238 1978 tamquam
1291 1929 1469 1978 ymagini
1514 1930 1574 1966 vei

258 1991 473 2038 sepulchro
507 1990 688 2038 corporis
722 1989 883 2026 Christi.
919 1989 983 2025 Sic
1018 1989 1122 2024 enim
1158 1990 1376 2024 adoramus
1412 2000 1571 2024 crucem

201 2054 242 2086 30
259 2048 420 2084 Domini
452 2061 530 2084 non
567 2049 774 2084 credentes
809 2049 917 2095 quod
950 2047 1018 2082 illa
1053 2059 1145 2082 crux
1170 2046 1219 2082 sit
1243 2059 1388 2094 corpus
1412 2045 1573 2082 Domini

257 2107 317 2143 vel
349 2119 440 2155 pars
475 2106 572 2142 eius.
608 2108 656 2141 Et
679 2105 798 2142 istam
823 2104 1068 2141 sentenciam
1095 2104 1189 2141 dicit
1213 2104 1429 2153 sequencia
1459 2104 1574 2140 istius

257 2164 360 2204 festi,
395 2166 490 2200 dum
525 2164 672 2200 dicitur

543 2223 657 2266 Quod
689 2235 762 2258 non
795 2222 914 2271 capis,
947 2221 1049 2270 quod
1081 2233 1152 2256 non
1187 2221 1292 2257 vides

594 2280 775 2317 Animosa
797 2281 941 2330 firmat
961 2280 1078 2330 fides.

161 985 235 1017 Fol.

152 1030 230 1064 3280

328 2400 356 2427 o.
379 2392 420 2419 D:
442 2395 471 2419 et
490 2392 590 2425 deest;
613 2391 637 2418 D
658 2392 688 2419 in
710 2400 823 2427 marg:
983 2414 988 2419 .
1038 2414 1043 2418 .

867 2417 1080 2461 [passmms.
1131 2448 1136 2453 .

862 2463 865 2466 Δ
905 2456 1149 2476 resurrecczomx

867 2469 875 2513 Ι
900 2483 1100 2511 ascensionis,

261 2528 302 2547 ιτ).
323 2521 367 2547 A:
389 2519 539 2553 despectis
557 2519 756 2546 terrestribus
775 2519 869 2545 deest.
950 2526 987 2546 12.
1009 2519 1037 2545 A
1057 2518 1087 2545 in
1110 2526 1224 2551 marg:
1250 2517 1396 2553 Qnestso:
1417 2519 1456 2545 ib.
1474 2517 1516 2545 H:
1538 2518 1576 2545 tte

256 2554 352 2587 fideli.
426 2553 464 2581 13.
485 2555 530 2580 A:
554 2554 600 2581 De
618 2556 815 2581 sacramento
835 2553 946 2580 allaz-is
964 2554 995 2580 in
1016 2561 1114 2588 marg.
1136 2561 1203 2587 sup.
1284 2561 1324 2586 14.
1345 2554 1390 2580 A:
1413 2553 1574 2580 dimencio-

258 2590 382 2616 naliter.
440 2589 480 2616 16.
497 2588 572 2615 AH:
587 2588 841 2621 manudiccione;
861 2588 932 2615 DG:
954 2587 1206 2615 manducacione.
1264 2595 1305 2622 19.
1321 2588 1349 2614 A
1365 2587 1394 2614 in
1411 2596 1525 2614 marm:
1544 2595 1576 2617 1,·

259 2624 299 2651 ib.
317 2623 421 2650 ADG:
445 2623 563 2650 Christi
580 2623 674 2650 deest.
749 2631 795 2651 20.
810 2624 839 2651 A
859 2623 889 2650 in
911 2631 1026 2657 marg:
1049 2629 1076 2650 2.
1150 2630 1189 2649 21.
1211 2621 1317 2649 AGH:
1342 2622 1457 2649 Christi
1475 2608 1574 2651 deest:

260 2659 300 2685 ib.
324 2658 366 2685 G:
388 2658 624 2694 deposzcmnem.
698 2666 743 2690 24.
767 2658 810 2685 H:
831 2658 906 2685 satis
925 2666 998 2685 esse.
1074 2657 1116 2684 25.
1138 2658 1167 2684 A
1187 2657 1216 2684 in
1240 2665 1353 2690 marg:
1376 2664 1409 2690 1‚·
1434 2657 1474 2684 ib.
1495 2658 1523 2684 A
1544 2657 1574 2684 in

260 2701 375 2727 marg.:
398 2699 426 2719 2.
529 2693 576 2720 26.
599 2693 640 2719 D:
667 2693 751 2728 quod
770 2693 864 2720 deest.
974 2700 1018 2727 27.
1043 2692 1066 2719 D
1088 2692 1116 2719 in
1143 2700 1257 2725 marg:
1289 2691 1437 2727 Cameris
1460 2691 1579 2719 Clu-isti

259 2728 424 2755 adoracio.
480 2725 520 2761 31,
535 2726 578 2754 32.
594 2727 638 2754 H:
659 2727 748 2754 huius
756 2728 849 2763 festi.
907 2726 949 2755 33.
968 2727 991 2754 Η
1005 2737 1010 2755 z
1029 2726 1118 2762 Quod
1131 2735 1191 2754 non
1208 2727 1297 2762 capis.
1313 2726 1396 2762 quod
1408 2734 1468 2753 non
1483 2727 1574 2761 sapim

686 2449 722 2476 M
722 2449 839 2476 emoriri

331 2799 384 2831 25.
424 2799 476 2830 Cf.
509 2800 618 2831 Serm.
651 2800 732 2830 Pars
765 2800 802 2837 ΙΙ,
836 2810 912 2841 pag.
945 2799 1029 2842 4593
1063 2799 1115 2838 ΙΙΙ,
1148 2809 1227 2840 470.
1266 2799 1316 2830 De
1348 2798 1574 2834 Eucharisffia,

260 2853 424 2877 tractatus
457 2847 576 2885 maior,
610 2856 684 2887 cap.
715 2847 737 2877 Ι.
776 2846 828 2877 Cf.
860 2846 993 2885 Daniel,
1020 2845 1126 2876 Thes.
1158 2845 1315 2887 hymnol.
1351 2845 1388 2884 ΙΙ,
1423 2855 1465 2888 97
1500 2856 1573 2885 seq.

262 2892 314 2923 Cf.
343 2892 488 2923 Lechler
513 2892 534 2931 Ι,
561 2891 638 2933 637.

1669 1237 1780 1276 Errors
1812 1272 1816 1276 .

1603 1280 1790 1307 conccrnmg
1811 1277 1842 1298 ir.

1613 1702 1680 1730 The
1702 1702 1782 1738 bod-x⁷
1803 1707 1834 1730 ot

1623 1738 1728 1765 Christ
1750 1738 1774 1764 is
1796 1744 1825 1765 at

1599 1781 1689 1808 every
1711 1773 1796 1811 point
1818 1773 1852 1799 of

1710 1812 1741 1834 lt.
