2062 3276
170 283 250 328 284

179 1342 284 1370 Christ
305 1342 429 1369 fullilled

209 1378 260 1404 the
281 1377 403 1412 highest

228 1412 265 1439 de
291 1420 338 1439 ree
358 1412 393 1439 of

199 1448 255 1474 obe
281 1447 365 1474 ience
385 1447 414 1474 in

195 1481 252 1509 His
275 1482 419 1518 baptism.

730 286 953 319 JOHANNIS
972 285 1157 317 WYCLIF
1175 283 1432 316 SERMONUM
1455 268 1608 328 [SERMO
1629 278 1769 308 XXXIII-

456 403 616 444 oportet
649 403 810 442 captare
843 402 1000 441 tempus
1034 405 1080 429 ac
1112 393 1245 428 Iocum
1285 392 1335 427 ad
1368 391 1586 439 petendum
1620 391 1769 425 donum

457 452 702 499 huiusmodi,
727 451 902 488 occurrit
924 464 996 500 pro
1015 450 1147 500 primo
1166 450 1317 486 dictum
1333 448 1516 498 Apostoli
1539 448 1578 484 in
1603 448 1771 496 epistola

458 511 673 548 hodierna:
708 510 809 546 Ecce
841 523 940 546 nunc
965 518 1116 559 tempus
1148 508 1395 558 acceptabile,
1429 516 1466 543 et
1489 519 1562 554 pro
1595 507 1770 542 secundo

456 569 622 606 Matthei
655 568 816 604 ultimo:
859 568 959 604 Ecce
990 580 1063 618 ego
1096 567 1287 603 robiscmn
1320 578 1403 602 sum
1438 565 1609 600 omnibus
1642 564 1773 600 diebus

458 640 574 676 usque
605 628 657 663 ad
688 627 1058 662 consummacionem
1091 626 1221 661 seculi.
1257 627 1335 661 Nec
1369 632 1527 671 oportet
1551 622 1691 658 timere
1725 623 1771 658 de

458 685 726 722 sollicitudine
742 686 802 721 vel
819 684 1018 721 oblivione
1042 683 1197 720 abbatis
1209 683 1269 719 rel
1284 682 1409 730 patris
1427 680 1564 727 nostri,
1590 679 1771 716 faciendo

458 744 571 779 nobis
589 744 716 779 bullas
732 752 909 788 ornatas⁷
927 741 1020 790 quia
1039 741 1189 777 nomina
1206 741 1439 777 servitorum
1462 738 1610 774 Christi
1627 738 1770 787 scripta

456 810 543 838 sunt
575 802 610 836 in
645 802 743 837 libro
777 801 851 837 rite
884 802 988 836 Luce
1021 801 1089 845 XO,
1125 809 1176 835 20
1217 808 1254 835 et
1287 798 1553 835 Christusmet
1586 795 1771 832 formarit

460 860 610 896 bullam
645 867 823 895 nostram
858 858 995 895 onmia
1027 857 1252 893 necessaria
1285 858 1456 904 petenda
1497 854 1769 892 continentem

458 917 624 953 Matthei
657 918 742 952 VIO.
793 918 886 952 Ideo
925 915 1206 964 premittamus
1250 928 1323 962 pro
1369 916 1475 949 dono
1514 912 1771 949 observancie

458 975 660 1022 religionis
677 974 821 1011 Christi
849 974 997 1010 dictam
1017 973 1267 1009 oracionem:
1293 972 1501 1007 Dominum
1525 972 1646 1006 Deum
1666 978 1771 1006 tuum

457 1034 642 1069 adorabis
664 1041 698 1068 et
721 1033 780 1068 illi
799 1033 874 1069 soli
892 1033 1050 1075 servies,
1073 1031 1140 1067 ubi
1165 1044 1298 1079 supra.
1322 1031 1508 1066 Notanda
1532 1038 1589 1065 est
1607 1028 1772 1064 historia

459 1091 651 1139 evangelii
690 1092 895 1139 quomodo
935 1089 1116 1127 Christus
1160 1089 1331 1137 implens
1370 1100 1531 1124 omnem
1574 1086 1771 1123 iusticiam

460 1150 684 1198 baptizatus
718 1158 774 1185 est
808 1162 829 1185 a
861 1149 1060 1193 Johanne3
1095 1147 1195 1184 sicut
1219 1147 1324 1183 enim
1350 1145 1546 1194 superiori
1571 1144 1774 1181 dominica

461 1208 612 1244 dictum
637 1216 693 1243 est
717 1209 825 1255 quod
850 1206 1031 1243 Christus
1065 1204 1359 1242 consummavit
1392 1212 1579 1252 quartum
1605 1204 1772 1251 gradum

459 1265 743 1314 produccionis
788 1264 974 1310 hominis,
1015 1265 1178 1313 quando
1218 1276 1302 1299 mas
1341 1276 1438 1311 pure
1477 1271 1533 1298 est
1572 1262 1698 1297 factus
1732 1273 1774 1296 ex

461 1324 629 1370 femina,
680 1323 914 1359 subiciendo
967 1335 1007 1358 se
1053 1321 1246 1358 „Iohannis
1295 1320 1539 1369 baptismati,
1595 1318 1774 1367 implevit

461 1391 648 1430 quartum
698 1383 865 1429 gradum
915 1380 1181 1417 subieccionis
1235 1388 1355 1427 atque
1402 1377 1569 1414 iusticie.
1623 1380 1772 1413 Iustum

460 1452 635 1488 namque
669 1448 726 1475 est
750 1441 857 1487 quod
881 1451 941 1475 res
965 1439 1128 1475 inferior
1152 1437 1313 1473 homine
1342 1437 1381 1473 in
1415 1446 1559 1473 natura
1581 1436 1775 1471 subdatur

460 1498 534 1534 sibi
558 1499 597 1534 in
622 1497 863 1541 ministerio3
898 1497 1045 1533 iustum
1071 1496 1197 1533 eciam
1222 1505 1278 1531 est
1301 1496 1406 1544 quod
1432 1508 1491 1531 res
1520 1507 1593 1542 par
1622 1492 1774 1529 homini

460 1556 500 1592 in
525 1565 668 1593 natura
691 1557 760 1592 sed
783 1555 856 1591 sibi
883 1555 1065 1591 subditus
1092 1554 1285 1602 dignitate
1309 1562 1447 1602 pareat
1470 1565 1541 1588 suo
1565 1550 1774 1599 superiori,

460 1614 608 1650 iustum
643 1613 768 1650 eciam
804 1622 861 1649 est
883 1613 1008 1650 tercio
1032 1614 1138 1661 quod
1163 1613 1283 1648 homo
1307 1625 1380 1660 par
1402 1610 1555 1647 homini
1580 1609 1774 1657 dignitate

459 1672 632 1708 vicissim
678 1671 752 1708 sibi
796 1671 972 1716 obediat,
1013 1671 1106 1719 quia
1140 1670 1277 1718 religio
1318 1669 1535 1706 christiana
1577 1677 1632 1704 est
1666 1668 1773 1715 quod

462 1730 643 1766 homines
676 1729 754 1766 sint
777 1730 928 1765 honore
962 1729 1132 1765 invicem
1156 1727 1449 1777 prevenientes:
1484 1735 1650 1774 quartus
1682 1738 1775 1761 vero

461 1789 607 1835 gradus
641 1797 678 1824 et
701 1787 865 1824 ultimus
898 1788 970 1823 soli
994 1790 1076 1823 Deo
1111 1796 1147 1822 et
1171 1786 1324 1822 homini
1347 1784 1544 1834 possibilis
1578 1793 1635 1820 est
1668 1784 1775 1831 quod
1794 1810 1808 1815 „

461 1859 643 1882 summus
676 1847 797 1882 homo
830 1845 1028 1894 possibilis
1061 1844 1223 1881 obediat
1251 1856 1362 1880 servo
1397 1856 1481 1879 suo.
1515 1845 1563 1878 Et
1587 1855 1677 1878 cum
1702 1842 1776 1878 hoc

462 1905 511 1940 sit
565 1904 734 1950 iustum,
784 1912 829 1940 ut
884 1903 1087 1940 humilitas
1148 1901 1411 1950 redemptoris
1466 1900 1777 1948 correspondeat

462 1962 647 2010 superbie
666 1961 840 1998 hominis
860 1961 1098 2007 redimendi,
1123 1970 1232 2009 patet
1251 1961 1358 2009 quod
1374 1959 1555 1996 Christus
1573 1958 1777 2006 signanter

464 2020 559 2057 dicit
597 2020 775 2068 Baptiste
814 2021 921 2068 quod
961 2020 1027 2055 illa
1067 2019 1328 2070 baptiqacione
1372 2019 1478 2054 decet
1516 2029 1579 2053 eos
1616 2016 1777 2065 implere

463 2091 610 2115 omnem
635 2079 838 2116 iusticiam.
872 2080 951 2114 Nec
976 2086 1083 2114 caret
1108 2077 1284 2113 misterio
1307 2077 1413 2124 quod
1438 2074 1619 2112 Christus
1642 2073 1774 2110 statim

173 2142 229 2170 his
255 2143 395 2177 example
417 2143 553 2185 ospost
586 2136 831 2184 baptismum
866 2135 1079 2183 complevit
1118 2134 1387 2183 penitenciam
1427 2132 1657 2179 ieiunando,
1703 2144 1776 2179 pro

226 2177 395 2212 penitence.

464 2194 626 2231 homine
650 2195 804 2230 orando
839 2203 875 2230 et
907 2193 1139 2242 temptator-i
1164 2193 1231 2241 qui
1255 2205 1336 2229 non
1359 2199 1531 2239 temptat
1564 2189 1639 2226 nisi
1671 2190 1776 2225 solos

463 2265 502 2289 se
530 2252 836 2288 manifestando.
872 2253 954 2288 Hec
989 2251 1093 2287 enim
1118 2251 1258 2299 triplex
1282 2262 1401 2286 causa
1425 2260 1549 2297 quare
1574 2250 1775 2283 desertum

462 2310 586 2359 peciit
619 2319 708 2358 post
742 2310 1000 2358 baptismum.
1036 2311 1135 2345 Cum
1171 2318 1303 2345 autem
1328 2307 1460 2343 omnis
1485 2305 1630 2342 Christi
1665 2305 1775 2341 accio

463 2368 514 2404 sit
547 2377 683 2404 nostra
716 2367 946 2414 insu-nocio,
988 2376 1097 2416 patet
1131 2367 1335 2415 quomodo
1374 2377 1443 2413 per
1476 2366 1551 2401 hoc
1585 2365 1808 2400 docemur?

463 2439 535 2475 pro
554 2435 735 2474 tempore
755 2439 834 2474 quo
852 2425 923 2462 loti
951 2438 1088 2461 sumus
1107 2424 1307 2473 baptismo
1326 2422 1500 2460 flaminis
1520 2421 1777 2471 perficiamur

473 2608 479 2610 -
533 2581 554 2600 1.
570 2571 642 2599 DG:
659 2575 787 2606 aptare;
807 2572 846 2598 ib.
863 2570 966 2598 DGI-I:
989 2574 1018 2598 et
1030 2571 1146 2603 locum,·
1166 2571 1210 2598 A:
1232 2570 1324 2597 locus.
1382 2576 1408 2596 2.
1423 2570 1574 2597 occurrit:
1594 2568 1638 2596 H:
1654 2568 1777 2595 accidit.

464 2613 491 2634 ι).
513 2607 586 2634 DG:
607 2607 655 2634 vel
673 2607 825 2634 oblivione
840 2606 935 2633 deest.
992 2614 1017 2640 7.
1041 2605 1083 2633 H:
1107 2609 1238 2632 cenatas.
1294 2605 1321 2631 8.
1343 2604 1535 2640 Dzsormctt.
1592 2611 1633 2630 ιο.
1653 2604 1699 2630 A:
1716 2611 1777 2638 pro

464 2642 596 2669 domino.
706 2649 744 2668 12.
765 2641 809 2668 D:
837 2644 892 2668 elc.
913 2643 960 2671 et,·
987 2640 1027 2667 ih.
1048 2641 1093 2667 A:
1121 2638 1201 2666 Nota
1222 2642 1267 2666 est
1372 2638 1409 2666 13<
1431 2640 1475 2666 A:
1504 2638 1665 2674 evangelii
1682 2637 1777 2664 deest.

464 2676 502 2704 15.
523 2677 567 2704 A:
590 2676 767 2703 consumavit.
849 2676 891 2703 16.
911 2675 1016 2703 ADG:
1060 2682 1098 2701 ua
1118 2682 1202 2707 mas;
1229 2675 1268 2701 ib.
1289 2673 1332 2701 H:
1354 2682 1419 2701 mas
1438 2674 1531 2700 deest.
1613 2681 1651 2708 17·
1674 2672 1715 2699 H:
1736 2672 1778 2699 sic

462 2710 639 2738 subiciendo
649 2720 659 2742 ;
690 2711 729 2737 ib.
764 2709 837 2737 DG:
869 2709 1006 2737 =Iohanni
1064 2709 1183 2744 aptista
1328 2716 1370 2743 19.
1403 2708 1475 2735 DG:
1510 2707 1646 2743 inferior
1675 2706 1776 2734 hodie.

465 2753 502 2772 21.
530 2746 573 2772 A:
603 2745 751 2772 subditur.
861 2752 904 2771 22.
932 2745 976 2772 A:
1005 2743 1156 2780 quomodo
1184 2743 1282 2770 homo.
1390 2750 1437 2776 24.
1465 2742 1508 2770 H:
1538 2743 1656 2770 nonore
1682 2741 1776 2768 deest.

463 2780 510 2807 26.
526 2781 569 2807 A:
585 2779 642 2806 lmc
655 2779 748 2806 deest.
824 2778 867 2806 28.
883 2779 927 2806 H:
947 2779 1085 2806 Christus
1099 2777 1193 2805 deest.
1267 2777 1308 2804 1³2.
1326 2777 1368 2805 H:
1384 2778 1544 2812 temptari;
1565 2777 1605 2804 b:
1623 2784 1641 2803 α
1655 2775 1777 2803 diabolo

465 2815 527 2850 qui.
600 2812 643 2841 33.
666 2814 705 2840 D:
735 2814 866 2849 duplex;
890 2814 1022 2849 triplex,-
1047 2813 1141 2840 adde:
1171 2816 1223 2839 est.

537 2910 566 2945 3.
596 2909 633 2942 ΙΙ,
662 2908 738 2940 Cor.
756 2909 812 2948 VL
841 2918 870 2940 2.
966 2918 997 2952 9.
1025 2907 1142 2940 Matth.
1168 2907 1319 2941 XXVIII.
1348 2917 1400 2943 20.
1499 2916 1550 2952 29.
1578 2906 1622 2937 ib.
1649 2905 1701 2945 ΙΙΙ,
1727 2904 1775 2937 15.

1794 925 1831 945 10

1794 1204 1830 1236 15

1794 2077 1809 2108 3
1815 2087 1835 2106 o
