2062 3276
200 261 282 307 404

227 383 284 411 wc
305 385 367 411 lose
388 392 444 410 our

238 419 368 454 sonship
391 419 427 445 bv

786 269 1010 302 „IOHANNIS
1030 267 1214 300 WYCLIF
1234 267 1489 299 SERMONUM
1547 253 1699 312 [SERMO
1722 264 1797 292 LIX-

547 378 604 412 Ab
638 377 713 412 ista
747 386 878 412 autem
916 375 1114 411 {iliacione
1147 375 1389 421 degenerant
1424 373 1489 422 qui
1515 374 1602 421 plus
1626 374 1798 410 amando

199 454 309 487 <⁶11ng
331 463 370 488 up
392 450 465 480 stim,
488 434 725 482 temporalia
750 447 867 482 quam
887 436 1011 469 Deum
1040 441 1175 468 contra
1192 432 1366 480 primum
1391 433 1624 468 mandatum
1651 431 1799 467 faciunt

288 489 375 524 gods.

228 1607 306 1634 Tbis
326 1615 396 1642 may
418 1607 452 1632 be

242 1651 259 1669 1.
283 1643 320 1678 by
341 1642 438 1677 pride,

223 1790 247 1809 2.
271 1783 308 1818 by
328 1781 457 1811 avarice,

255 2245 280 2272 3.
304 2246 340 2281 by
363 2247 430 2272 lust,

476 493 609 541 salsos
654 493 754 529 deos.
803 494 903 528 Cum
950 490 1053 528 enim
1095 491 1312 527 secundum
1360 491 1557 531 doctores,
1603 488 1797 537 quidquid

488 552 608 587 homo
644 550 769 598 magis
796 550 1002 594 amaverit,
1029 551 1154 585 Deum
1179 561 1293 584 suum
1319 547 1536 593 constituit,
1562 556 1669 594 patet
1694 547 1801 594 quod

487 621 625 644 omnes
666 608 774 644 avari
815 617 905 644 sunt
944 608 1138 655 ydolatre‚
1178 605 1493 654 prevaricatores
1532 604 1650 653 primi
1691 617 1801 640 man—

489 666 569 703 dati
611 665 804 714 decalogi.
848 666 956 702 Licet
997 674 1130 702 autem
1165 666 1238 700 hoc
1272 673 1478 712 peccatum
1515 664 1668 699 duobus
1701 672 1800 698 tem-

489 725 651 772 poribus
690 724 840 761 scilicet
879 733 1061 771 tempore
1099 722 1195 770 legis
1234 731 1374 759 nature
1413 731 1449 758 et
1494 731 1673 769 tempore
1706 720 1802 768 legis

489 784 579 819 date
612 782 683 819 fuit
718 795 922 829 magnum,
956 791 1091 818 tamen
1126 793 1169 816 ex
1200 781 1285 828 lege
1311 779 1598 828 magnitudinis
1621 788 1802 827 tempore

489 841 584 889 legis
616 840 747 888 gracie
782 850 838 876 est
873 839 1105 885 maximum,
1146 851 1192 874 eo
1233 840 1341 887 quod
1374 847 1464 886 post
1495 847 1651 874 tantum
1687 839 1803 873 bene—

489 899 622 935 ficium
659 898 728 934 filii
762 897 961 935 karissimi
994 905 1149 934 tantum
1184 898 1439 945 degenerant.

547 960 614 993 Est
654 965 788 993 autem
833 956 975 1004 triplex
1020 955 1284 1003 degeneracio
1328 955 1548 991 secundum
1595 962 1673 989 tres
1719 965 1801 989 ma-

490 1015 618 1051 neries
646 1011 651 1068 l
680 1014 889 1051 hominum
935 1026 975 1051 se
1020 1013 1304 1050 excusancium
1339 1026 1361 1049 a
1396 1025 1493 1049 cena
1540 1010 1701 1047 Domini
1749 1015 1804 1056 (ut

490 1073 635 1109 dicitur
660 1074 763 1109 Luce
786 1074 923 1119 X1V0)‚
956 1071 1076 1120 primi
1106 1072 1325 1107 secundum
1359 1069 1588 1118 superbiam
1612 1069 1690 1105 vite
1714 1077 1805 1105 sunt

490 1131 675 1180 occupati
715 1131 821 1167 circa
854 1130 1062 1166 libidinem
1109 1129 1359 1175 dominandi,
1412 1127 1575 1165 secundi
1620 1126 1805 1175 occupati

493 1190 598 1226 circa
647 1189 909 1237 cupiditatem
955 1187 1240 1236 temporalium
1287 1186 1534 1224 circulariter
1577 1185 1806 1222 afficiuntur

490 1247 738 1295 cogitacione
772 1257 808 1283 et
832 1246 1048 1283 affeccione
1073 1245 1178 1282 circa
1203 1245 1445 1294 temporalia
1469 1254 1505 1281 et
1530 1244 1643 1280 tercii
1668 1244 1805 1290 volup-

493 1316 607 1342 tuose
641 1306 817 1342 foventes
851 1317 1011 1341 carnem
1046 1304 1176 1340 iacent
1210 1304 1364 1340 desides
1396 1303 1436 1339 in
1459 1302 1560 1350 gulis
1584 1311 1620 1338 et
1644 1301 1806 1337 luxuriis

492 1364 703 1412 provoluti.
750 1363 815 1399 Hii
854 1372 987 1400 autem
1027 1375 1166 1398 omnes
1200 1363 1454 1409 degenerant,
1495 1360 1589 1409 quia
1622 1373 1643 1396 a
1675 1359 1737 1395 via
1771 1368 1807 1395 et

493 1422 670 1458 moribus
709 1421 832 1469 patris
871 1421 931 1457 sui
965 1420 1112 1457 Christi
1152 1420 1353 1457 declinant
1393 1429 1429 1456 et
1468 1428 1509 1455 ut
1547 1416 1803 1465 ingratissimi

492 1480 713 1529 proditorie
753 1493 843 1516 cum
878 1478 1059 1515 hostibus
1098 1478 1222 1526 patris
1261 1478 1320 1514 sui
1359 1490 1399 1514 se
1441 1476 1593 1514 sociant
1628 1484 1663 1512 et
1696 1474 1751 1511 sic
1785 1487 1805 1511 a

494 1538 691 1587 spirituali
727 1537 875 1574 milicia
908 1549 948 1573 se
983 1545 1183 1573 excusant.

553 1596 675 1632 Primi
708 1596 903 1644 (inquam)
948 1604 1088 1631 contra
1121 1595 1315 1630 honorem
1350 1593 1472 1641 patris
1507 1605 1596 1629 cum
1630 1591 1806 1628 Absolon

495 1655 684 1703 aspirant,
731 1667 820 1691 cum
865 1653 994 1690 nolint
1038 1652 1233 1700 superiori
1278 1664 1350 1687 suo
1393 1650 1626 1687 obedienter
1664 1649 1803 1694 subici,

495 1714 602 1761 quod
626 1716 709 1749 Deo
734 1721 790 1749 est
812 1711 1035 1760 proprium,
1060 1720 1096 1747 et
1118 1723 1208 1747 cum
1234 1709 1430 1746 Malachie
1454 1711 1502 1755 10,
1529 1710 1549 1745 s,
1576 1708 1739 1744 dicitur:
1768 1707 1810 1742 Si

496 1784 593 1821 ergo
621 1779 738 1821 pater
769 1783 856 1820 ego,
891 1770 953 1806 ubi
982 1776 1037 1806 est
1071 1770 1193 1804 honor
1225 1768 1362 1804 meus?
1393 1766 1567 1803 Secundi
1589 1779 1682 1802 vero
1706 1774 1839 1801 tam--

497 1842 616 1877 quam
651 1828 798 1864 summi
832 1829 1047 1876 degeneres
1070 1826 1280 1874 implicant
1303 1834 1456 1874 patrem
1482 1837 1596 1861 suum
1622 1824 1806 1860 celestem

496 1900 579 1924 esse
613 1900 753 1924 aurum
788 1887 849 1923 vel
881 1885 1071 1934 lapidem,
1112 1886 1220 1933 quod
1259 1893 1316 1920 est
1354 1896 1512 1919 summa
1546 1881 1807 1919 irreverencia

496 1954 679 1994 respectu
713 1944 838 1992 patris
871 1953 952 1981 tam
987 1943 1147 1989 nobilis,
1193 1955 1285 1978 nam
1320 1943 1408 1982 Act.
1440 1942 1580 1987 XV110,
1615 1951 1665 1988 29
1712 1939 1807 1975 dicit

496 2004 732 2052 Apostolus:
769 2003 898 2039 Genus
926 2014 1010 2037 cnm
1043 2002 1162 2038 simus
1190 2001 1277 2046 Dei,
1311 2013 1383 2036 non
1417 2000 1595 2036 debemus
1627 1998 1809 2034 estimare

497 2074 609 2109 auro,
643 2068 809 2111 argento
834 2061 892 2096 vel
915 2060 1038 2109 lapidi
1054 2059 1244 2108 precioso.
1278 2060 1368 2094 Non
1392 2070 1485 2105 ergo
1508 2056 1700 2093 faciamus
1734 2056 1808 2091 hoc
1825 2061 1840 2092 ‘3

498 2121 669 2156 dedecus
702 2118 835 2167 generi
868 2126 1005 2154 nostro
1038 2117 1078 2153 in
1110 2129 1182 2153 suo
1215 2116 1428 2164 principio,
1461 2124 1503 2150 ut
1525 2127 1681 2150 summe
1704 2114 1809 2150 cola-

499 2191 585 2213 mus
624 2177 798 2225 lapidem
844 2177 903 2212 vel
949 2175 1067 2211 aliam
1115 2183 1353 2221 creaturam,
1393 2172 1489 2222 quia
1532 2172 1588 2208 sic
1631 2171 1809 2220 ydolola-

500 2237 642 2272 trando
675 2234 875 2271 abieccius
905 2233 1018 2270 nobis
1043 2236 1170 2268 Deum
1204 2229 1384 2268 nostrum
1419 2230 1643 2267 statuimus.
1677 2228 1808 2266 Tercii

500 2307 592 2330 vero
625 2306 713 2329 cum
750 2294 893 2328 debent
927 2304 1010 2328 esse
1045 2290 1114 2326 filii
1147 2290 1250 2338 regis
1282 2289 1444 2336 summi,
1483 2287 1685 2335 tugurium
1719 2300 1810 2336 por—

500 2364 639 2388 corum
674 2350 901 2387 inhabitant
935 2358 972 2385 et
1005 2349 1135 2385 aulam
1162 2348 1312 2396 regiam
1343 2346 1416 2383 sibi
1438 2347 1616 2395 patulam
1641 2345 1810 2381 derelin-

501 2418 640 2458 quunt.
676 2411 744 2444 Est
777 2407 881 2444 enim
917 2408 1078 2455 gulosus
1112 2419 1157 2443 ac
1188 2405 1413 2442 luxuriosus
1446 2406 1495 2441 ad
1530 2405 1694 2440 modum
1728 2402 1808 2439 suis

499 2468 560 2504 vel
593 2466 679 2515 apri
702 2479 743 2503 se
766 2465 979 2502 sordidans
1002 2464 1042 2501 in
1065 2465 1275 2501 volutabro
1298 2464 1547 2511 voluptatum
1574 2461 1808 2498 carnalium.

502 2525 567 2561 lIii
601 2538 695 2572 ergo
728 2537 809 2560 non
842 2533 932 2559 sunt
967 2523 1035 2559 filii
1070 2522 1141 2559 Dei
1185 2523 1253 2558 sed
1300 2521 1369 2558 filii
1402 2520 1527 2557 Belial
1572 2521 1635 2565 (de
1668 2518 1810 2567 quibus

502 2585 527 2619 l.
554 2585 646 2630 Reg.
681 2584 735 2618 ΙΙΟ
759 2591 796 2618 et
818 2583 971 2627 XXV0).
1007 2583 1190 2626 Quorum
1225 2579 1407 2616 condicio
1440 2578 1590 2626 optime
1625 2575 1808 2624 cognosci

1825 910 1862 930 IO

1821 992 1895 1050 Ιῑοὶ.

1823 1042 1900 1079 ³41⁶

1826 1189 1861 1221 15

1827 2348 1866 2382 35

503 2640 661 2687 poterit.
690 2641 851 2688 quando
887 2652 1046 2675 causam
1081 2638 1206 2686 patris
1239 2637 1296 2673 sui
1332 2636 1499 2673 audiunt
1533 2635 1868 2682 inpugnatam.4o

571 2764 598 2790 δ’.
639 2762 678 2789 lh:
718 2761 966 2797 ingratimdim's.
1110 2760 1150 2787 113.
1190 2759 1232 2786 D:
1270 2759 1363 2786 tercii
1397 2766 1492 2786 vero:
1530 2757 1575 2784 G:
1614 2757 1705 2784 tercii
1739 2764 1809 2783 non.

502 2797 542 2824 25.
567 2796 635 2824 bG:
657 2805 736 2832 crgo
757 2797 849 2823 deest.
940 2796 985 2821 223.
1007 2796 1050 2822 A:
1071 2803 1124 2821 ,τηε
1144 2795 1321 2830 degeneres.
1411 2801 1456 2827 27.
1477 2792 1522 2820 G:
1542 2799 1672 2819 <warum
1691 2799 1811 2819 aurum,

503 2840 550 2865 241.
570 2833 614 2858 A:
641 2839 762 2859 smnus:
788 2831 829 2857 ib.
851 2831 896 2857 A:
923 2831 1075 2856 estium-e.
1149 2828 1193 2860 32,
1215 2827 1256 2855 33.
1281 2828 1350 2855 bG:
1371 2826 1608 2861 ydolum-ando.-
1633 2827 1676 2852 A:
1697 2825 1812 2860 ydola-

502 2867 626 2893 [raudo.
768 2864 810 2892 33.
841 2867 886 2892 A:
919 2865 1070 2891 abiet-cius
1099 2864 1200 2896 dcest;
1233 2863 1262 2889 in
1293 2863 1378 2889 cod.:
1409 2863 1532 2895 laeuua3
1567 2861 1607 2887 l):
1638 2860 1810 2887 abiecimus.

503 2900 548 2934 31.
570 2903 613 2927 A:
642 2901 799 2935 ligurium.
873 2898 919 2933 34).
941 2900 982 2926 b:
1011 2899 1025 2925 Ι
1044 2898 1137 2925 deest.
