2062 3276
159 908 196 928 10

121 1048 196 1079 Fol.

115 1093 195 1137 209²*

159 1187 194 1219 15

155 2059 196 2091 '50

216 265 350 293 SERmo
373 254 425 311 x]
699 268 888 306 QUARTA
919 269 1042 299 PARS.

215 387 333 424 opera
363 374 459 420 eius,
485 374 549 422 qui
578 382 704 410 autem
728 374 833 423 facit
867 374 1066 410 veritatem
1103 373 1202 409 venit
1235 374 1290 410 ad
1322 374 1458 418 lucem,
1494 382 1531 410 ιιι

215 432 510 481 ηιαιιι-’ίεδίεηῐιιν
541 444 660 481 opera
706 432 798 478 eius,
844 432 929 480 quia
975 432 1010 467 1⁸11
1045 432 1128 467 Deo
1167 439 1252 466 sunt
1280 432 1408 479 sacta.
1456 431 1531 468 Ubi

214 489 345 538 primo
384 499 492 537 patet
534 491 641 538 quod
674 498 838 537 peccata
871 489 1060 537 preterita
1093 498 1184 525 sunt
1218 501 1337 525 causa
1371 490 1533 536 profun-

215 547 393 584 dacionis
422 547 462 583 in
496 547 661 584 crimine
696 556 979 595 consequente,
1014 560 1102 583 cum
1128 560 1200 594 pro
1225 559 1343 583 causa
1367 546 1531 583 dicitur:

213 605 341 642 Erant
384 605 481 642 enim
526 618 643 655 opera
688 618 820 641 eorum
865 605 979 641 mala.
1034 608 1081 641 Et
1121 617 1240 641 causa
1281 604 1397 640 huius
1439 604 1532 641 mali

214 663 345 711 operis
379 672 669 711 consequenter
693 663 935 711 adiungitur,
971 676 1059 699 cum
1094 663 1149 699 sic
1178 662 1364 698 infertur:
1401 662 1533 698 Omnis

213 721 310 756 enim
343 721 409 770 qui
439 722 538 758 male
570 722 653 772 agit
686 721 765 757 odit
788 722 923 757 lucem.
959 722 1058 757 Cum
1094 730 1228 757 autem
1263 721 1326 756 lux
1359 720 1407 756 sit
1440 733 1533 768 ope-

214 778 322 815 racio
361 778 551 825 virtuosa,
593 788 701 827 patet
734 780 842 827 quod
875 779 913 814 in
948 788 1144 827 quantum
1179 778 1266 826 quis
1302 779 1403 814 male
1437 778 1531 826 agit,

214 838 287 873 hoc
321 846 391 883 est,
427 837 700 882 criminaliter,
734 837 817 873 odit
856 836 1137 885 operacionem
1178 836 1421 873 contrariam
1456 849 1532 884 que

213 903 270 931 est
292 895 369 941 lux,
394 894 487 943 quia
510 895 697 943 operacio
720 894 910 931 virtuosa.
942 896 1055 932 Unde
1080 907 1123 930 ex
1146 894 1336 930 instinctu
1360 894 1532 930 naturali

213 952 396 989 homines
436 962 597 1001 agentes
637 953 768 1001 turpia
808 962 849 989 ut
882 952 1078 989 luxuriam
1112 962 1149 988 et
1183 952 1259 988 alia
1292 952 1392 988 vicia
1426 953 1532 988 dete-

211 1012 353 1047 standa
385 1011 527 1047 odiunt
558 1011 688 1047 lucem
723 1023 972 1059 corpoream,
1006 1023 1054 1046 ne
1087 1023 1158 1046 sua
1190 1009 1290 1046 vicia
1323 1010 1529 1058 patefiant.

1769 261 1817 296 85

1582 437 1636 466 Sin
1658 439 1741 478 leads
1762 443 1792 466 to

1601 482 1688 501 more
1709 482 1767 501 sm.

210 1069 527 1117 Verumptamen
578 1068 861 1117 sophisticacio
906 1069 979 1105 ista
1024 1068 1247 1116 superfluit,
1278 1065 1282 1119 Ι
1312 1081 1400 1104 cum
1453 1067 1531 1104 luci
1565 1076 1759 1103 Uselessuess
1780 1078 1810 1103 ot

211 1126 339 1174 prime
384 1140 460 1175 que
505 1136 648 1163 cuncta
692 1126 855 1173 iudicat,
901 1127 1014 1163 euius
1059 1125 1207 1163 iudicio
1247 1135 1303 1162 est
1343 1127 1530 1162 standum

212 1184 398 1232 finaliter,
438 1194 530 1221 sunt
569 1194 713 1221 cuncta
746 1185 784 1220 in
819 1185 1126 1233 quibuscunque
1169 1184 1342 1220 tenebris
1386 1183 1532 1220 fuerint

211 1242 307 1279 satis
346 1243 465 1279 clara.
507 1244 597 1280 Ideo
637 1242 847 1291 superfluit
880 1252 922 1279 ut
955 1242 1044 1279 talis
1084 1243 1212 1279 malus
1245 1242 1369 1290 fugiat
1401 1243 1531 1278 lucem

212 1313 447 1348 corpoream
492 1302 553 1337 vel
596 1301 786 1337 noticiam
826 1301 991 1337 humani
1030 1300 1167 1337 iudicii
1207 1313 1255 1336 ne
1295 1300 1378 1336 eius
1410 1312 1532 1348 opera

210 1371 396 1406 perversa
440 1369 672 1407 arguantur,
720 1372 809 1396 cum
854 1360 918 1395 lux
962 1358 1091 1407 prima
1143 1360 1189 1394 de
1235 1358 1413 1406 quolibet
1462 1358 1531 1394 tali

211 1429 331 1464 opere
376 1418 425 1453 ad
470 1418 648 1465 regulam
695 1417 866 1453 finaliter
910 1416 1114 1453 iudicabit.
1157 1416 1351 1464 Opposite
1396 1425 1530 1452 autem

213 1474 459 1511 condicionis
504 1485 595 1511 sunt
640 1475 696 1511 illi
741 1475 808 1523 qui
852 1475 1079 1511 innituntur
1110 1474 1298 1511 virtuosis
1342 1474 1531 1522 operibus

211 1532 387 1569 veritatis
422 1533 581 1570 Christi.
627 1533 704 1581 Ipsi
749 1533 854 1569 enim
898 1534 1035 1570 volunt
1079 1534 1187 1580 quod
1232 1545 1302 1569 sua
1346 1533 1450 1569 facta
1495 1541 1532 1568 et

213 1590 318 1627 dicta
362 1591 402 1627 in
446 1592 596 1639 populo
640 1591 906 1640 publicentur,
953 1591 1047 1639 quia
1086 1590 1217 1627 sciunt
1256 1592 1363 1639 quod
1401 1590 1532 1639 prima

211 1648 356 1685 veritas
394 1649 434 1685 in
474 1663 552 1698 qua
585 1650 805 1686 fundantur
838 1663 917 1686 non
950 1658 1082 1697 potest
1115 1649 1299 1695 deficere,
1332 1662 1381 1685 ne
1415 1661 1532 1697 gene-

212 1707 347 1743 raliter
390 1708 628 1755 publicetur.
675 1709 767 1744 Ideo
811 1707 1017 1744 confidens
1062 1708 1109 1743 de
1147 1707 1410 1743 fundamento
1448 1715 1530 1743 tam

212 1765 343 1801 stabili
378 1767 525 1813 gaudet
558 1767 666 1814 quod
700 1778 771 1802 sua
803 1765 1007 1802 sentencia
1041 1765 1280 1813 publicetur.

1583 1110 1693 1172 fleein?⁴
1712 1110 1792 1138 from

1689 1153 1694 1172 ι

1607 1146 1655 1172 the
1699 1145 1761 1180 glut.

270 1823 385 1860 Circa
425 1825 499 1860 hoc
539 1823 787 1871 evangelium
828 1823 1034 1860 dubitatur
1072 1833 1207 1859 utrum
1247 1832 1326 1859 tres
1365 1823 1530 1859 virtutes
1554 1828 1649 1857 Some
1669 1829 1812 1864 question

211 1881 434 1929 theologice
457 1881 606 1918 scilicet
630 1882 740 1924 fides,
765 1894 853 1929 spes
877 1891 914 1918 et
938 1881 1082 1918 caritas
1106 1881 1183 1917 sint
1207 1883 1255 1918 ad
1280 1882 1531 1918 evacuandas

210 1939 410 1976 versucias
443 1940 602 1987 dyaboli
636 1939 839 1988 requisite,
874 1949 910 1976 et
944 1941 1137 1987 probatur
1169 1941 1277 1987 quod
1310 1953 1404 1981 non,
1436 1939 1530 1987 quia

212 1997 294 2033 eius
346 1998 557 2034 evacuacio
615 2007 692 2034 stat
736 2010 807 2045 per
851 2010 891 2034 se
935 1997 974 2033 in
1018 1997 1366 2045 predestinacione
1411 2006 1530 2045 atque

211 2055 456 2103 presciencia
496 2056 639 2104 quibus
678 2056 750 2092 iste
789 2065 866 2092 tres
899 2055 1063 2092 virtutes
1102 2065 1193 2092 sunt
1226 2055 1529 2103 impertinentes,

212 2126 302 2149 cum
356 2113 579 2161 blasphemi
624 2123 666 2150 ut
712 2115 864 2159 Petrus,
912 2115 1058 2150 Paulus
1104 2123 1141 2150 et
1185 2113 1305 2150 ceteri
1358 2115 1405 2150 de
1459 2126 1530 2150 sua

213 2171 460 2208 beatitudine
504 2172 582 2208 sint
626 2171 753 2208 securi
793 2181 831 2208 et
876 2171 1012 2208 iniusti
1051 2182 1093 2208 ut
1127 2173 1234 2217 Saul,
1270 2171 1454 2208 Scarioth
1493 2180 1529 2208 et

212 2229 332 2266 ceteri
364 2239 456 2266 sunt
478 2230 518 2266 in
542 2230 835 2278 dampnacione
868 2240 1061 2278 perpetua
1095 2229 1268 2266 diffiniti.
1302 2232 1355 2265 Ex
1385 2229 1529 2278 quibus

212 2297 342 2335 potest
375 2287 462 2324 elici
496 2290 603 2336 quod
637 2289 739 2324 sicut
768 2288 839 2324 Dei
872 2288 1079 2325 ordinacio
1113 2290 1163 2325 ad
1196 2287 1271 2325 ista
1304 2287 1529 2333 necessitat,

156 2351 170 2382 ζ’
213 2345 267 2382 sic
300 2347 349 2382 ad
382 2346 512 2382 futura
538 2346 725 2394 quelibet,
760 2359 849 2383 cum
884 2346 955 2382 Dei
988 2346 1195 2383 ordinacio
1228 2345 1447 2383 scientifica
1479 2347 1527 2382 ad

212 2403 287 2440 ista
320 2404 563 2441 necessitans
597 2406 645 2441 ad
681 2413 825 2441 cuncta
859 2404 1175 2441 scientificabilia
1209 2417 1248 2440 se
1283 2404 1470 2441 extendit.

283 2627 303 2653 1,
325 2627 349 2646 2.
372 2620 415 2646 A:
443 2619 497 2654 qui
514 2623 616 2646 autem
640 2636 665 2639 κ-
687 2628 784 2655 opera
806 2620 871 2647 eius
892 2620 985 2647 deest.
1102 2619 1126 2647 3.
1143 2622 1296 2655 peccata,·
1322 2620 1348 2647 I:
1374 2619 1527 2655 predicta.

213 2663 242 2686 4.
263 2655 291 2680 1:
318 2658 474 2689 sequente.
601 2654 628 2681 6,
651 2655 678 2682 1:
705 2654 812 2690 infert.
933 2663 958 2689 7.
982 2655 1006 2682 E
1027 2655 1054 2681 in
1079 2663 1193 2690 marg:
1221 2655 1286 2682 Lux
1306 2655 1337 2682 in
1352 2655 1527 2690 proposito.

214 2697 247 2716 11.
270 2688 297 2715 1:
325 2689 390 2715 alia
411 2689 527 2724 turpia
609 2697 645 2716 12.
667 2690 725 2717 AI:
748 2692 924 2724 patescant.
1005 2689 1040 2716 15.
1063 2692 1150 2717 sunt:
1175 2690 1220 2716 A:
1242 2692 1362 2724 patent.
1437 2689 1478 2716 16.
1500 2690 1525 2716 l:

213 2723 280 2751 Non
301 2724 470 2759 superfluit,
545 2723 590 2750 26.
611 2724 666 2751 ΑΕ
686 2725 714 2750 in
737 2733 851 2759 marga
881 2724 1009 2751 Dubium
1021 2734 1030 2752 .·
1056 2725 1065 2751 l
1088 2725 1117 2751 in
1140 2733 1252 2759 marg:
1277 2724 1423 2757 Questio:
1450 2724 1474 2750 D
1497 2724 1525 2750 in

213 2766 327 2791 marg:
360 2758 406 2785 De
434 2758 596 2786 virtutibus
622 2759 824 2795 tlzeologz'cis‚·
853 2759 885 2786 In
914 2767 1010 2793 marg.
1039 2759 1111 2786 int'.:
1147 2759 1275 2786 Virtutes
1301 2759 1477 2794 theologice
1501 2759 1530 2785 si

212 2796 284 2820 sunt
307 2794 485 2820 necessarie
511 2792 555 2820 ad
577 2793 779 2826 sal2·andum‚·
807 2795 831 2821 Ε
857 2793 886 2821 in
915 2802 1027 2828 marg:
1056 2793 1186 2820 Virtutes
1213 2793 1388 2829 theologice
1411 2794 1441 2820 si
1458 2796 1529 2820 sunt

212 2827 389 2854 necessarie
401 2827 445 2855 ad
456 2827 649 2855 salvandum.
724 2828 768 2858 εἳ,
785 2836 830 2863 29.
846 2829 889 2855 A:
908 2828 1062 2863 probatur
1077 2828 1414 2863 —predexti(nacione)
1431 2828 1524 2855 deest.

212 2860 257 2889 30.
278 2862 404 2897 quibus;
422 2862 464 2890 ib.
481 2862 505 2889 l)
522 2862 551 2889 in
568 2871 680 2897 marg.:
702 2863 797 2890 cuius.
870 2862 909 2890 31.
932 2863 1000 2890 DE:
1021 2863 1130 2890 Petrus
1149 2866 1187 2889 et.
1262 2863 1304 2890 32.
1326 2864 1372 2890 A:
1394 2865 1423 2889 et
1442 2862 1523 2889 iusti.

212 2895 253 2925 35.
275 2898 314 2924 b:
334 2897 463 2932 quelibet
482 2896 587 2924 eadem
609 2897 681 2929 Dei,·
706 2898 746 2924 ib.
768 2899 813 2925 A:
837 2897 896 2924 Dei
914 2897 1015 2931 deest3
1045 2897 1085 2924 ib.
1108 2897 1164 2925 DI:
1187 2897 1465 2932 scientgfaclibilia.

1615 1863 1753 1891 whether

1586 1898 1807 1926 redeslination

1576 1941 1628 1960 oes
1650 1939 1702 1960 not
1723 1934 1811 1961 make

1589 1968 1639 1995 the
1660 1968 1775 1996 virtues

1575 2011 1790 2040 unnecessary.
