2062 3276
181 279 262 312 440
767 269 991 302 JOHANNIS
1010 267 1194 299 WYCLIF
1214 266 1469 298 SERMONUM
1531 250 1686 307 [SERMO
1708 259 1786 286 LVI-

472 384 614 424 Deum,
660 376 859 414 lucrifacit
903 375 977 411 sibi
1022 373 1097 423 ipsi
1145 382 1181 409 et
1227 373 1265 408 in
1311 379 1505 420 quantum
1541 368 1790 417 contempnit

472 442 615 482 Deum2
649 435 744 473 facit
775 447 815 471 se
850 434 980 482 ipsum
1015 431 1247 481 ignobilem.

216 505 288 544 The‘
304 503 418 543 second
531 495 716 532 Secundo
745 492 840 530 dicit
874 493 1039 529 devotus
1073 490 1178 526 filius
1200 487 1410 525 Trinitatis
1434 486 1474 522 in
1498 487 1691 523 honorem
1717 484 1789 521 Dei

210 543 428 602 ἃὲἓῐξὲὲξὲἀιῗο
474 553 562 591 filii:
597 552 787 589 Adveniat
820 563 984 601 regnum
1020 556 1138 585 tuum.
1172 549 1275 584 Nam
1299 547 1464 583 verbum
1489 544 1561 581 Dei
1595 552 1652 580 est
1685 542 1789 579 filius

247 609 296 637 1¹¹⁰
317 608 391 637 Son.
474 611 578 660 regis
611 610 678 659 qui
710 609 816 647 venit
849 609 888 645 in
923 608 1119 644 mundum
1153 605 1336 654 accipere
1369 603 1441 640 sibi
1476 615 1659 651 regnum,
1692 601 1822 650 pag-5

475 670 609 707 nando
639 681 727 705 cum
764 667 926 704 diabolo
960 674 997 702 et
1030 664 1180 713 angelis
1214 663 1296 701 eius
1331 671 1367 699 et
1400 670 1490 710 post
1524 668 1789 709 conquestum

476 727 617 765 reverti
665 727 723 773 (ut
770 725 916 762 dicitur
962 726 1067 760 Luce
1099 723 1240 769 X1X0).
1293 723 1385 757 Ideo
1434 719 1529 757 dicit
1573 718 1790 767 Apostolus

476 789 501 823 I.
527 787 617 822 Cor.
643 785 747 831 XV0‚
772 784 819 819 25
858 783 963 831 quod
1000 793 1088 818 cum
1125 779 1336 816 tradiderit
1361 791 1527 828 regnum
1551 776 1655 825 patri
1674 783 1791 826 ponet

209 842 268 870 We
289 841 434 875 0¹¹ss¹¹t¹0
476 844 649 880 inimicos
676 848 867 892 perpetuo
899 839 1109 877 scabellum
1137 839 1280 888 pedum
1313 849 1484 873 suorum.
1521 836 1621 872 Illud
1655 843 1787 871 autem

198 874 444 945 ehoriiiiiggogsniiie
477 913 643 950 regnum
675 899 770 936 licet
801 897 851 934 sit
884 898 924 934 in
957 906 1072 946 parte
1104 895 1373 944 triumphans,
1408 904 1465 932 est
1501 903 1634 930 tamen
1668 891 1790 940 pluri-
1811 904 1848 924 10

207 945 355 980 kingdom
377 943 436 971 and
679 957 686 963 ·
709 957 716 963 ·
1256 953 1263 959 .
1367 953 1373 958 .
1416 953 1423 959 .
1515 951 1521 957 .
1760 949 1767 955 .

197 981 245 1007 me
265 988 333 1007 com
359 979 451 1006 lerion
478 973 586 996 mum
635 958 812 994 militans
846 965 882 993 et
922 969 1011 993 cum
1059 966 1181 1002 regno
1228 953 1376 990 diaboli
1414 966 1456 989 1n
1487 960 1633 988 virtute
1678 952 1790 986 duels

195 1015 296 1043 oftlic
317 1013 450 1042 emisch.
477 1016 625 1056 Christi
664 1015 856 1052 continue
895 1026 1091 1063 pugnans.
1138 1013 1230 1048 Ideo
1269 1011 1344 1047 ista
1382 1009 1582 1059 peticione
1627 1016 1791 1056 rogatur

476 1089 550 1125 pro
589 1086 736 1123 sponsa
776 1086 861 1119 sua,
901 1082 943 1109 ut
982 1073 1032 1109 ad
1071 1070 1154 1107 eius
1194 1071 1388 1106 honorem
1428 1069 1467 1105 in
1506 1067 1589 1104 eius
1628 1066 1792 1103 nomine
1810 1092 1870 1122 Ful

476 1134 609 1171 vincat
649 1134 796 1169 hostes.
844 1133 945 1168 Nam
988 1128 1156 1167 victoria
1202 1127 1293 1164 belli
1337 1127 1429 1164 hinc
1468 1125 1595 1163 David
1630 1121 1634 1177 Ι
1672 1115 1889 1170 ωᾶηιιζς38ἷι

478 1191 571 1229 forti
603 1189 829 1236 ascribitur,
864 1190 973 1237 quod
1005 1200 1086 1224 non
1119 1186 1187 1223 fiat
1220 1187 1336 1234 plene
1369 1194 1461 1222 ante
1495 1184 1599 1220 diem
1641 1182 1791 1219 iudicii.
1813 1184 1849 1216 15

480 1251 594 1287 Unde
618 1249 770 1285 Sathan
802 1248 907 1284 inter
939 1246 1018 1284 alia
1051 1244 1195 1294 quibus
1219 1245 1453 1280 adversatur
1471 1242 1631 1279 Christo
1654 1249 1793 1277 nostro

479 1309 614 1345 tardat
638 1308 853 1343 adventum
878 1305 994 1341 huius
1019 1303 1129 1351 regni
1162 1311 1327 1351 propter
1351 1301 1440 1347 tria,
1474 1300 1607 1349 primo
1629 1306 1794 1348 propter

479 1364 670 1403 invidiam
709 1377 788 1413 qua
826 1362 977 1400 invidet
1016 1360 1171 1407 honori,
1205 1360 1366 1398 Christo
1406 1372 1477 1395 suo
1517 1357 1683 1395 domino
1723 1356 1792 1393 tri-

480 1422 726 1472 umphatori.
775 1422 960 1459 Secundo
1003 1428 1169 1469 propter
1213 1417 1473 1455 affeccionem
1513 1429 1633 1465 quam
1675 1416 1793 1452 habet

482 1482 732 1527 malefacere,
778 1480 984 1516 illudendo
1023 1477 1094 1515 Dei
1135 1476 1307 1523 famulis,
1347 1476 1464 1524 quale
1502 1482 1791 1512 nocumentum
1810 1485 1852 1505 20

481 1553 560 1577 non
593 1539 756 1576 inferret
789 1547 879 1587 post
918 1537 1022 1574 diem
1064 1535 1212 1572 iudicii.
1251 1534 1397 1571 Tercio
1430 1532 1525 1582 quia
1558 1541 1648 1581 post
1687 1531 1791 1568 diem

482 1597 622 1634 iudicii
646 1597 719 1634 erit
743 1609 846 1645 pena
870 1608 941 1632 sua
965 1602 1246 1632 consummata
1270 1605 1313 1629 ex
1337 1592 1499 1628 cumulo
1524 1589 1792 1627 multitudinis

483 1658 810 1704 dampnatorum.
865 1655 979 1691 Unde
1031 1652 1132 1689 sicut
1180 1651 1283 1687 inter
1330 1662 1469 1687 omnes
1517 1649 1582 1685 ille
1634 1647 1794 1685 realiter

484 1713 655 1751 maxime
687 1721 776 1749 orat
807 1720 850 1748 ut
881 1711 1061 1748 adveniat
1093 1722 1257 1759 regnum
1287 1708 1434 1744 Christi
1464 1709 1587 1755 (quod
1621 1715 1677 1743 est
1710 1705 1796 1742 uni-

483 1771 645 1809 versalis
690 1769 858 1808 ecclesia
891 1771 941 1806 ad
981 1768 1158 1805 debitum
1205 1767 1562 1815 complementum)
1595 1764 1662 1813 qui
1695 1764 1852 1800 zelat25

484 1843 557 1879 pro
603 1829 685 1866 eius
730 1829 913 1876 profectu
957 1827 996 1863 in
1042 1833 1246 1863 cremento
1297 1823 1499 1872 religionis
1533 1822 1694 1868 Christi,
1741 1822 1796 1858 sic

484 1888 557 1924 iste
598 1886 768 1924 maxime
811 1885 989 1923 satanice
1034 1886 1268 1921 adversatur
1307 1882 1373 1930 qui
1414 1881 1645 1929 religionem
1686 1880 1794 1916 illam

486 1947 678 1991 retardat,
718 1945 807 1981 illos
846 1943 913 1992 qui
946 1943 1083 1979 volunt
1117 1942 1155 1977 in
1189 1941 1256 1977 illa
1295 1940 1490 1989 proficere
1531 1938 1797 1986 extinguendo

486 2013 523 2041 et
556 2003 803 2040 declinantes
835 2015 857 2038 a
891 2000 1082 2049 religione
1116 1999 1263 2036 Christi
1298 1998 1336 2034 in
1370 1997 1566 2035 secularia
1600 1996 1798 2033 desideria

486 2062 727 2099 inducendo.
774 2063 875 2097 Nam
922 2058 1051 2095 simile
1091 2066 1148 2094 est
1187 2059 1234 2093 de
1273 2056 1342 2093 tali
1382 2065 1418 2092 et
1460 2057 1507 2092 de
1552 2054 1798 2103 ingrediente
1816 2055 1857 2086 '30

486 2129 619 2157 ortum
654 2120 816 2167 plenum
850 2117 982 2154 herbis
1015 2115 1206 2164 preciosis
1230 2124 1267 2151 et
1290 2113 1437 2163 plantis
1471 2112 1685 2150 fructiferis
1715 2113 1798 2149 fon-

487 2178 535 2215 tis
569 2177 698 2214 rivulo
736 2175 911 2224 irrigatis
951 2174 1017 2223 qui
1057 2173 1184 2210 rivum
1219 2174 1379 2209 obturet
1412 2185 1459 2208 ne
1492 2184 1596 2219 aqua
1630 2170 1798 2218 irrigans

489 2237 537 2273 ad
583 2235 737 2272 radices
790 2233 990 2270 dictorum
1039 2240 1144 2268 terre
1190 2229 1447 2267 nascencium
1495 2228 1687 2266 scaturiat
1731 2230 1798 2264 sed

489 2293 644 2341 stipites
675 2293 735 2329 vel
768 2291 977 2328 sumitates
1010 2289 1176 2326 istorum
1212 2287 1433 2324 ortencium
1469 2286 1700 2336 prescindit.
1741 2289 1799 2322 In—

490 2351 646 2388 finitum
681 2350 816 2398 itaque
848 2347 1112 2397 periculosius
1146 2355 1202 2383 est
1236 2346 1435 2395 plantaria
1467 2345 1658 2381 virtutum
1683 2343 1799 2380 semi-
1817 2343 1856 2376 35

490 2417 584 2446 nata
618 2408 657 2444 in
691 2421 787 2456 agro
820 2406 985 2443 ecclesie
1025 2405 1233 2442 suffocare.
1284 2405 1375 2440 Ideo
1406 2404 1494 2440 Joh.
1528 2403 1671 2439 ultimo
1705 2401 1800 2438 dicit

492 2467 674 2504 Christus
707 2468 824 2502 Petro
858 2463 1004 2513 triplici
1037 2463 1140 2500 vice:
1187 2464 1336 2515 Δςνγηιοιι
1368 2461 1565 2508 Jolzannis,
1603 2461 1637 2496 si
1668 2460 1801 2510 diligis

492 2538 564 2573 me,
591 2536 709 2574 pasce
741 2536 830 2560 oves
863 2535 978 2559 meas.
1020 2521 1202 2559 Christus
1243 2519 1347 2556 enim
1388 2520 1476 2568 plus
1516 2518 1643 2567 diligit
1683 2531 1802 2566 spon-

561 2671 589 2697 8.
617 2670 657 2697 D:
685 2669 700 2696 I
723 2669 818 2696 deest.
949 2677 990 2695 10.
1016 2668 1060 2696 A:
1089 2666 1268 2702 triumpha-r.
1401 2670 1442 2699 υ),
1466 2673 1504 2698 17.
1531 2665 1573 2692 D:
1601 2672 1659 2692 non
1689 2664 1801 2692 tardat.

493 2706 533 2734 18.
554 2706 598 2732 A:
627 2704 752 2731 Christi.
825 2711 864 2730 21.
884 2704 928 2730 A:
956 2703 1029 2738 quia
1049 2702 1144 2730 deest.
1222 2708 1267 2735 24.
1290 2701 1362 2727 HG:
1379 2700 1468 2736 facil
1487 2703 1527 2727 nt.
1600 2707 1644 2734 27.
1666 2699 1707 2726 D:
1734 2699 1804 2728 ille:

493 2741 534 2768 ib.
555 2740 598 2766 G:
627 2741 847 2767 conversatur.-
873 2738 914 2764 D:
936 2738 980 2764 ad
996 2739 1209 2764 conversalur.
1282 2735 1320 2762 31.
1343 2737 1384 2763 A:
1409 2735 1552 2769 planctis.
1625 2734 1667 2761 32.
1690 2734 1733 2760 (ὶε
1754 2734 1802 2760 ob-

494 2776 598 2808 duret3
620 2774 660 2801 ib.
681 2774 728 2800 ire
746 2781 838 2808 aqua.
895 2771 936 2800 33.
959 2772 1032 2799 1›G:
1053 2774 1133 2798 terre
1157 2771 1255 2801 decst3
1279 2770 1317 2797 ib.
1344 2771 1388 2797 A:
1409 2769 1592 2796 scaturicznt.
1647 2767 1693 2803 34.
1714 2768 1803 2796 sumi—

493 2812 589 2842 tates‚·
608 2810 651 2836 A:
672 2811 828 2841 sensates;
853 2807 893 2834 ib.
915 2807 956 2833 D:
978 2807 1110 2834 zllorum.
1183 2804 1227 2840 37.
1248 2804 1321 2832 DC:
1344 2804 1381 2831 Si
1399 2804 1491 2831 deest.

565 2894 618 2934 37.
643 2890 720 2923 Joh.
745 2891 831 2931 XXI,
855 2890 997 2932 15—27.
