2062 3276
150 267 229 312 334

149 1209 177 1232 4.
189 1199 247 1227 We
262 1205 344 1227 must
359 1205 412 1234 put

146 1243 231 1271 away
252 1235 343 1269 sloth,
369 1236 418 1262 llle

174 1269 336 1296 heaviness
357 1271 391 1296 ot'

230 1305 330 1331 death.

734 275 958 306 JOHANNIS
976 276 1161 307 WYCLIF
1182 276 1438 309 SERMONUM
1508 270 1659 321 [SERMO
1682 275 1744 305 XL-

434 380 564 416 facere
598 389 635 415 et
668 388 803 416 tamen
836 390 926 416 sunt
959 383 1008 417 ad
1039 381 1376 431 dampnacionem
1410 396 1522 419 suam
1557 383 1743 432 discipuli

435 437 650 485 proditorii
685 438 919 475 Scariothis.
965 441 1137 487 Oportet
1170 440 1274 477 enim
1309 454 1473 477 omnem
1506 442 1743 478 salvandum

434 495 474 531 in
513 497 611 531 hora
653 496 794 532 mortis
833 498 1034 545 deponere
1073 511 1235 535 omnem
1274 512 1499 546 rancorem,
1540 499 1742 548 diligendo

434 566 572 589 omnes
617 553 820 600 homines;
859 556 927 591 sed
972 558 1178 604 quomodo
1224 556 1451 604 disponitur
1484 559 1533 593 ad
1568 559 1643 594 hoc
1676 557 1743 606 qui

434 620 563 647 servat
603 624 813 648 rancorem
848 626 918 660 per
959 623 1115 650 tantum
1149 615 1359 662 temporis,
1399 628 1490 651 cum
1531 624 1741 663 peccatum

434 669 559 705 instar
602 669 778 706 infectivi
817 670 985 719 liquoris
1024 685 1091 708 vas
1131 671 1171 707 in
1213 686 1292 721 quo
1326 673 1473 710 residet
1513 686 1557 709 ex
1589 674 1743 709 diutur-

433 727 558 763 nitate
591 728 786 775 temporis
820 730 997 765 maculat
1030 739 1066 765 et
1100 731 1291 767 corrodit.
1329 731 1368 767 Si
1402 744 1495 778 ergo
1529 740 1743 780 quantum-

434 798 589 833 cunque
635 786 729 822 mite
764 795 801 821 et
834 787 1041 823 caritative
1074 788 1208 824 vivens
1238 789 1299 824 vix
1333 789 1495 825 habebit
1528 789 1568 826 in
1602 790 1743 826 mortis

433 843 605 879 articulo
647 844 933 880 sufficienciam
977 847 1026 881 ad
1068 845 1354 882 remittendum
1389 847 1555 884 iniurias
1588 856 1625 884 et
1658 847 1745 883 dili-

434 902 605 948 gendum
632 902 859 948 proximum
894 902 995 939 sicut
1019 905 1149 949 debet,
1184 914 1336 952 quanto
1370 905 1495 953 magis
1521 906 1744 942 maculatus

435 972 477 995 ex
527 960 819 996 consuetudine
872 969 930 996 tot
976 961 1175 1009 peccatis?
1227 964 1319 999 Ideo
1363 976 1524 999 necesse
1570 973 1627 1000 est
1671 976 1743 999 nos

433 1017 638 1054 assuefieri
690 1017 729 1053 in
767 1017 979 1054 virtutibus
1025 1019 1089 1055 isti
1130 1019 1279 1067 triplici
1331 1021 1530 1057 diabolico
1578 1030 1744 1069 peccato

435 1075 660 1112 contrariis,
709 1078 843 1123 Ipsum
885 1076 990 1112 enim
1033 1077 1175 1125 triplex
1209 1088 1419 1126 peccatum
1461 1079 1585 1127 magis
1619 1092 1745 1127 oppo-

434 1134 543 1169 nitur
575 1133 779 1170 Trinitati.

495 1192 573 1227 Sed
606 1204 769 1228 necesse
809 1201 867 1228 est
900 1195 1010 1240 quod
1043 1194 1180 1229 volens
1220 1195 1322 1230 hanc
1356 1194 1555 1242 triplicem
1591 1204 1743 1243 pestem

436 1250 625 1297 aufugere
664 1250 712 1285 sit
751 1259 906 1286 semota
946 1251 1099 1287 accidia
1144 1252 1184 1287 in
1222 1252 1391 1288 servicio
1431 1253 1500 1289 Dei
1550 1253 1745 1298 assiduus,

436 1308 530 1356 quia
569 1307 685 1344 aliter
725 1308 797 1344 erit
838 1318 1019 1345 mortuus
1052 1309 1317 1357 spiritualiter
1355 1311 1567 1358 gravedine
1607 1324 1747 1360 pecca-

437 1375 569 1401 torum
604 1375 641 1402 et
664 1367 799 1414 fugam
834 1367 939 1403 illius
964 1367 1142 1404 criminis
1167 1368 1303 1404 docuit
1328 1369 1509 1405 Christus
1540 1369 1579 1405 in
1603 1379 1746 1418 quarto

437 1426 557 1460 verbo
598 1425 721 1460 Marci
755 1426 857 1469 ΧΨ),
902 1426 952 1471 34
993 1427 1154 1474 quando
1195 1426 1308 1462 dixit:
1344 1428 1450 1463 Deus
1483 1441 1600 1467 meus,
1640 1429 1748 1463 Deus

440 1495 557 1527 meus,
602 1490 641 1518 ut
683 1483 773 1531 quid
812 1496 870 1519 me
915 1485 1183 1532 dereliquisti?
1226 1487 1327 1520 Nam
1373 1498 1498 1533 usque
1544 1488 1593 1522 ad
1628 1486 1745 1522 finem

441 1540 576 1576 dilexit
610 1542 792 1576 membra
826 1554 910 1587 sua,
944 1554 1063 1578 orans
1097 1555 1170 1590 pro
1203 1542 1280 1578 illis
1314 1552 1355 1578 ut
1388 1555 1560 1591 persona
1594 1557 1746 1585 eorum,

443 1600 589 1634 docens
607 1608 643 1634 et
667 1612 902 1647 promerens
927 1602 1133 1648 quomodo
1158 1600 1197 1636 in
1223 1611 1580 1650 quantumcunque
1604 1614 1749 1650 magna

442 1656 709 1693 tribulacione
763 1670 785 1693 a
830 1660 913 1694 Deo
967 1658 1122 1694 dimissi
1167 1659 1327 1703 fuerint,
1383 1659 1560 1695 manebit
1613 1669 1748 1696 tamen

441 1727 599 1762 semper
622 1717 727 1751 Deus
761 1728 899 1752 eorum
925 1724 1007 1752 tam
1042 1718 1261 1752 secundum
1287 1730 1431 1764 corpus
1465 1731 1585 1765 quam
1610 1730 1748 1754 secun-

442 1774 536 1808 dum
571 1773 761 1817 animam,
795 1787 875 1810 non
908 1776 1015 1822 quod
1040 1774 1221 1811 Christus
1254 1774 1293 1810 in
1317 1788 1488 1823 persona
1520 1789 1589 1812 sua
1624 1775 1749 1812 ambi-

441 1832 557 1878 gebat
590 1833 637 1867 ad
663 1832 758 1879 quid
792 1831 944 1867 dimisit
969 1845 1008 1868 se
1042 1832 1172 1880 ipsum
1207 1841 1244 1868 et
1269 1842 1462 1880 martyres
1496 1834 1535 1869 in
1558 1835 1745 1881 luporum

444 1889 627 1925 manibus
679 1889 932 1936 cruciandos,
987 1903 1076 1926 cum
1131 1891 1362 1927 eternaliter
1412 1891 1525 1928 scivit
1571 1905 1747 1933 causam,

442 1946 594 1983 scilicet
638 1956 680 1983 ut
732 1947 892 1984 camino
943 1948 1223 1984 tribulacionis
1268 1950 1427 1997 purgati
1480 1952 1528 1985 ad
1575 1950 1746 1986 aliorum

443 2006 703 2041 commodum
744 2006 921 2054 amplius
963 2015 1205 2043 mereantur.
1251 2007 1316 2043 Sic
1355 2020 1448 2055 ergo
1488 2007 1669 2044 Christus
1708 2007 1747 2043 in

443 2063 519 2099 isto
552 2065 673 2100 verbo
707 2064 836 2100 oravit
875 2073 911 2100 et
945 2064 1094 2108 docuit,
1134 2078 1272 2112 ymmo
1307 2067 1470 2113 quando
1503 2066 1639 2113 lingua
1673 2065 1747 2101 sibi
1765 2072 1781 2103 3

442 2122 642 2157 defecerat
681 2121 891 2158 serviendo
925 2124 1008 2158 Deo
1048 2135 1187 2170 passus
1227 2132 1284 2159 est
1324 2132 1495 2160 mortem
1537 2133 1573 2159 et
1611 2125 1747 2160 lancee

442 2179 785 2226 perforacionem3
833 2189 868 2216 et
908 2180 963 2216 sic
1001 2180 1085 2216 sine
1131 2190 1227 2217 nota
1267 2181 1419 2217 accidie
1464 2181 1623 2218 servivit
1663 2184 1747 2218 Deo

442 2237 643 2273 continue.
678 2240 759 2273 Nec
793 2247 850 2273 est
884 2247 1025 2274 contra
1049 2248 1215 2286 peccata
1251 2239 1481 2275 meritorios
1504 2249 1572 2275 aut
1607 2240 1748 2275 melior

442 2295 654 2331 medicina.
701 2298 748 2330 Et
782 2296 873 2332 licet
914 2309 1053 2332 omnes
1087 2297 1285 2332 fateamur
1324 2297 1458 2344 lingua
1492 2299 1593 2333 hanc
1635 2299 1746 2333 theo-

441 2353 628 2399 sebeiam,
646 2362 781 2389 tamen
806 2353 971 2390 affeccio
996 2363 1031 2390 et
1056 2355 1160 2390 facta
1179 2356 1478 2403 condempnant
1501 2369 1573 2391 nos
1598 2357 1746 2403 patule,

441 2424 529 2447 cum
565 2412 743 2447 crebrius
777 2412 971 2448 servimus
1005 2414 1170 2459 mundo,
1206 2412 1314 2449 carni
1349 2422 1385 2449 et
1418 2413 1521 2460 patri
1547 2413 1745 2461 superbie,

441 2482 520 2505 non
559 2468 598 2504 in
631 2469 772 2505 ordine
811 2478 853 2505 ut
894 2470 1114 2506 serviamus
1155 2470 1361 2507 meritorie
1396 2473 1478 2507 Deo
1511 2481 1669 2512 nostro:
1712 2480 1747 2507 et

439 2535 572 2563 tamen
607 2540 649 2563 ex
684 2527 761 2563 fide
785 2529 975 2563 debemus
1005 2530 1167 2564 credere
1191 2531 1297 2576 quod
1322 2529 1512 2577 quicquid
1538 2529 1748 2565 fecerimus

439 2597 520 2620 non
553 2585 591 2620 in
625 2585 765 2621 ordine
800 2595 836 2621 et
869 2585 1096 2622 intencione
1130 2595 1171 2621 ut
1206 2587 1375 2623 colendo
1400 2589 1527 2623 Deum
1552 2587 1748 2624 faciamus

508 2729 532 2756 5.
561 2729 632 2756 1)(ἰε
658 2731 798 2765 parcium
824 2732 990 2766 temporis,-
1019 2731 1062 2758 H:
1088 2734 1182 2759 totum
1208 2733 1364 2768 temporis.
1509 2734 1536 2761 ὁ.
1559 2733 1602 2760 H:
1622 2733 1748 2768 ,1‘71secti.

439 2772 465 2798 7.
488 2764 528 2791 l):
557 2764 666 2798 igilur.
753 2773 781 2800 o,
804 2774 842 2792 10.
865 2768 909 2793 A:
936 2766 979 2793 ad
997 2766 1198 2802 diligendum.
1284 2775 1322 2794 12.
1345 2767 1388 2794 H:
1414 2768 1484 2795 islo.
1569 2769 1610 2795 16.
1634 2769 1676 2795 1-1:
1703 2768 1748 2794 in-

429 2799 574 2834 J'ugere;
593 2799 632 2826 ib.
650 2800 672 2826 Ι)
689 2800 717 2826 in
735 2808 848 2835 marga
869 2801 1002 2828 Accidia.
1066 2809 1107 2835 19.
1123 2803 1166 2828 fl:
1187 2802 1272 2829 Deus
1285 2810 1368 2829 meus
1381 2811 1468 2830 once.
1530 2810 1575 2829 20.
1591 2803 1695 2830 ADG:
1716 2805 1750 2829 ut

439 2834 532 2860 deest.
606 2841 652 2867 24,
673 2834 715 2861 25.
737 2834 810 2861 AH:
837 2836 1001 2862 secundum
1022 2835 1115 2863 deest.
1190 2836 1227 2863 31.
1250 2836 1322 2864 1³0:
1348 2836 1501 2871 ‹inficereh
1575 2836 1621 2870 31.
1642 2836 1747 2865 AltG:

438 2868 546 2903 lingua
568 2869 660 2895 deest.
726 2868 771 2902 31,
786 2869 828 2897 35.
844 2870 946 2897 AluG:
968 2871 1164 2897 theosebiam.
1232 2870 1273 2898 35.
1299 2871 1372 2898 DG:
1395 2880 1460 2899 cum
1480 2871 1629 2908 affeccim·
1647 2873 1687 2899 ib.
1704 2871 1745 2898 Ηε

437 2900 567 2939 allec-'so
588 2907 615 2930 el
633 2903 662 2930 si
679 2904 890 2939 condempnat.
963 2904 1007 2938 31.
1030 2905 1102 2931 lm:
1125 2906 1250 2933 notorio
1273 2905 1345 2932 Deo.
1419 2905 1462 2933 'js
1479 2909 1522 2933 A:
1545 2910 1575 2934 et
1591 2907 1746 2942 quicquid.

1766 921 1772 940 1
1782 921 1803 940 Ο

1767 1200 1803 1232 15

1765 2360 1804 2393 ‘35
