<?xml version="1.0" encoding="UTF-8"?>
<!DOCTYPE html PUBLIC "-//W3C//DTD XHTML 1.0 Transitional//EN"
    "http://www.w3.org/TR/xhtml1/DTD/xhtml1-transitional.dtd">
<html xmlns="http://www.w3.org/1999/xhtml" xml:lang="en" lang="en">
 <head>
  <title>
</title>
<meta http-equiv="Content-Type" content="text/html;charset=utf-8" />
  <meta name='ocr-system' content='tesseract 3.04.00' />
  <meta name='ocr-capabilities' content='ocr_page ocr_carea ocr_par ocr_line ocrx_word'/>
</head>
<body>
  <div class='ocr_page' id='page_1' title='image "./iohanniswyclifse0704wycl_0365.png"; bbox 0 0 2062 3276; ppageno 0'>
   <div class='ocr_carea' id='block_1_1' title="bbox 209 898 245 919">
    <p class='ocr_par' dir='ltr' id='par_1_1' title="bbox 209 898 245 919">
     <span class='ocr_line' id='line_1_1' title="bbox 209 898 245 919; baseline -0.028 0"><span class='ocrx_word' id='word_1_1' title='bbox 209 898 245 919; x_wconf 78' lang='lat' dir='ltr'>XO</span> 
     </span>
    </p>
   </div>
   <div class='ocr_carea' id='block_1_2' title="bbox 257 240 1111 298">
    <p class='ocr_par' dir='ltr' id='par_1_2' title="bbox 257 240 1111 298">
     <span class='ocr_line' id='line_1_2' title="bbox 257 240 1111 298; baseline 0 -17"><span class='ocrx_word' id='word_1_2' title='bbox 257 252 393 282; x_wconf 80' lang='lat' dir='ltr'>SERMO</span> <span class='ocrx_word' id='word_1_3' title='bbox 413 240 522 298; x_wconf 61' lang='lat' dir='ltr'>xmr]</span> <span class='ocrx_word' id='word_1_4' title='bbox 766 253 957 293; x_wconf 76' lang='lat' dir='ltr'><strong>QUARTA</strong></span> <span class='ocrx_word' id='word_1_5' title='bbox 986 252 1111 283; x_wconf 75' lang='lat' dir='ltr'><strong>PARS.</strong></span> 
     </span>
    </p>
   </div>
   <div class='ocr_carea' id='block_1_3' title="bbox 1779 239 1854 284">
    <p class='ocr_par' dir='ltr' id='par_1_3' title="bbox 1779 239 1854 284">
     <span class='ocr_line' id='line_1_3' title="bbox 1779 239 1854 284; baseline 0 -10"><span class='ocrx_word' id='word_1_6' title='bbox 1779 239 1854 284; x_wconf 83' lang='lat'>345</span> 
     </span>
    </p>
   </div>
   <div class='ocr_carea' id='block_1_4' title="bbox 258 355 1859 410">
    <p class='ocr_par' dir='ltr' id='par_1_4' title="bbox 258 355 1859 410">
     <span class='ocr_line' id='line_1_4' title="bbox 258 355 1859 410; baseline -0.007 -12"><span class='ocrx_word' id='word_1_7' title='bbox 258 362 366 410; x_wconf 88' lang='lat' dir='ltr'>quod</span> <span class='ocrx_word' id='word_1_8' title='bbox 399 360 586 397; x_wconf 83' lang='lat' dir='ltr'>diffundit</span> <span class='ocrx_word' id='word_1_9' title='bbox 625 360 749 396; x_wconf 88' lang='lat' dir='ltr'>libere</span> <span class='ocrx_word' id='word_1_10' title='bbox 782 360 917 396; x_wconf 90' lang='lat' dir='ltr'>lumen</span> <span class='ocrx_word' id='word_1_11' title='bbox 950 370 1066 394; x_wconf 89' lang='lat' dir='ltr'>suum</span> <span class='ocrx_word' id='word_1_12' title='bbox 1108 357 1327 394; x_wconf 87' lang='lat' dir='ltr'>secundum</span> <span class='ocrx_word' id='word_1_13' title='bbox 1362 369 1425 392; x_wconf 87' lang='lat' dir='ltr'>sex</span> <span class='ocrx_word' id='word_1_14' title='bbox 1458 355 1736 392; x_wconf 58' lang='lat' dir='ltr'>diffe-liitfusion</span> <span class='ocrx_word' id='word_1_15' title='bbox 1758 361 1792 387; x_wconf 86' lang='lat' dir='ltr'>of</span> <span class='ocrx_word' id='word_1_16' title='bbox 1809 362 1859 388; x_wconf 63' lang='lat'>1112</span> 
     </span>
    </p>
   </div>
   <div class='ocr_carea' id='block_1_5' title="bbox 259 414 1574 1164">
    <p class='ocr_par' dir='ltr' id='par_1_5' title="bbox 259 414 1574 1164">
     <span class='ocr_line' id='line_1_5' title="bbox 259 414 1568 467; baseline -0.006 -11"><span class='ocrx_word' id='word_1_17' title='bbox 259 419 412 456; x_wconf 87' lang='lat' dir='ltr'>rencias</span> <span class='ocrx_word' id='word_1_18' title='bbox 428 418 695 467; x_wconf 88' lang='lat' dir='ltr'>posicionum.</span> <span class='ocrx_word' id='word_1_19' title='bbox 720 419 821 454; x_wconf 90' lang='lat' dir='ltr'>Nam</span> <span class='ocrx_word' id='word_1_20' title='bbox 840 429 996 453; x_wconf 88' lang='lat' dir='ltr'>sursum</span> <span class='ocrx_word' id='word_1_21' title='bbox 1017 415 1112 452; x_wconf 93' lang='lat' dir='ltr'>solis</span> <span class='ocrx_word' id='word_1_22' title='bbox 1136 414 1236 451; x_wconf 87' lang='lat' dir='ltr'>radii</span> <span class='ocrx_word' id='word_1_23' title='bbox 1260 415 1568 462; x_wconf 84' lang='lat' dir='ltr'>protenduntur,</span> 
     </span>
     <span class='ocr_line' id='line_1_6' title="bbox 259 471 1570 525; baseline -0.006 -11"><span class='ocrx_word' id='word_1_24' title='bbox 259 490 349 514; x_wconf 92' lang='lat' dir='ltr'>cum</span> <span class='ocrx_word' id='word_1_25' title='bbox 390 477 544 525; x_wconf 84' lang='lat' dir='ltr'>positus</span> <span class='ocrx_word' id='word_1_26' title='bbox 583 476 633 513; x_wconf 89' lang='lat' dir='ltr'>sit</span> <span class='ocrx_word' id='word_1_27' title='bbox 672 485 714 512; x_wconf 90' lang='lat' dir='ltr'>ut</span> <span class='ocrx_word' id='word_1_28' title='bbox 754 487 820 512; x_wconf 91' lang='lat' dir='ltr'>rex</span> <span class='ocrx_word' id='word_1_29' title='bbox 859 475 900 511; x_wconf 92' lang='lat' dir='ltr'>in</span> <span class='ocrx_word' id='word_1_30' title='bbox 940 473 1073 510; x_wconf 90' lang='lat' dir='ltr'>medio</span> <span class='ocrx_word' id='word_1_31' title='bbox 1106 472 1230 521; x_wconf 82' lang='lat' dir='ltr'>regni,</span> <span class='ocrx_word' id='word_1_32' title='bbox 1279 471 1433 508; x_wconf 88' lang='lat' dir='ltr'>medius</span> <span class='ocrx_word' id='word_1_33' title='bbox 1468 471 1570 507; x_wconf 88' lang='lat' dir='ltr'>inter</span> 
     </span>
     <span class='ocr_line' id='line_1_7' title="bbox 259 529 1571 584; baseline -0.005 -12"><span class='ocrx_word' id='word_1_34' title='bbox 259 536 440 584; x_wconf 79' lang='lat' dir='ltr'>planetas</span> <span class='ocrx_word' id='word_1_35' title='bbox 474 544 510 572; x_wconf 89' lang='lat' dir='ltr'>et</span> <span class='ocrx_word' id='word_1_36' title='bbox 542 547 624 571; x_wconf 89' lang='lat' dir='ltr'>non</span> <span class='ocrx_word' id='word_1_37' title='bbox 657 533 786 570; x_wconf 91' lang='lat' dir='ltr'>solum</span> <span class='ocrx_word' id='word_1_38' title='bbox 820 541 898 569; x_wconf 89' lang='lat' dir='ltr'>tres</span> <span class='ocrx_word' id='word_1_39' title='bbox 931 532 1112 581; x_wconf 81' lang='lat' dir='ltr'>planetas</span> <span class='ocrx_word' id='word_1_40' title='bbox 1145 530 1385 578; x_wconf 83' lang='lat' dir='ltr'>superiores,</span> <span class='ocrx_word' id='word_1_41' title='bbox 1419 529 1571 566; x_wconf 90' lang='lat' dir='ltr'>scilicet</span> 
     </span>
     <span class='ocr_line' id='line_1_8' title="bbox 259 587 1570 638; baseline -0.005 -8"><span class='ocrx_word' id='word_1_42' title='bbox 259 596 492 638; x_wconf 82' lang='lat' dir='ltr'>Saturnum,</span> <span class='ocrx_word' id='word_1_43' title='bbox 540 595 669 629; x_wconf 85' lang='lat' dir='ltr'>Iovem</span> <span class='ocrx_word' id='word_1_44' title='bbox 711 600 747 627; x_wconf 90' lang='lat' dir='ltr'>et</span> <span class='ocrx_word' id='word_1_45' title='bbox 786 593 972 637; x_wconf 86' lang='lat' dir='ltr'>Martem,</span> <span class='ocrx_word' id='word_1_46' title='bbox 1011 591 1079 627; x_wconf 89' lang='lat' dir='ltr'>sed</span> <span class='ocrx_word' id='word_1_47' title='bbox 1119 589 1245 626; x_wconf 86' lang='lat' dir='ltr'>eciam</span> <span class='ocrx_word' id='word_1_48' title='bbox 1288 587 1425 624; x_wconf 88' lang='lat' dir='ltr'>omnia</span> <span class='ocrx_word' id='word_1_49' title='bbox 1463 596 1570 624; x_wconf 86' lang='lat' dir='ltr'>astra</span> 
     </span>
     <span class='ocr_line' id='line_1_9' title="bbox 260 644 1571 694; baseline -0.005 -6"><span class='ocrx_word' id='word_1_50' title='bbox 260 652 334 688; x_wconf 84' lang='lat' dir='ltr'>fixa</span> <span class='ocrx_word' id='word_1_51' title='bbox 358 651 398 688; x_wconf 90' lang='lat' dir='ltr'>in</span> <span class='ocrx_word' id='word_1_52' title='bbox 431 651 688 687; x_wconf 89' lang='lat' dir='ltr'>firmamento</span> <span class='ocrx_word' id='word_1_53' title='bbox 711 649 912 685; x_wconf 89' lang='lat' dir='ltr'>illuminat</span> <span class='ocrx_word' id='word_1_54' title='bbox 946 656 982 685; x_wconf 91' lang='lat' dir='ltr'>et</span> <span class='ocrx_word' id='word_1_55' title='bbox 1006 648 1134 685; x_wconf 88' lang='lat' dir='ltr'>celum</span> <span class='ocrx_word' id='word_1_56' title='bbox 1170 647 1382 683; x_wconf 90' lang='lat' dir='ltr'>immotum</span> <span class='ocrx_word' id='word_1_57' title='bbox 1409 644 1571 694; x_wconf 85' lang='lat' dir='ltr'>respicit</span> 
     </span>
     <span class='ocr_line' id='line_1_10' title="bbox 261 704 1570 756; baseline -0.005 -10"><span class='ocrx_word' id='word_1_58' title='bbox 261 719 297 746; x_wconf 91' lang='lat' dir='ltr'>et</span> <span class='ocrx_word' id='word_1_59' title='bbox 336 710 384 745; x_wconf 93' lang='lat' dir='ltr'>de</span> <span class='ocrx_word' id='word_1_60' title='bbox 422 709 510 746; x_wconf 91' lang='lat' dir='ltr'>aliis</span> <span class='ocrx_word' id='word_1_61' title='bbox 549 707 726 756; x_wconf 90' lang='lat' dir='ltr'>quinque</span> <span class='ocrx_word' id='word_1_62' title='bbox 767 705 1007 743; x_wconf 86' lang='lat' dir='ltr'>differenciis</span> <span class='ocrx_word' id='word_1_63' title='bbox 1052 718 1170 742; x_wconf 90' lang='lat' dir='ltr'>nemo</span> <span class='ocrx_word' id='word_1_64' title='bbox 1211 704 1381 741; x_wconf 87' lang='lat' dir='ltr'>dubitat.</span> <span class='ocrx_word' id='word_1_65' title='bbox 1427 705 1570 740; x_wconf 89' lang='lat' dir='ltr'>Corre-</span> 
     </span>
     <span class='ocr_line' id='line_1_11' title="bbox 259 761 1571 815; baseline -0.005 -11"><span class='ocrx_word' id='word_1_66' title='bbox 259 768 502 815; x_wconf 87' lang='lat' dir='ltr'>spondenter</span> <span class='ocrx_word' id='word_1_67' title='bbox 535 765 703 815; x_wconf 84' lang='lat' dir='ltr'>quilibet</span> <span class='ocrx_word' id='word_1_68' title='bbox 736 764 1100 802; x_wconf 87' lang='lat' dir='ltr'>communicandus</span> <span class='ocrx_word' id='word_1_69' title='bbox 1125 763 1243 800; x_wconf 88' lang='lat' dir='ltr'>hodie</span> <span class='ocrx_word' id='word_1_70' title='bbox 1276 764 1394 799; x_wconf 89' lang='lat' dir='ltr'>debet</span> <span class='ocrx_word' id='word_1_71' title='bbox 1428 761 1571 798; x_wconf 86' lang='lat' dir='ltr'>diffun-</span> 
     </span>
     <span class='ocr_line' id='line_1_12' title="bbox 260 820 1574 868; baseline -0.005 -6"><span class='ocrx_word' id='word_1_72' title='bbox 260 827 352 862; x_wconf 84' lang='lat' dir='ltr'>dere</span> <span class='ocrx_word' id='word_1_73' title='bbox 385 824 519 861; x_wconf 90' lang='lat' dir='ltr'>radios</span> <span class='ocrx_word' id='word_1_74' title='bbox 541 823 691 861; x_wconf 88' lang='lat' dir='ltr'>amoris</span> <span class='ocrx_word' id='word_1_75' title='bbox 724 824 774 860; x_wconf 88' lang='lat' dir='ltr'>ad</span> <span class='ocrx_word' id='word_1_76' title='bbox 795 823 1037 860; x_wconf 84' lang='lat' dir='ltr'>Trinitatem</span> <span class='ocrx_word' id='word_1_77' title='bbox 1071 820 1321 858; x_wconf 86' lang='lat' dir='ltr'>immobilem</span> <span class='ocrx_word' id='word_1_78' title='bbox 1347 829 1384 857; x_wconf 92' lang='lat' dir='ltr'>et</span> <span class='ocrx_word' id='word_1_79' title='bbox 1407 821 1574 868; x_wconf 79' lang='lat' dir='ltr'>angulos</span> 
     </span>
     <span class='ocr_line' id='line_1_13' title="bbox 261 880 1573 928; baseline -0.005 -8"><span class='ocrx_word' id='word_1_80' title='bbox 261 883 357 920; x_wconf 85' lang='lat' dir='ltr'>fixos</span> <span class='ocrx_word' id='word_1_81' title='bbox 386 883 425 919; x_wconf 90' lang='lat' dir='ltr'>in</span> <span class='ocrx_word' id='word_1_82' title='bbox 453 884 538 919; x_wconf 89' lang='lat' dir='ltr'>celo</span> <span class='ocrx_word' id='word_1_83' title='bbox 561 883 721 919; x_wconf 88' lang='lat' dir='ltr'>stellato</span> <span class='ocrx_word' id='word_1_84' title='bbox 745 894 818 918; x_wconf 90' lang='lat' dir='ltr'>nec</span> <span class='ocrx_word' id='word_1_85' title='bbox 841 894 922 918; x_wconf 89' lang='lat' dir='ltr'>non</span> <span class='ocrx_word' id='word_1_86' title='bbox 947 882 997 917; x_wconf 91' lang='lat' dir='ltr'>ad</span> <span class='ocrx_word' id='word_1_87' title='bbox 1022 889 1230 928; x_wconf 81' lang='lat' dir='ltr'>martyres,</span> <span class='ocrx_word' id='word_1_88' title='bbox 1265 880 1513 916; x_wconf 88' lang='lat' dir='ltr'>confessores</span> <span class='ocrx_word' id='word_1_89' title='bbox 1537 886 1573 915; x_wconf 92' lang='lat' dir='ltr'>et</span> 
     </span>
     <span class='ocr_line' id='line_1_14' title="bbox 259 935 1571 990; baseline -0.005 -12"><span class='ocrx_word' id='word_1_90' title='bbox 259 941 432 989; x_wconf 82' lang='lat' dir='ltr'>virgines</span> <span class='ocrx_word' id='word_1_91' title='bbox 455 941 523 990; x_wconf 89' lang='lat' dir='ltr'>qui</span> <span class='ocrx_word' id='word_1_92' title='bbox 547 949 638 977; x_wconf 89' lang='lat' dir='ltr'>sunt</span> <span class='ocrx_word' id='word_1_93' title='bbox 661 941 821 989; x_wconf 91' lang='lat' dir='ltr'>planete</span> <span class='ocrx_word' id='word_1_94' title='bbox 843 939 1072 988; x_wconf 84' lang='lat' dir='ltr'>superiores</span> <span class='ocrx_word' id='word_1_95' title='bbox 1095 938 1267 983; x_wconf 80' lang='lat' dir='ltr'>viatore3</span> <span class='ocrx_word' id='word_1_96' title='bbox 1302 939 1419 974; x_wconf 88' lang='lat' dir='ltr'>debet</span> <span class='ocrx_word' id='word_1_97' title='bbox 1444 935 1571 973; x_wconf 90' lang='lat' dir='ltr'>eciam</span> 
     </span>
     <span class='ocr_line' id='line_1_15' title="bbox 261 996 1573 1043; baseline -0.004 -7"><span class='ocrx_word' id='word_1_98' title='bbox 261 1001 472 1037; x_wconf 87' lang='lat' dir='ltr'>extendere</span> <span class='ocrx_word' id='word_1_99' title='bbox 504 998 655 1036; x_wconf 90' lang='lat' dir='ltr'>amoris</span> <span class='ocrx_word' id='word_1_100' title='bbox 687 998 823 1035; x_wconf 91' lang='lat' dir='ltr'>radios</span> <span class='ocrx_word' id='word_1_101' title='bbox 856 999 906 1034; x_wconf 88' lang='lat' dir='ltr'>ad</span> <span class='ocrx_word' id='word_1_102' title='bbox 935 996 1236 1034; x_wconf 86' lang='lat' dir='ltr'>universitatem</span> <span class='ocrx_word' id='word_1_103' title='bbox 1271 1004 1462 1042; x_wconf 83' lang='lat' dir='ltr'>creatam,</span> <span class='ocrx_word' id='word_1_104' title='bbox 1496 1006 1573 1043; x_wconf 92' lang='lat' dir='ltr'>que</span> 
     </span>
     <span class='ocr_line' id='line_1_16' title="bbox 261 1054 1574 1106; baseline -0.004 -12"><span class='ocrx_word' id='word_1_105' title='bbox 261 1066 319 1094; x_wconf 89' lang='lat' dir='ltr'>est</span> <span class='ocrx_word' id='word_1_106' title='bbox 357 1057 445 1106; x_wconf 89' lang='lat' dir='ltr'>ipso</span> <span class='ocrx_word' id='word_1_107' title='bbox 478 1057 655 1103; x_wconf 87' lang='lat' dir='ltr'>inferior,</span> <span class='ocrx_word' id='word_1_108' title='bbox 696 1069 787 1093; x_wconf 91' lang='lat' dir='ltr'>cum</span> <span class='ocrx_word' id='word_1_109' title='bbox 822 1058 927 1092; x_wconf 89' lang='lat' dir='ltr'>Deus</span> <span class='ocrx_word' id='word_1_110' title='bbox 966 1055 1095 1104; x_wconf 88' lang='lat' dir='ltr'>diligit</span> <span class='ocrx_word' id='word_1_111' title='bbox 1128 1054 1429 1091; x_wconf 88' lang='lat' dir='ltr'>universitatem</span> <span class='ocrx_word' id='word_1_112' title='bbox 1465 1065 1574 1090; x_wconf 88' lang='lat' dir='ltr'>crea-</span> 
     </span>
     <span class='ocr_line' id='line_1_17' title="bbox 260 1112 1574 1164; baseline -0.004 -12"><span class='ocrx_word' id='word_1_113' title='bbox 260 1125 357 1162; x_wconf 87' lang='lat' dir='ltr'>tam,</span> <span class='ocrx_word' id='word_1_114' title='bbox 403 1116 471 1152; x_wconf 87' lang='lat' dir='ltr'>sed</span> <span class='ocrx_word' id='word_1_115' title='bbox 517 1115 649 1164; x_wconf 87' lang='lat' dir='ltr'>primo</span> <span class='ocrx_word' id='word_1_116' title='bbox 695 1116 745 1152; x_wconf 91' lang='lat' dir='ltr'>ad</span> <span class='ocrx_word' id='word_1_117' title='bbox 784 1115 967 1163; x_wconf 87' lang='lat' dir='ltr'>planetas</span> <span class='ocrx_word' id='word_1_118' title='bbox 1016 1114 1075 1150; x_wconf 89' lang='lat' dir='ltr'>sui</span> <span class='ocrx_word' id='word_1_119' title='bbox 1114 1112 1269 1162; x_wconf 84' lang='lat' dir='ltr'>generis</span> <span class='ocrx_word' id='word_1_120' title='bbox 1311 1121 1355 1148; x_wconf 90' lang='lat' dir='ltr'>ut</span> <span class='ocrx_word' id='word_1_121' title='bbox 1396 1120 1574 1148; x_wconf 90' lang='lat' dir='ltr'>contem-</span> 
     </span>
    </p>
   </div>
   <div class='ocr_carea' id='block_1_6' title="bbox 229 1170 1575 1222">
    <p class='ocr_par' dir='ltr' id='par_1_6' title="bbox 229 1170 1575 1222">
     <span class='ocr_line' id='line_1_18' title="bbox 229 1170 1575 1222; baseline -0.003 -12"><span class='ocrx_word' id='word_1_122' title='bbox 229 1173 433 1222; x_wconf 76' lang='lat' dir='ltr'>5plativos</span> <span class='ocrx_word' id='word_1_123' title='bbox 466 1182 699 1222; x_wconf 82' lang='lat' dir='ltr'>potentatus</span> <span class='ocrx_word' id='word_1_124' title='bbox 733 1181 769 1209; x_wconf 92' lang='lat' dir='ltr'>et</span> <span class='ocrx_word' id='word_1_125' title='bbox 793 1171 1023 1221; x_wconf 75' lang='lat' dir='ltr'>operarios3</span> <span class='ocrx_word' id='word_1_126' title='bbox 1058 1173 1176 1208; x_wconf 90' lang='lat' dir='ltr'>debet</span> <span class='ocrx_word' id='word_1_127' title='bbox 1200 1170 1326 1208; x_wconf 90' lang='lat' dir='ltr'>eciam</span> <span class='ocrx_word' id='word_1_128' title='bbox 1363 1171 1575 1208; x_wconf 76' lang='lat' dir='ltr'>extendere</span> 
     </span>
    </p>
   </div>
   <div class='ocr_carea' id='block_1_7' title="bbox 262 1227 1578 1745">
    <p class='ocr_par' dir='ltr' id='par_1_7' title="bbox 262 1227 1578 1745">
     <span class='ocr_line' id='line_1_19' title="bbox 262 1227 1573 1276; baseline -0.005 -7"><span class='ocrx_word' id='word_1_129' title='bbox 262 1244 444 1269; x_wconf 88' lang='lat' dir='ltr'>amorem</span> <span class='ocrx_word' id='word_1_130' title='bbox 483 1233 534 1268; x_wconf 90' lang='lat' dir='ltr'>ad</span> <span class='ocrx_word' id='word_1_131' title='bbox 573 1231 726 1268; x_wconf 90' lang='lat' dir='ltr'>amicos</span> <span class='ocrx_word' id='word_1_132' title='bbox 766 1244 788 1267; x_wconf 89' lang='lat' dir='ltr'>a</span> <span class='ocrx_word' id='word_1_133' title='bbox 828 1230 987 1276; x_wconf 87' lang='lat' dir='ltr'>dextris,</span> <span class='ocrx_word' id='word_1_134' title='bbox 1027 1231 1077 1266; x_wconf 87' lang='lat' dir='ltr'>ad</span> <span class='ocrx_word' id='word_1_135' title='bbox 1111 1228 1297 1266; x_wconf 87' lang='lat' dir='ltr'>inimicos</span> <span class='ocrx_word' id='word_1_136' title='bbox 1336 1241 1358 1265; x_wconf 88' lang='lat' dir='ltr'>a</span> <span class='ocrx_word' id='word_1_137' title='bbox 1390 1227 1573 1271; x_wconf 86' lang='lat' dir='ltr'>sinistris,</span> 
     </span>
     <span class='ocr_line' id='line_1_20' title="bbox 262 1286 1576 1336; baseline -0.003 -10"><span class='ocrx_word' id='word_1_138' title='bbox 262 1291 312 1327; x_wconf 88' lang='lat' dir='ltr'>ad</span> <span class='ocrx_word' id='word_1_139' title='bbox 345 1298 528 1326; x_wconf 89' lang='lat' dir='ltr'>mortuos</span> <span class='ocrx_word' id='word_1_140' title='bbox 561 1289 601 1326; x_wconf 90' lang='lat' dir='ltr'>in</span> <span class='ocrx_word' id='word_1_141' title='bbox 635 1290 734 1335; x_wconf 83' lang='lat' dir='ltr'>celo,</span> <span class='ocrx_word' id='word_1_142' title='bbox 768 1288 808 1325; x_wconf 90' lang='lat' dir='ltr'>in</span> <span class='ocrx_word' id='word_1_143' title='bbox 840 1288 996 1325; x_wconf 87' lang='lat' dir='ltr'>inferno</span> <span class='ocrx_word' id='word_1_144' title='bbox 1028 1288 1089 1324; x_wconf 80' lang='lat' dir='ltr'>vel</span> <span class='ocrx_word' id='word_1_145' title='bbox 1123 1286 1358 1336; x_wconf 84' lang='lat' dir='ltr'>purgatorio</span> <span class='ocrx_word' id='word_1_146' title='bbox 1383 1286 1451 1335; x_wconf 91' lang='lat' dir='ltr'>qui</span> <span class='ocrx_word' id='word_1_147' title='bbox 1484 1296 1576 1322; x_wconf 88' lang='lat' dir='ltr'>sunt</span> 
     </span>
     <span class='ocr_line' id='line_1_21' title="bbox 262 1343 1576 1396; baseline -0.003 -12"><span class='ocrx_word' id='word_1_148' title='bbox 262 1357 383 1394; x_wconf 89' lang='lat' dir='ltr'>retro,</span> <span class='ocrx_word' id='word_1_149' title='bbox 418 1356 455 1384; x_wconf 91' lang='lat' dir='ltr'>et</span> <span class='ocrx_word' id='word_1_150' title='bbox 478 1349 528 1384; x_wconf 92' lang='lat' dir='ltr'>ad</span> <span class='ocrx_word' id='word_1_151' title='bbox 562 1349 813 1396; x_wconf 87' lang='lat' dir='ltr'>generandos</span> <span class='ocrx_word' id='word_1_152' title='bbox 836 1346 876 1384; x_wconf 91' lang='lat' dir='ltr'>in</span> <span class='ocrx_word' id='word_1_153' title='bbox 910 1346 1078 1383; x_wconf 90' lang='lat' dir='ltr'>ecclesia</span> <span class='ocrx_word' id='word_1_154' title='bbox 1101 1358 1203 1394; x_wconf 88' lang='lat' dir='ltr'>quos</span> <span class='ocrx_word' id='word_1_155' title='bbox 1227 1346 1421 1382; x_wconf 89' lang='lat' dir='ltr'>habemus</span> <span class='ocrx_word' id='word_1_156' title='bbox 1444 1343 1576 1381; x_wconf 88' lang='lat' dir='ltr'>socios</span> 
     </span>
     <span class='ocr_line' id='line_1_22' title="bbox 262 1401 1577 1455; baseline -0.003 -13"><span class='ocrx_word' id='word_1_157' title='bbox 262 1406 331 1455; x_wconf 88' lang='lat' dir='ltr'>qui</span> <span class='ocrx_word' id='word_1_158' title='bbox 364 1414 455 1442; x_wconf 91' lang='lat' dir='ltr'>sunt</span> <span class='ocrx_word' id='word_1_159' title='bbox 488 1414 592 1442; x_wconf 89' lang='lat' dir='ltr'>ante.</span> <span class='ocrx_word' id='word_1_160' title='bbox 628 1405 739 1442; x_wconf 86' lang='lat' dir='ltr'>Sicut</span> <span class='ocrx_word' id='word_1_161' title='bbox 773 1405 877 1442; x_wconf 90' lang='lat' dir='ltr'>enim</span> <span class='ocrx_word' id='word_1_162' title='bbox 913 1404 1063 1441; x_wconf 89' lang='lat' dir='ltr'>mortui</span> <span class='ocrx_word' id='word_1_163' title='bbox 1085 1404 1224 1441; x_wconf 82' lang='lat' dir='ltr'>vivunt</span> <span class='ocrx_word' id='word_1_164' title='bbox 1257 1403 1298 1439; x_wconf 91' lang='lat' dir='ltr'>in</span> <span class='ocrx_word' id='word_1_165' title='bbox 1329 1402 1486 1451; x_wconf 83' lang='lat' dir='ltr'>spiritu,</span> <span class='ocrx_word' id='word_1_166' title='bbox 1521 1401 1577 1438; x_wconf 89' lang='lat' dir='ltr'>sic</span> 
     </span>
     <span class='ocr_line' id='line_1_23' title="bbox 262 1460 1577 1513; baseline -0.004 -12"><span class='ocrx_word' id='word_1_167' title='bbox 262 1463 479 1513; x_wconf 83' lang='lat' dir='ltr'>generandi</span> <span class='ocrx_word' id='word_1_168' title='bbox 518 1472 609 1500; x_wconf 88' lang='lat' dir='ltr'>sunt</span> <span class='ocrx_word' id='word_1_169' title='bbox 650 1465 772 1501; x_wconf 90' lang='lat' dir='ltr'>modo</span> <span class='ocrx_word' id='word_1_170' title='bbox 813 1463 853 1499; x_wconf 92' lang='lat' dir='ltr'>in</span> <span class='ocrx_word' id='word_1_171' title='bbox 898 1462 979 1499; x_wconf 90' lang='lat' dir='ltr'>suis</span> <span class='ocrx_word' id='word_1_172' title='bbox 1025 1462 1155 1499; x_wconf 89' lang='lat' dir='ltr'>causis</span> <span class='ocrx_word' id='word_1_173' title='bbox 1201 1470 1238 1498; x_wconf 89' lang='lat' dir='ltr'>et</span> <span class='ocrx_word' id='word_1_174' title='bbox 1277 1460 1494 1509; x_wconf 89' lang='lat' dir='ltr'>utrobique</span> <span class='ocrx_word' id='word_1_175' title='bbox 1533 1469 1577 1496; x_wconf 91' lang='lat' dir='ltr'>ut</span> 
     </span>
     <span class='ocr_line' id='line_1_24' title="bbox 263 1518 1576 1571; baseline -0.004 -12"><span class='ocrx_word' id='word_1_176' title='bbox 263 1521 546 1571; x_wconf 83' lang='lat' dir='ltr'>cognoscimus</span> <span class='ocrx_word' id='word_1_177' title='bbox 587 1531 791 1558; x_wconf 86' lang='lat' dir='ltr'>creaturas</span> <span class='ocrx_word' id='word_1_178' title='bbox 830 1522 1021 1557; x_wconf 88' lang='lat' dir='ltr'>debemus</span> <span class='ocrx_word' id='word_1_179' title='bbox 1062 1518 1431 1569; x_wconf 82' lang='lat' dir='ltr'>proposcionaliter</span> <span class='ocrx_word' id='word_1_180' title='bbox 1469 1518 1576 1567; x_wconf 89' lang='lat' dir='ltr'>ipsas</span> 
     </span>
     <span class='ocr_line' id='line_1_25' title="bbox 264 1577 1576 1629; baseline -0.004 -12"><span class='ocrx_word' id='word_1_181' title='bbox 264 1580 429 1629; x_wconf 83' lang='lat' dir='ltr'>diligere</span> <span class='ocrx_word' id='word_1_182' title='bbox 469 1589 505 1616; x_wconf 89' lang='lat' dir='ltr'>et</span> <span class='ocrx_word' id='word_1_183' title='bbox 550 1580 606 1617; x_wconf 88' lang='lat' dir='ltr'>sic</span> <span class='ocrx_word' id='word_1_184' title='bbox 644 1579 752 1617; x_wconf 84' lang='lat' dir='ltr'>iuxta</span> <span class='ocrx_word' id='word_1_185' title='bbox 798 1578 1023 1616; x_wconf 81' lang='lat' dir='ltr'>doctrinam</span> <span class='ocrx_word' id='word_1_186' title='bbox 1058 1577 1264 1626; x_wconf 87' lang='lat' dir='ltr'>Apostoli:</span> <span class='ocrx_word' id='word_1_187' title='bbox 1312 1578 1507 1622; x_wconf 79' lang='lat' dir='ltr'>Quantum</span> <span class='ocrx_word' id='word_1_188' title='bbox 1541 1577 1576 1612; x_wconf 86' lang='lat' dir='ltr'>in</span> 
     </span>
     <span class='ocr_line' id='line_1_26' title="bbox 264 1635 1577 1688; baseline -0.004 -13"><span class='ocrx_word' id='word_1_189' title='bbox 264 1640 369 1675; x_wconf 84' lang='lat' dir='ltr'>nobis</span> <span class='ocrx_word' id='word_1_190' title='bbox 401 1646 456 1675; x_wconf 80' lang='lat' dir='ltr'>est</span> <span class='ocrx_word' id='word_1_191' title='bbox 488 1639 630 1675; x_wconf 79' lang='lat' dir='ltr'>habere</span> <span class='ocrx_word' id='word_1_192' title='bbox 657 1651 792 1688; x_wconf 77' lang='lat' dir='ltr'>pacem</span> <span class='ocrx_word' id='word_1_193' title='bbox 826 1650 910 1674; x_wconf 88' lang='lat' dir='ltr'>cum</span> <span class='ocrx_word' id='word_1_194' title='bbox 946 1637 1120 1673; x_wconf 79' lang='lat' dir='ltr'>omnibus</span> <span class='ocrx_word' id='word_1_195' title='bbox 1142 1636 1367 1673; x_wconf 83' lang='lat' dir='ltr'>hominibus.</span> <span class='ocrx_word' id='word_1_196' title='bbox 1404 1638 1452 1671; x_wconf 88' lang='lat' dir='ltr'>Et</span> <span class='ocrx_word' id='word_1_197' title='bbox 1485 1635 1577 1671; x_wconf 90' lang='lat' dir='ltr'>hinc</span> 
     </span>
     <span class='ocr_line' id='line_1_27' title="bbox 263 1694 1578 1745; baseline -0.004 -11"><span class='ocrx_word' id='word_1_198' title='bbox 263 1697 462 1734; x_wconf 86' lang='lat' dir='ltr'>ordinavit</span> <span class='ocrx_word' id='word_1_199' title='bbox 485 1696 653 1734; x_wconf 88' lang='lat' dir='ltr'>ecclesia</span> <span class='ocrx_word' id='word_1_200' title='bbox 685 1697 791 1745; x_wconf 91' lang='lat' dir='ltr'>quod</span> <span class='ocrx_word' id='word_1_201' title='bbox 815 1705 907 1733; x_wconf 88' lang='lat' dir='ltr'>ante</span> <span class='ocrx_word' id='word_1_202' title='bbox 940 1694 1271 1732; x_wconf 88' lang='lat' dir='ltr'>communionem</span> <span class='ocrx_word' id='word_1_203' title='bbox 1297 1694 1422 1731; x_wconf 89' lang='lat' dir='ltr'>eciam</span> <span class='ocrx_word' id='word_1_204' title='bbox 1448 1705 1578 1730; x_wconf 90' lang='lat' dir='ltr'>sacer-</span> 
     </span>
    </p>
   </div>
   <div class='ocr_carea' id='block_1_8' title="bbox 208 1755 635 1803">
    <p class='ocr_par' dir='ltr' id='par_1_8' title="bbox 208 1755 635 1803">
     <span class='ocr_line' id='line_1_28' title="bbox 208 1755 635 1803; baseline -0.002 -11"><span class='ocrx_word' id='word_1_205' title='bbox 208 1786 223 1791; x_wconf 82' lang='lat'>-</span> <span class='ocrx_word' id='word_1_206' title='bbox 264 1755 368 1792; x_wconf 89' lang='lat' dir='ltr'>dotis</span> <span class='ocrx_word' id='word_1_207' title='bbox 400 1767 474 1803; x_wconf 89' lang='lat' dir='ltr'>pax</span> <span class='ocrx_word' id='word_1_208' title='bbox 509 1756 635 1791; x_wconf 88' lang='lat' dir='ltr'>detur.</span> 
     </span>
    </p>
   </div>
   <div class='ocr_carea' id='block_1_9' title="bbox 265 1810 1579 2037">
    <p class='ocr_par' dir='ltr' id='par_1_9' title="bbox 265 1810 1579 2037">
     <span class='ocr_line' id='line_1_29' title="bbox 322 1810 1576 1861; baseline -0.002 -11"><span class='ocrx_word' id='word_1_209' title='bbox 322 1815 399 1850; x_wconf 85' lang='lat' dir='ltr'>Sed</span> <span class='ocrx_word' id='word_1_210' title='bbox 434 1826 524 1850; x_wconf 87' lang='lat' dir='ltr'>cum</span> <span class='ocrx_word' id='word_1_211' title='bbox 558 1812 703 1861; x_wconf 88' lang='lat' dir='ltr'>triplex</span> <span class='ocrx_word' id='word_1_212' title='bbox 737 1812 786 1849; x_wconf 89' lang='lat' dir='ltr'>sit</span> <span class='ocrx_word' id='word_1_213' title='bbox 819 1825 907 1860; x_wconf 87' lang='lat' dir='ltr'>pax,</span> <span class='ocrx_word' id='word_1_214' title='bbox 948 1812 1020 1849; x_wconf 91' lang='lat' dir='ltr'>Dei</span> <span class='ocrx_word' id='word_1_215' title='bbox 1053 1814 1104 1849; x_wconf 88' lang='lat' dir='ltr'>ad</span> <span class='ocrx_word' id='word_1_216' title='bbox 1137 1811 1359 1857; x_wconf 88' lang='lat' dir='ltr'>hominem,</span> <span class='ocrx_word' id='word_1_217' title='bbox 1400 1810 1576 1848; x_wconf 87' lang='lat' dir='ltr'>hominis</span> 
     </span>
     <span class='ocr_line' id='line_1_30' title="bbox 265 1869 1577 1919; baseline -0.002 -11"><span class='ocrx_word' id='word_1_218' title='bbox 265 1872 314 1909; x_wconf 91' lang='lat' dir='ltr'>ad</span> <span class='ocrx_word' id='word_1_219' title='bbox 348 1871 554 1908; x_wconf 85' lang='lat' dir='ltr'>hominem</span> <span class='ocrx_word' id='word_1_220' title='bbox 589 1880 626 1907; x_wconf 88' lang='lat' dir='ltr'>et</span> <span class='ocrx_word' id='word_1_221' title='bbox 660 1870 833 1907; x_wconf 83' lang='lat' dir='ltr'>hominis</span> <span class='ocrx_word' id='word_1_222' title='bbox 866 1872 916 1907; x_wconf 89' lang='lat' dir='ltr'>ad</span> <span class='ocrx_word' id='word_1_223' title='bbox 949 1883 989 1907; x_wconf 92' lang='lat' dir='ltr'>se</span> <span class='ocrx_word' id='word_1_224' title='bbox 1022 1870 1169 1919; x_wconf 87' lang='lat' dir='ltr'>ipsum,</span> <span class='ocrx_word' id='word_1_225' title='bbox 1203 1869 1387 1907; x_wconf 89' lang='lat' dir='ltr'>videlicet</span> <span class='ocrx_word' id='word_1_226' title='bbox 1415 1871 1577 1918; x_wconf 89' lang='lat' dir='ltr'>quando</span> 
     </span>
     <span class='ocr_line' id='line_1_31' title="bbox 267 1928 1578 1978; baseline -0.003 -11"><span class='ocrx_word' id='word_1_227' title='bbox 267 1943 415 1978; x_wconf 89' lang='lat' dir='ltr'>corpus</span> <span class='ocrx_word' id='word_1_228' title='bbox 459 1929 544 1966; x_wconf 91' lang='lat' dir='ltr'>sine</span> <span class='ocrx_word' id='word_1_229' title='bbox 589 1929 808 1965; x_wconf 91' lang='lat' dir='ltr'>rebellione</span> <span class='ocrx_word' id='word_1_230' title='bbox 853 1928 1060 1977; x_wconf 83' lang='lat' dir='ltr'>regulatur</span> <span class='ocrx_word' id='word_1_231' title='bbox 1105 1941 1176 1977; x_wconf 88' lang='lat' dir='ltr'>per</span> <span class='ocrx_word' id='word_1_232' title='bbox 1223 1928 1415 1973; x_wconf 87' lang='lat' dir='ltr'>animam,</span> <span class='ocrx_word' id='word_1_233' title='bbox 1469 1936 1578 1976; x_wconf 85' lang='lat' dir='ltr'>patet</span> 
     </span>
     <span class='ocr_line' id='line_1_32' title="bbox 265 1985 1579 2037; baseline -0.002 -13"><span class='ocrx_word' id='word_1_234' title='bbox 265 1990 373 2037; x_wconf 90' lang='lat' dir='ltr'>quod</span> <span class='ocrx_word' id='word_1_235' title='bbox 411 1987 485 2024; x_wconf 89' lang='lat' dir='ltr'>iste</span> <span class='ocrx_word' id='word_1_236' title='bbox 518 1995 575 2024; x_wconf 89' lang='lat' dir='ltr'>est</span> <span class='ocrx_word' id='word_1_237' title='bbox 608 1988 709 2024; x_wconf 89' lang='lat' dir='ltr'>ordo</span> <span class='ocrx_word' id='word_1_238' title='bbox 743 1986 859 2023; x_wconf 86' lang='lat' dir='ltr'>huius</span> <span class='ocrx_word' id='word_1_239' title='bbox 899 1986 1009 2036; x_wconf 87' lang='lat' dir='ltr'>pacis</span> <span class='ocrx_word' id='word_1_240' title='bbox 1042 1986 1212 2036; x_wconf 90' lang='lat' dir='ltr'>triplicis</span> <span class='ocrx_word' id='word_1_241' title='bbox 1246 1987 1354 2034; x_wconf 88' lang='lat' dir='ltr'>quod</span> <span class='ocrx_word' id='word_1_242' title='bbox 1392 1985 1579 2034; x_wconf 86' lang='lat' dir='ltr'>impossi-</span> 
     </span>
    </p>
   </div>
   <div class='ocr_carea' id='block_1_10' title="bbox 209 2043 1579 2094">
    <p class='ocr_par' dir='ltr' id='par_1_10' title="bbox 209 2043 1579 2094">
     <span class='ocr_line' id='line_1_33' title="bbox 209 2043 1579 2094; baseline -0.003 -10"><span class='ocrx_word' id='word_1_243' title='bbox 209 2052 224 2084; x_wconf 74' lang='lat'>&#39;3</span> <span class='ocrx_word' id='word_1_244' title='bbox 265 2046 343 2083; x_wconf 87' lang='lat' dir='ltr'>bile</span> <span class='ocrx_word' id='word_1_245' title='bbox 378 2055 435 2083; x_wconf 89' lang='lat' dir='ltr'>est</span> <span class='ocrx_word' id='word_1_246' title='bbox 468 2047 565 2082; x_wconf 88' lang='lat' dir='ltr'>duas</span> <span class='ocrx_word' id='word_1_247' title='bbox 599 2044 843 2094; x_wconf 85' lang='lat' dir='ltr'>posteriores</span> <span class='ocrx_word' id='word_1_248' title='bbox 877 2058 996 2094; x_wconf 86' lang='lat' dir='ltr'>paces</span> <span class='ocrx_word' id='word_1_249' title='bbox 1030 2044 1183 2090; x_wconf 84' lang='lat' dir='ltr'>haberi,</span> <span class='ocrx_word' id='word_1_250' title='bbox 1223 2043 1299 2081; x_wconf 86' lang='lat' dir='ltr'>nisi</span> <span class='ocrx_word' id='word_1_251' title='bbox 1334 2057 1407 2092; x_wconf 90' lang='lat' dir='ltr'>pax</span> <span class='ocrx_word' id='word_1_252' title='bbox 1448 2043 1579 2092; x_wconf 88' lang='lat' dir='ltr'>prima</span> 
     </span>
    </p>
   </div>
   <div class='ocr_carea' id='block_1_11' title="bbox 265 2102 1581 2326">
    <p class='ocr_par' dir='ltr' id='par_1_11' title="bbox 265 2102 1581 2326">
     <span class='ocr_line' id='line_1_34' title="bbox 265 2102 1579 2153; baseline -0.002 -13"><span class='ocrx_word' id='word_1_253' title='bbox 265 2104 396 2153; x_wconf 89' lang='lat' dir='ltr'>primo</span> <span class='ocrx_word' id='word_1_254' title='bbox 429 2104 610 2140; x_wconf 90' lang='lat' dir='ltr'>omnium</span> <span class='ocrx_word' id='word_1_255' title='bbox 647 2105 854 2140; x_wconf 87' lang='lat' dir='ltr'>habeatur.</span> <span class='ocrx_word' id='word_1_256' title='bbox 889 2105 982 2140; x_wconf 89' lang='lat' dir='ltr'>Ideo</span> <span class='ocrx_word' id='word_1_257' title='bbox 1016 2102 1111 2140; x_wconf 91' lang='lat' dir='ltr'>dicit</span> <span class='ocrx_word' id='word_1_258' title='bbox 1140 2104 1338 2151; x_wconf 87' lang='lat' dir='ltr'>propheta</span> <span class='ocrx_word' id='word_1_259' title='bbox 1372 2103 1579 2151; x_wconf 87' lang='lat' dir='ltr'>quomodo</span> 
     </span>
     <span class='ocr_line' id='line_1_35' title="bbox 267 2162 1580 2211; baseline -0.002 -13"><span class='ocrx_word' id='word_1_260' title='bbox 267 2162 489 2199; x_wconf 88' lang='lat' dir='ltr'>mundiales</span> <span class='ocrx_word' id='word_1_261' title='bbox 527 2162 729 2199; x_wconf 87' lang='lat' dir='ltr'>dixerunt:</span> <span class='ocrx_word' id='word_1_262' title='bbox 779 2162 879 2209; x_wconf 81' lang='lat' dir='ltr'>Pax,</span> <span class='ocrx_word' id='word_1_263' title='bbox 914 2174 1017 2211; x_wconf 83' lang='lat' dir='ltr'>pax,</span> <span class='ocrx_word' id='word_1_264' title='bbox 1055 2169 1089 2197; x_wconf 86' lang='lat' dir='ltr'>et</span> <span class='ocrx_word' id='word_1_265' title='bbox 1128 2174 1201 2197; x_wconf 84' lang='lat' dir='ltr'>non</span> <span class='ocrx_word' id='word_1_266' title='bbox 1233 2168 1317 2197; x_wconf 73' lang='lat' dir='ltr'>erat</span> <span class='ocrx_word' id='word_1_267' title='bbox 1345 2172 1443 2209; x_wconf 81' lang='lat' dir='ltr'>pax,</span> <span class='ocrx_word' id='word_1_268' title='bbox 1475 2163 1580 2197; x_wconf 88' lang='lat' dir='ltr'>Jere-</span> 
     </span>
     <span class='ocr_line' id='line_1_36' title="bbox 267 2219 1581 2269; baseline -0.003 -12"><span class='ocrx_word' id='word_1_269' title='bbox 267 2221 344 2257; x_wconf 90' lang='lat' dir='ltr'>mie</span> <span class='ocrx_word' id='word_1_270' title='bbox 366 2222 486 2264; x_wconf 84' lang='lat' dir='ltr'>V1110,</span> <span class='ocrx_word' id='word_1_271' title='bbox 520 2220 716 2269; x_wconf 81' lang='lat' dir='ltr'>11,·quia</span> <span class='ocrx_word' id='word_1_272' title='bbox 749 2232 821 2255; x_wconf 85' lang='lat' dir='ltr'>non</span> <span class='ocrx_word' id='word_1_273' title='bbox 861 2228 916 2256; x_wconf 78' lang='lat' dir='ltr'>est</span> <span class='ocrx_word' id='word_1_274' title='bbox 950 2232 1036 2269; x_wconf 84' lang='lat' dir='ltr'>pax</span> <span class='ocrx_word' id='word_1_275' title='bbox 1074 2219 1215 2269; x_wconf 81' lang='lat' dir='ltr'>impiis,</span> <span class='ocrx_word' id='word_1_276' title='bbox 1254 2219 1344 2255; x_wconf 78' lang='lat' dir='ltr'>dicit</span> <span class='ocrx_word' id='word_1_277' title='bbox 1376 2219 1581 2265; x_wconf 77' lang='lat' dir='ltr'>Dominus,</span> 
     </span>
     <span class='ocr_line' id='line_1_37' title="bbox 267 2276 1581 2326; baseline -0.002 -11"><span class='ocrx_word' id='word_1_278' title='bbox 267 2278 366 2315; x_wconf 89' lang='lat' dir='ltr'>Isaie</span> <span class='ocrx_word' id='word_1_279' title='bbox 399 2280 575 2315; x_wconf 91' lang='lat' dir='ltr'>XLVIII0</span> <span class='ocrx_word' id='word_1_280' title='bbox 611 2289 675 2317; x_wconf 84' lang='lat'>22.</span> <span class='ocrx_word' id='word_1_281' title='bbox 718 2280 889 2326; x_wconf 88' lang='lat' dir='ltr'>Oportet</span> <span class='ocrx_word' id='word_1_282' title='bbox 923 2278 1027 2315; x_wconf 90' lang='lat' dir='ltr'>enim</span> <span class='ocrx_word' id='word_1_283' title='bbox 1068 2277 1273 2326; x_wconf 87' lang='lat' dir='ltr'>triplicare</span> <span class='ocrx_word' id='word_1_284' title='bbox 1307 2289 1447 2324; x_wconf 86' lang='lat' dir='ltr'>pacem</span> <span class='ocrx_word' id='word_1_285' title='bbox 1482 2276 1581 2313; x_wconf 91' lang='lat' dir='ltr'>inci-</span> 
     </span>
    </p>
   </div>
   <div class='ocr_carea' id='block_1_12' title="bbox 233 2336 1581 2385">
    <p class='ocr_par' dir='ltr' id='par_1_12' title="bbox 233 2336 1581 2385">
     <span class='ocr_line' id='line_1_38' title="bbox 233 2336 1581 2385; baseline -0.001 -13"><span class='ocrx_word' id='word_1_286' title='bbox 233 2337 413 2385; x_wconf 64' lang='lat' dir='ltr'>§piendo</span> <span class='ocrx_word' id='word_1_287' title='bbox 446 2349 468 2373; x_wconf 91' lang='lat' dir='ltr'>a</span> <span class='ocrx_word' id='word_1_288' title='bbox 501 2336 646 2384; x_wconf 84' lang='lat' dir='ltr'>prima,</span> <span class='ocrx_word' id='word_1_289' title='bbox 688 2345 725 2372; x_wconf 88' lang='lat' dir='ltr'>et</span> <span class='ocrx_word' id='word_1_290' title='bbox 765 2349 855 2372; x_wconf 89' lang='lat' dir='ltr'>cum</span> <span class='ocrx_word' id='word_1_291' title='bbox 895 2337 981 2373; x_wconf 87' lang='lat' dir='ltr'>sola</span> <span class='ocrx_word' id='word_1_292' title='bbox 1020 2344 1187 2384; x_wconf 87' lang='lat' dir='ltr'>peccata</span> <span class='ocrx_word' id='word_1_293' title='bbox 1224 2344 1414 2383; x_wconf 85' lang='lat' dir='ltr'>separant</span> <span class='ocrx_word' id='word_1_294' title='bbox 1446 2348 1519 2371; x_wconf 90' lang='lat' dir='ltr'>nos</span> <span class='ocrx_word' id='word_1_295' title='bbox 1559 2348 1581 2371; x_wconf 85' lang='lat' dir='ltr'>a</span> 
     </span>
    </p>
   </div>
   <div class='ocr_carea' id='block_1_13' title="bbox 268 2393 1579 2501">
    <p class='ocr_par' dir='ltr' id='par_1_13' title="bbox 268 2393 1579 2501">
     <span class='ocr_line' id='line_1_39' title="bbox 268 2393 1579 2442; baseline -0.001 -12"><span class='ocrx_word' id='word_1_296' title='bbox 268 2397 352 2431; x_wconf 90' lang='lat' dir='ltr'>Deo</span> <span class='ocrx_word' id='word_1_297' title='bbox 392 2393 576 2431; x_wconf 85' lang='lat' dir='ltr'>faciendo</span> <span class='ocrx_word' id='word_1_298' title='bbox 616 2394 876 2440; x_wconf 88' lang='lat' dir='ltr'>discordiam,</span> <span class='ocrx_word' id='word_1_299' title='bbox 918 2403 1029 2442; x_wconf 89' lang='lat' dir='ltr'>patet</span> <span class='ocrx_word' id='word_1_300' title='bbox 1068 2395 1176 2442; x_wconf 86' lang='lat' dir='ltr'>quod</span> <span class='ocrx_word' id='word_1_301' title='bbox 1215 2402 1377 2441; x_wconf 87' lang='lat' dir='ltr'>oportet</span> <span class='ocrx_word' id='word_1_302' title='bbox 1416 2406 1579 2430; x_wconf 90' lang='lat' dir='ltr'>omnem</span> 
     </span>
     <span class='ocr_line' id='line_1_40' title="bbox 268 2451 1579 2501; baseline 0 -13"><span class='ocrx_word' id='word_1_303' title='bbox 268 2452 648 2489; x_wconf 88' lang='lat' dir='ltr'>communicandum</span> <span class='ocrx_word' id='word_1_304' title='bbox 685 2452 803 2489; x_wconf 89' lang='lat' dir='ltr'>hodie</span> <span class='ocrx_word' id='word_1_305' title='bbox 826 2452 990 2501; x_wconf 85' lang='lat' dir='ltr'>purgari</span> <span class='ocrx_word' id='word_1_306' title='bbox 1014 2465 1035 2488; x_wconf 92' lang='lat' dir='ltr'>a</span> <span class='ocrx_word' id='word_1_307' title='bbox 1064 2452 1260 2488; x_wconf 88' lang='lat' dir='ltr'>fermento</span> <span class='ocrx_word' id='word_1_308' title='bbox 1284 2451 1579 2500; x_wconf 87' lang='lat' dir='ltr'>peccaminum,</span> 
     </span>
    </p>
   </div>
   <div class='ocr_carea' id='block_1_14' title="bbox 266 2596 1581 2772">
    <p class='ocr_par' dir='ltr' id='par_1_14' title="bbox 266 2596 1581 2772">
     <span class='ocr_line' id='line_1_41' title="bbox 336 2596 1580 2633; baseline 0.001 -9"><span class='ocrx_word' id='word_1_309' title='bbox 336 2605 359 2624; x_wconf 79' lang='lat'>2.</span> <span class='ocrx_word' id='word_1_310' title='bbox 382 2597 485 2625; x_wconf 84' lang='lat' dir='ltr'>ADG:</span> <span class='ocrx_word' id='word_1_311' title='bbox 503 2597 682 2633; x_wconf 74' lang='lat' dir='ltr'>posicionis.</span> <span class='ocrx_word' id='word_1_312' title='bbox 755 2597 779 2625; x_wconf 81' lang='lat'>5.</span> <span class='ocrx_word' id='word_1_313' title='bbox 803 2597 846 2625; x_wconf 83' lang='lat' dir='ltr'>H:</span> <span class='ocrx_word' id='word_1_314' title='bbox 869 2597 1031 2629; x_wconf 66' lang='lat' dir='ltr'>Saturnus,</span> <span class='ocrx_word' id='word_1_315' title='bbox 1051 2598 1129 2624; x_wconf 69' lang='lat' dir='ltr'>Iovis</span> <span class='ocrx_word' id='word_1_316' title='bbox 1148 2602 1175 2624; x_wconf 79' lang='lat' dir='ltr'>et</span> <span class='ocrx_word' id='word_1_317' title='bbox 1196 2596 1300 2629; x_wconf 58' lang='lat' dir='ltr'>Mars:</span> <span class='ocrx_word' id='word_1_318' title='bbox 1326 2597 1367 2624; x_wconf 86' lang='lat' dir='ltr'>ib.</span> <span class='ocrx_word' id='word_1_319' title='bbox 1388 2598 1433 2624; x_wconf 83' lang='lat' dir='ltr'>A:</span> <span class='ocrx_word' id='word_1_320' title='bbox 1459 2597 1514 2625; x_wconf 71' lang='lat' dir='ltr'>sed</span> <span class='ocrx_word' id='word_1_321' title='bbox 1533 2600 1580 2629; x_wconf 72' lang='lat' dir='ltr'>et,-</span> 
     </span>
     <span class='ocr_line' id='line_1_42' title="bbox 267 2632 1580 2668; baseline 0 -8"><span class='ocrx_word' id='word_1_322' title='bbox 267 2633 309 2660; x_wconf 75' lang='lat' dir='ltr'>H:</span> <span class='ocrx_word' id='word_1_323' title='bbox 326 2633 420 2660; x_wconf 77' lang='lat' dir='ltr'>eciam</span> <span class='ocrx_word' id='word_1_324' title='bbox 436 2633 529 2659; x_wconf 76' lang='lat' dir='ltr'>deest.</span> <span class='ocrx_word' id='word_1_325' title='bbox 586 2635 612 2660; x_wconf 70' lang='grc' dir='ltr'>ὅ.</span> <span class='ocrx_word' id='word_1_326' title='bbox 628 2633 670 2660; x_wconf 84' lang='lat' dir='ltr'>D:</span> <span class='ocrx_word' id='word_1_327' title='bbox 686 2632 739 2660; x_wconf 84' lang='lat' dir='ltr'>hec</span> <span class='ocrx_word' id='word_1_328' title='bbox 753 2633 857 2665; x_wconf 76' lang='lat' dir='ltr'>debet:</span> <span class='ocrx_word' id='word_1_329' title='bbox 879 2633 919 2660; x_wconf 87' lang='lat' dir='ltr'>ib.</span> <span class='ocrx_word' id='word_1_330' title='bbox 934 2633 956 2660; x_wconf 83' lang='lat' dir='ltr'>D</span> <span class='ocrx_word' id='word_1_331' title='bbox 970 2633 999 2660; x_wconf 87' lang='lat' dir='ltr'>in</span> <span class='ocrx_word' id='word_1_332' title='bbox 1016 2641 1130 2667; x_wconf 54' lang='lat' dir='ltr'>marg:</span> <span class='ocrx_word' id='word_1_333' title='bbox 1146 2634 1175 2659; x_wconf 63' lang='grc' dir='ltr'>ὁ.</span> <span class='ocrx_word' id='word_1_334' title='bbox 1234 2641 1274 2659; x_wconf 84' lang='grc' dir='ltr'>ιο.</span> <span class='ocrx_word' id='word_1_335' title='bbox 1291 2632 1333 2659; x_wconf 87' lang='lat' dir='ltr'>H:</span> <span class='ocrx_word' id='word_1_336' title='bbox 1351 2632 1528 2668; x_wconf 78' lang='lat' dir='ltr'>conformes</span> <span class='ocrx_word' id='word_1_337' title='bbox 1541 2636 1580 2660; x_wconf 75' lang='lat' dir='ltr'>et.</span> 
     </span>
     <span class='ocr_line' id='line_1_43' title="bbox 266 2667 1581 2703; baseline -0.002 -7"><span class='ocrx_word' id='word_1_338' title='bbox 266 2676 300 2696; x_wconf 81' lang='grc' dir='ltr'>ιι.</span> <span class='ocrx_word' id='word_1_339' title='bbox 318 2670 361 2695; x_wconf 61' lang='lat' dir='ltr'>A:</span> <span class='ocrx_word' id='word_1_340' title='bbox 383 2676 441 2703; x_wconf 79' lang='lat' dir='ltr'>que</span> <span class='ocrx_word' id='word_1_341' title='bbox 459 2670 549 2700; x_wconf 77' lang='lat' dir='ltr'>su11t,·</span> <span class='ocrx_word' id='word_1_342' title='bbox 568 2668 607 2694; x_wconf 89' lang='lat' dir='ltr'>ib.</span> <span class='ocrx_word' id='word_1_343' title='bbox 625 2667 668 2695; x_wconf 77' lang='lat' dir='ltr'>H:</span> <span class='ocrx_word' id='word_1_344' title='bbox 690 2670 723 2694; x_wconf 85' lang='lat' dir='ltr'>ut</span> <span class='ocrx_word' id='word_1_345' title='bbox 745 2668 876 2699; x_wconf 63' lang='lat' dir='ltr'>vlmzete:</span> <span class='ocrx_word' id='word_1_346' title='bbox 895 2668 934 2695; x_wconf 86' lang='lat' dir='ltr'>ib.</span> <span class='ocrx_word' id='word_1_347' title='bbox 952 2669 995 2695; x_wconf 84' lang='lat' dir='ltr'>A:</span> <span class='ocrx_word' id='word_1_348' title='bbox 1018 2668 1161 2694; x_wconf 71' lang='grc' dir='ltr'>ι’ίαίονσε.</span> <span class='ocrx_word' id='word_1_349' title='bbox 1237 2674 1274 2694; x_wconf 82' lang='lat'>12.</span> <span class='ocrx_word' id='word_1_350' title='bbox 1292 2667 1332 2694; x_wconf 90' lang='lat' dir='ltr'>D:</span> <span class='ocrx_word' id='word_1_351' title='bbox 1355 2667 1581 2694; x_wconf 74' lang='lat' dir='ltr'>unwersitatem</span> 
     </span>
     <span class='ocr_line' id='line_1_44' title="bbox 269 2701 1578 2737; baseline 0 -8"><span class='ocrx_word' id='word_1_352' title='bbox 269 2703 333 2730; x_wconf 74' lang='lat' dir='ltr'>sive</span> <span class='ocrx_word' id='word_1_353' title='bbox 353 2703 523 2729; x_wconf 82' lang='lat' dir='ltr'>veritatem.</span> <span class='ocrx_word' id='word_1_354' title='bbox 592 2701 634 2729; x_wconf 82' lang='lat'>23.</span> <span class='ocrx_word' id='word_1_355' title='bbox 656 2702 699 2729; x_wconf 91' lang='lat' dir='ltr'>H:</span> <span class='ocrx_word' id='word_1_356' title='bbox 742 2702 905 2729; x_wconf 76' lang='lat' dir='ltr'>abebz&#39;mus.</span> <span class='ocrx_word' id='word_1_357' title='bbox 980 2702 1025 2729; x_wconf 78' lang='lat'>26.</span> <span class='ocrx_word' id='word_1_358' title='bbox 1042 2703 1085 2729; x_wconf 80' lang='lat' dir='ltr'>A:</span> <span class='ocrx_word' id='word_1_359' title='bbox 1108 2701 1171 2729; x_wconf 80' lang='lat' dir='ltr'>Sed</span> <span class='ocrx_word' id='word_1_360' title='bbox 1190 2710 1300 2732; x_wconf 53' lang='lat' dir='ltr'>consen</span> <span class='ocrx_word' id='word_1_361' title='bbox 1320 2701 1360 2728; x_wconf 87' lang='lat' dir='ltr'>ib.</span> <span class='ocrx_word' id='word_1_362' title='bbox 1376 2702 1401 2729; x_wconf 88' lang='lat' dir='ltr'>D</span> <span class='ocrx_word' id='word_1_363' title='bbox 1418 2702 1447 2729; x_wconf 86' lang='lat' dir='ltr'>in</span> <span class='ocrx_word' id='word_1_364' title='bbox 1464 2710 1578 2737; x_wconf 58' lang='lat' dir='ltr'>marg:</span> 
     </span>
     <span class='ocr_line' id='line_1_45' title="bbox 266 2735 1578 2772; baseline 0 -8"><span class='ocrx_word' id='word_1_365' title='bbox 266 2738 312 2764; x_wconf 74' lang='lat' dir='ltr'>De</span> <span class='ocrx_word' id='word_1_366' title='bbox 335 2744 412 2772; x_wconf 77' lang='lat' dir='ltr'>pace</span> <span class='ocrx_word' id='word_1_367' title='bbox 438 2736 540 2763; x_wconf 68' lang='lat' dir='ltr'>danda</span> <span class='ocrx_word' id='word_1_368' title='bbox 561 2740 632 2764; x_wconf 70' lang='lat' dir='ltr'>ante</span> <span class='ocrx_word' id='word_1_369' title='bbox 658 2738 909 2764; x_wconf 83' lang='lat' dir='ltr'>communionem.</span> <span class='ocrx_word' id='word_1_370' title='bbox 1007 2744 1050 2764; x_wconf 67' lang='lat'>2‘.</span> <span class='ocrx_word' id='word_1_371' title='bbox 1073 2737 1116 2763; x_wconf 75' lang='lat' dir='ltr'>A:</span> <span class='ocrx_word' id='word_1_372' title='bbox 1146 2735 1285 2764; x_wconf 69' lang='lat' dir='ltr'>videlz&#39;ce:</span> <span class='ocrx_word' id='word_1_373' title='bbox 1311 2737 1412 2765; x_wconf 79' lang='lat' dir='ltr'>deest:</span> <span class='ocrx_word' id='word_1_374' title='bbox 1441 2737 1480 2764; x_wconf 89' lang='lat' dir='ltr'>ib.</span> <span class='ocrx_word' id='word_1_375' title='bbox 1504 2737 1527 2763; x_wconf 85' lang='lat' dir='ltr'>l)</span> <span class='ocrx_word' id='word_1_376' title='bbox 1550 2737 1578 2764; x_wconf 85' lang='lat' dir='ltr'>in</span> 
     </span>
    </p>
   </div>
   <div class='ocr_carea' id='block_1_15' title="bbox 265 2761 1578 2834">
    <p class='ocr_par' dir='ltr' id='par_1_15' title="bbox 265 2761 1578 2834">
     <span class='ocr_line' id='line_1_46' title="bbox 265 2761 1578 2834; baseline 0 -36"><span class='ocrx_word' id='word_1_377' title='bbox 265 2780 380 2834; x_wconf 52' lang='grc' dir='ltr'>ἓῃει-ξῑι..</span> <span class='ocrx_word' id='word_1_378' title='bbox 414 2771 479 2833; x_wconf 51' lang='lat' dir='ltr'>§ax</span> <span class='ocrx_word' id='word_1_379' title='bbox 506 2771 628 2832; x_wconf 64' lang='lat' dir='ltr'>ttriplex.</span> <span class='ocrx_word' id='word_1_380' title='bbox 772 2779 819 2807; x_wconf 86' lang='lat'>29.</span> <span class='ocrx_word' id='word_1_381' title='bbox 851 2771 893 2798; x_wconf 87' lang='lat' dir='ltr'>D:</span> <span class='ocrx_word' id='word_1_382' title='bbox 927 2772 979 2798; x_wconf 78' lang='lat' dir='ltr'>ille</span> <span class='ocrx_word' id='word_1_383' title='bbox 1010 2761 1088 2798; x_wconf 49' lang='lat' dir='ltr'>olrdO</span> <span class='ocrx_word' id='word_1_384' title='bbox 1122 2774 1183 2803; x_wconf 45' lang='grc' dir='ltr'>σεμ-</span> <span class='ocrx_word' id='word_1_385' title='bbox 1215 2771 1255 2798; x_wconf 88' lang='lat' dir='ltr'>ib.</span> <span class='ocrx_word' id='word_1_386' title='bbox 1286 2771 1329 2798; x_wconf 74' lang='lat' dir='ltr'>A:</span> <span class='ocrx_word' id='word_1_387' title='bbox 1364 2771 1453 2798; x_wconf 72' lang='lat' dir='ltr'>huius</span> <span class='ocrx_word' id='word_1_388' title='bbox 1484 2771 1578 2799; x_wconf 82' lang='lat' dir='ltr'>deest.</span> 
     </span>
     <span class='ocr_line' id='line_1_47' title="bbox 284 2814 528 2833; baseline -0.008 0"><span class='ocrx_word' id='word_1_389' title='bbox 284 2814 309 2833; x_wconf 71' lang='lat'>2.</span> <span class='ocrx_word' id='word_1_390' title='bbox 368 2816 373 2833; x_wconf 88' lang='lat'>:</span> <span class='ocrx_word' id='word_1_391' title='bbox 395 2815 413 2833; x_wconf 86' lang='lat' dir='ltr'>n</span> <span class='ocrx_word' id='word_1_392' title='bbox 438 2815 455 2832; x_wconf 87' lang='lat' dir='ltr'><em>n</em></span> <span class='ocrx_word' id='word_1_393' title='bbox 477 2814 506 2833; x_wconf 76' lang='lat' dir='ltr'>es</span> <span class='ocrx_word' id='word_1_394' title='bbox 524 2827 528 2831; x_wconf 95' lang='lat'>.</span> 
     </span>
    </p>
   </div>
   <div class='ocr_carea' id='block_1_16' title="bbox 338 2876 1310 2919">
    <p class='ocr_par' dir='ltr' id='par_1_16' title="bbox 338 2876 1310 2919">
     <span class='ocr_line' id='line_1_48' title="bbox 338 2876 1310 2919; baseline -0.001 -10"><span class='ocrx_word' id='word_1_395' title='bbox 338 2887 389 2909; x_wconf 81' lang='lat'>22.</span> <span class='ocrx_word' id='word_1_396' title='bbox 416 2879 507 2909; x_wconf 82' lang='lat' dir='ltr'>Rom</span> <span class='ocrx_word' id='word_1_397' title='bbox 533 2878 602 2917; x_wconf 82' lang='lat' dir='ltr'>XII,</span> <span class='ocrx_word' id='word_1_398' title='bbox 634 2876 683 2909; x_wconf 82' lang='lat'>18.</span> <span class='ocrx_word' id='word_1_399' title='bbox 781 2879 833 2918; x_wconf 76' lang='lat'>32,</span> <span class='ocrx_word' id='word_1_400' title='bbox 862 2879 914 2910; x_wconf 77' lang='lat'>33.</span> <span class='ocrx_word' id='word_1_401' title='bbox 942 2878 993 2909; x_wconf 88' lang='lat' dir='ltr'>Cf.</span> <span class='ocrx_word' id='word_1_402' title='bbox 1018 2879 1144 2910; x_wconf 82' lang='lat' dir='ltr'>Jerem.</span> <span class='ocrx_word' id='word_1_403' title='bbox 1171 2878 1226 2917; x_wconf 89' lang='lat' dir='ltr'>VI⁷</span> <span class='ocrx_word' id='word_1_404' title='bbox 1259 2888 1310 2919; x_wconf 82' lang='lat'>14.</span> 
     </span>
    </p>
   </div>
   <div class='ocr_carea' id='block_1_17' title="bbox 1626 395 1816 431">
    <p class='ocr_par' dir='ltr' id='par_1_17' title="bbox 1626 395 1816 431">
     <span class='ocr_line' id='line_1_49' title="bbox 1626 395 1816 431; baseline -0.011 -7"><span class='ocrx_word' id='word_1_405' title='bbox 1626 397 1711 424; x_wconf 81' lang='lat' dir='ltr'>sun&#39;s</span> <span class='ocrx_word' id='word_1_406' title='bbox 1732 395 1816 431; x_wconf 76' lang='lat' dir='ltr'>light.</span> 
     </span>
    </p>
   </div>
   <div class='ocr_carea' id='block_1_18' title="bbox 1597 650 1859 749">
    <p class='ocr_par' dir='ltr' id='par_1_18' title="bbox 1597 650 1859 749">
     <span class='ocr_line' id='line_1_50' title="bbox 1597 650 1859 679; baseline -0.004 -1"><span class='ocrx_word' id='word_1_407' title='bbox 1597 651 1639 679; x_wconf 82' lang='lat' dir='ltr'>So</span> <span class='ocrx_word' id='word_1_408' title='bbox 1662 652 1728 678; x_wconf 84' lang='lat' dir='ltr'>love</span> <span class='ocrx_word' id='word_1_409' title='bbox 1749 650 1859 678; x_wconf 84' lang='lat' dir='ltr'>should</span> 
     </span>
     <span class='ocr_line' id='line_1_51' title="bbox 1634 686 1819 713; baseline -0.005 0"><span class='ocrx_word' id='word_1_410' title='bbox 1634 687 1669 713; x_wconf 83' lang='lat' dir='ltr'>be</span> <span class='ocrx_word' id='word_1_411' title='bbox 1689 686 1819 713; x_wconf 78' lang='lat' dir='ltr'>diffused</span> 
     </span>
     <span class='ocr_line' id='line_1_52' title="bbox 1638 721 1819 749; baseline -0.011 0"><span class='ocrx_word' id='word_1_412' title='bbox 1638 721 1718 749; x_wconf 83' lang='lat' dir='ltr'>from</span> <span class='ocrx_word' id='word_1_413' title='bbox 1740 728 1819 748; x_wconf 83' lang='lat' dir='ltr'>men.</span> 
     </span>
    </p>
   </div>
   <div class='ocr_carea' id='block_1_19' title="bbox 1603 1811 1852 1979">
    <p class='ocr_par' dir='ltr' id='par_1_19' title="bbox 1603 1811 1852 1979">
     <span class='ocr_line' id='line_1_53' title="bbox 1603 1811 1852 1846; baseline 0 -8"><span class='ocrx_word' id='word_1_414' title='bbox 1603 1811 1687 1839; x_wconf 83' lang='lat' dir='ltr'>Need</span> <span class='ocrx_word' id='word_1_415' title='bbox 1709 1811 1743 1838; x_wconf 87' lang='lat' dir='ltr'>os</span> <span class='ocrx_word' id='word_1_416' title='bbox 1761 1819 1852 1846; x_wconf 85' lang='lat' dir='ltr'>peace</span> 
     </span>
     <span class='ocr_line' id='line_1_54' title="bbox 1622 1846 1842 1877; baseline -0.005 -3"><span class='ocrx_word' id='word_1_417' title='bbox 1622 1855 1642 1874; x_wconf 84' lang='lat'>1.</span> <span class='ocrx_word' id='word_1_418' title='bbox 1664 1846 1738 1874; x_wconf 78' lang='lat' dir='ltr'>with</span> <span class='ocrx_word' id='word_1_419' title='bbox 1760 1846 1842 1877; x_wconf 80' lang='lat' dir='ltr'>God,</span> 
     </span>
     <span class='ocr_line' id='line_1_55' title="bbox 1670 1881 1792 1909; baseline -0.008 0"><span class='ocrx_word' id='word_1_420' title='bbox 1670 1889 1695 1909; x_wconf 80' lang='grc'>2.</span> <span class='ocrx_word' id='word_1_421' title='bbox 1717 1881 1792 1908; x_wconf 71' lang='lat' dir='ltr'>with</span> 
     </span>
     <span class='ocr_line' id='line_1_56' title="bbox 1651 1917 1821 1951; baseline 0 -8"><span class='ocrx_word' id='word_1_422' title='bbox 1651 1917 1821 1951; x_wconf 83' lang='lat' dir='ltr'>ourselves‚</span> 
     </span>
     <span class='ocr_line' id='line_1_57' title="bbox 1616 1950 1842 1979; baseline -0.009 0"><span class='ocrx_word' id='word_1_423' title='bbox 1616 1950 1640 1979; x_wconf 78' lang='lat'>3.</span> <span class='ocrx_word' id='word_1_424' title='bbox 1664 1951 1739 1979; x_wconf 81' lang='lat' dir='ltr'>with</span> <span class='ocrx_word' id='word_1_425' title='bbox 1760 1959 1842 1978; x_wconf 90' lang='lat' dir='ltr'>man.</span> 
     </span>
    </p>
   </div>
  </div>
 </body>
</html>
