2062 3276
152 1304 252 1332 Three
273 1313 357 1340 ways
379 1305 407 1331 in

144 1340 242 1367 which
265 1347 321 1366 our
344 1339 416 1366 saith

178 1375 204 1401 is
225 1375 382 1400 dett-crim.

704 273 926 304 JOHANNIS
945 272 1129 304 WYCLIF
1149 273 1404 304 SERMONUM
1427 259 1578 316 [SERMO
1600 270 1739 298 XXVII!-

429 388 501 412 nec
535 377 684 425 fulgent
718 377 911 414 miracula
946 387 986 414 ut
1019 378 1058 414 in
1083 378 1284 426 primitiva
1318 379 1497 425 ecelesia,
1532 378 1622 414 ideo
1654 392 1735 414 non

431 443 580 470 restant
620 435 693 471 nisi
735 437 814 471 duo
854 435 1131 483 principaliter
1171 436 1375 472 inductiva
1408 438 1456 472 ad
1491 438 1738 484 sequendum

430 491 578 528 Christi
600 492 780 541 vestigia,
815 493 966 529 scilicet
1000 493 1258 530 conversacio
1292 507 1456 530 suorum
1484 495 1738 530 sacerdotum

430 558 466 585 et
505 550 705 598 scriptura
750 563 863 587 sacra
903 564 979 599 que
1019 560 1075 587 est
1109 551 1257 588 Christi
1304 560 1602 588 testamentum.
1649 553 1740 587 Ideo

430 607 538 643 illam
573 617 760 644 tenentur
792 621 931 645 omnes
965 609 1173 646 christiani
1206 611 1278 645 sub
1314 623 1416 657 pena
1449 609 1601 657 peccati
1638 612 1775 645 mor-5

429 665 518 701 talis
552 665 716 711 discere,
751 678 908 702 servare
942 675 1061 714 atque
1095 667 1319 704 defendere.
1355 670 1396 703 In
1429 667 1513 715 ipsa
1547 667 1652 703 enim
1685 675 1742 702 est

429 735 534 770 aqua
568 723 767 771 sapiencie
806 737 876 772 per
915 737 1035 772 quam
1076 737 1291 772 possumus
1331 725 1461 761 iacula
1496 724 1643 761 diaboli
1679 737 1741 760 ex-

428 780 624 828 tinguere,
665 791 707 817 ut
746 790 855 829 patet
888 782 1055 818 Matthei
1088 784 1158 818 [vo
1193 784 1240 819 de
1274 782 1422 830 triplici
1459 782 1741 819 confutacione

430 838 578 874 diaboli
618 851 687 886 per
726 839 967 887 scripturam
1015 853 1183 877 sacram.
1232 842 1470 876 Sacerdotes
1516 849 1650 877 autem
1690 841 1740 876 ad

430 897 505 932 hoc
551 896 707 932 discunt
748 906 785 933 et
826 898 971 933 docent
1016 897 1257 945 scripturam
1298 911 1453 934 sacram
1494 907 1536 934 ut
1575 897 1801 934 ecclesiam

431 963 646 1001 cognoscat
692 955 1043 992 conversacionem
1079 954 1225 992 Christi
1259 964 1296 991 et
1335 964 1441 992 amet
1481 968 1591 1001 eum3
1636 956 1742 991 unde

430 1021 466 1047 et
491 1012 565 1048 ista
589 1021 646 1048 est
671 1025 789 1049 causa
820 1013 1011 1061 precipua
1044 1025 1167 1061 quare
1201 1015 1427 1050 sacerdotes
1451 1014 1666 1059 celebrant,
1700 1022 1742 1048 ut

430 1070 608 1106 recolant
630 1080 924 1118 paupertatem,
959 1070 1186 1118 passionem
1212 1079 1248 1107 et
1272 1071 1547 1108 ascensionem
1574 1070 1741 1112 Christi:

432 1137 467 1164 et
507 1127 598 1164 hinc
644 1128 782 1164 dicunt
821 1128 861 1164 in
902 1129 978 1164 fine
1024 1128 1292 1165 confeccionis
1338 1129 1455 1165 huius
1500 1128 1741 1165 sacramenti

432 1198 474 1221 ex
522 1185 793 1223 instruccione
840 1186 1016 1222 eiusdem
1063 1186 1250 1222 Domini:
1307 1188 1392 1223 Hoc
1443 1187 1799 1236 quocz'escztnque15

421 1245 602 1292 feceritis
634 1245 670 1280 in
703 1244 779 1280 mei
809 1245 1035 1280 memoriam
1057 1245 1231 1293 facietis.

492 1303 573 1338 Hec
608 1314 702 1349 ergo
736 1302 935 1349 scriptura
970 1311 1026 1338 est
1061 1302 1157 1338 fides
1179 1315 1259 1338 una
1284 1310 1320 1338 et
1344 1303 1483 1338 eadem
1509 1302 1548 1338 in
1572 1311 1742 1350 utraque

434 1359 613 1406 ecclesia,
648 1372 724 1408 que
748 1369 805 1396 est
828 1369 983 1396 scutum
1018 1359 1263 1396 tutissimum
1290 1369 1430 1396 contra
1453 1360 1589 1396 onmia
1613 1359 1742 1396 iacula

433 1417 599 1463 inimici,
634 1431 710 1465 que
743 1418 888 1454 format
921 1418 960 1453 in
995 1418 1108 1454 nobis
1143 1418 1263 1454 fidem
1288 1431 1365 1466 qua
1389 1418 1588 1454 credimus
1614 1427 1650 1454 et
1674 1430 1744 1465 per

433 1488 553 1523 quam
595 1475 806 1511 credimus.
855 1477 931 1511 Sed
973 1476 1043 1512 hec
1083 1475 1180 1511 fides
1220 1475 1354 1512 deficit
1396 1476 1513 1512 hodie
1551 1476 1590 1512 in
1631 1475 1744 1511 nobis
1762 1489 1804 1510 20

432 1533 662 1580 tripliciter:
703 1532 833 1581 primo
873 1533 1023 1570 scilicet
1062 1543 1217 1570 scutum
1260 1534 1350 1570 fidei
1391 1533 1556 1570 omnino
1589 1534 1648 1570 vel
1687 1546 1744 1569 se—

433 1592 608 1627 cundum
643 1591 862 1639 plurimum
896 1591 936 1626 in
971 1591 1105 1627 multis
1139 1595 1262 1637 abest,
1296 1601 1339 1627 ut
1372 1600 1481 1639 patet
1505 1593 1552 1627 de
1575 1590 1744 1627 infideli-

434 1650 505 1684 bus
540 1657 646 1685 extra
680 1648 1036 1686 christianismum.
1082 1651 1130 1685 Et
1163 1649 1218 1685 illi
1251 1658 1342 1685 sunt
1382 1649 1548 1686 omnino
1587 1648 1744 1685 accensi

434 1706 573 1742 iaculis
618 1706 807 1743 hostium.
854 1707 1026 1743 Secundi
1065 1720 1158 1743 vero
1197 1707 1288 1743 licet
1338 1708 1509 1744 habeant
1556 1719 1742 1755 magnam

434 1773 587 1811 partem
608 1764 712 1800 illius
731 1764 831 1800 scuti
851 1764 1062 1812 integram,
1082 1773 1218 1801 tamen
1236 1765 1361 1801 multa
1378 1766 1526 1801 habent
1545 1764 1742 1801 foramina
1761 1771 1801 1802 25

433 1822 609 1858 defectus
643 1822 755 1863 fidei2
790 1822 829 1857 in
863 1822 1006 1870 quibus
1040 1835 1120 1858 non
1144 1823 1263 1859 refert
1288 1832 1483 1871 quantum
1509 1824 1557 1859 ad
1583 1823 1740 1858 letalem

433 1879 555 1915 ictum
588 1880 720 1925 iaculi,
755 1881 863 1927 quod
887 1880 1052 1916 omnino
1078 1890 1239 1917 careant
1262 1890 1374 1917 scuto
1399 1880 1504 1926 fidei,
1537 1880 1611 1916 nisi
1636 1881 1743 1928 quod

433 1937 592 1984 gravius
616 1947 653 1974 et
686 1937 984 1985 dampnabilius
1018 1947 1184 1985 peccant
1218 1952 1337 1987 quam
1364 1938 1508 1986 pagani
1534 1950 1577 1974 ex
1602 1937 1742 1974 maiori

433 1995 683 2042 obliga-:ione
716 2004 752 2031 et
786 1995 1092 2043 ingratitudine:
1127 1995 1182 2032 sic
1216 1996 1320 2032 enim
1355 1996 1498 2044 sagitta
1522 1997 1580 2032 vel
1605 1996 1743 2032 lancea

434 2053 640 2100 perforans
685 2062 882 2089 scutatum
928 2066 1054 2101 usque
1087 2055 1137 2090 ad
1177 2067 1245 2089 cor
1285 2067 1374 2090 cum
1421 2062 1535 2090 scuto
1581 2053 1741 2089 affixum
1761 2060 1802 2092 3¹0

433 2111 521 2158 plus
555 2120 671 2147 nocet
705 2124 825 2159 quam
860 2110 891 2146 si
916 2111 971 2146 sic
996 2111 1219 2158 perforatus
1242 2125 1324 2148 non
1348 2112 1448 2148 foret
1471 2111 1526 2147 sic
1550 2120 1740 2147 armatus.

432 2168 562 2204 Tercii
595 2181 688 2205 vero
721 2177 812 2204 sunt
846 2168 899 2204 hii
934 2168 1001 2216 qui
1035 2169 1125 2205 licet
1166 2171 1339 2205 habeant
1372 2178 1527 2205 scutum
1562 2168 1652 2204 fidei
1687 2168 1743 2203 in-

433 2235 602 2272 tegrum,
641 2236 777 2262 tamen
817 2225 936 2262 nimis
977 2226 1185 2262 remissum
1226 2228 1285 2263 vel
1324 2237 1461 2271 tenue3
1501 2226 1590 2262 ideo
1630 2239 1742 2273 roga-

433 2293 573 2320 verunt
613 2283 784 2331 apostoli
824 2285 1018 2334 adaugeri
1053 2285 1124 2320 sibi
1149 2285 1286 2334 fidem.
1324 2285 1440 2321 Tales
1480 2293 1613 2320 autem
1653 2292 1743 2319 sunt

434 2341 500 2389 qui
535 2350 698 2389 propter
730 2354 841 2389 spem
874 2342 934 2377 vel
968 2341 1225 2378 affeccionem
1260 2342 1544 2390 temporalium
1569 2341 1743 2377 titubant
1761 2347 1800 2380 35

434 2399 472 2434 in
515 2399 604 2445 side,
646 2400 836 2435 hahentes
875 2408 956 2436 tam
997 2408 1109 2436 actus
1148 2413 1268 2448 quam
1310 2400 1466 2436 habitus
1507 2399 1743 2436 commixtos

505 2554 529 2574 2.
551 2548 594 2574 A:
617 2548 773 2574 indictiva.
847 2547 871 2575 5.
895 2547 937 2575 G:
959 2548 1024 2575 illa.
1092 2546 1118 2574 8.
1141 2547 1184 2575 H:
1206 2548 1314 2575 Mam.
1343 2548 1412 2575 ῑἸΙΙ.
1481 2555 1509 2581 ς).
1533 2547 1555 2574 Ι)
1578 2548 1607 2574 in
1629 2555 1742 2581 marg:

437 2581 540 2614 Quare
552 2583 727 2609 sacerdotes
741 2582 894 2609 celebrant
902 2591 961 2617 per
973 2582 1028 2609 lzec
1041 2582 1147 2618 signa.
1206 2581 1243 2609 13.
1260 2584 1286 2609 Α
1299 2593 1304 2609 :
1316 2585 1544 2618 paupertatum,
1555 2582 1742 2617 passionum.

436 2625 477 2647 ιι.
501 2616 542 2643 l›:
571 2617 780 2677 unget-cimas
799 2617 893 2643 deest.
969 2617 1004 2644 15.
1027 2617 1069 2644 D:
1091 2625 1128 2643 ex
1148 2617 1355 2644 inxlitzcciotw.
1438 2625 1476 2651 17.
1499 2617 1539 2644 1³:
1561 2617 1628 2643 Hoc
1646 2624 1743 2651 ergo:

435 2651 474 2677 ib.
498 2650 540 2677 l›:
561 2651 590 2677 in
635 2655 706 2677 cest.
777 2659 817 2686 ις).
839 2651 881 2678 H:
903 2652 1022 2678 inimici
1039 2652 1138 2680 deest:
1159 2651 1199 2678 ib.
1222 2651 1265 2678 H:
1285 2660 1366 2686 spem
1386 2659 1456 2687 qua.
1521 2659 1567 2678 20.
1590 2651 1631 2678 D:
1653 2650 1744 2677 hodie

435 2685 529 2711 deest.
638 2693 676 2712 21.
700 2685 801 2713 AnG:
823 2687 939 2713 scilicet
958 2686 1053 2713 deest.
1161 2686 1202 2713 25.
1224 2686 1267 2713 H:
1295 2687 1402 2716 {lx-lius,-
1428 2686 1467 2712 ib.
1491 2686 1533 2712 b:
1561 2693 1625 2712 cum
1646 2685 1742 2712 mulli.

435 2728 478 2753 27.
502 2719 544 2746 Η;
575 2720 666 2747 ritum
687 2721 791 2747 iaculi.
905 2721 951 2751 215,
973 2728 1016 2755 27.
1040 2720 1082 2747 H:
1109 2720 1228 2747 lelalem
1250 2721 1349 2747 ritum.
1463 2720 1502 2747 ji.
1524 2720 1569 2747 H:
1595 2720 1623 2746 ,ei
1642 2720 1742 2749 deest:

435 2755 474 2780 ib.
497 2754 686 2788 H:‚s'111'.‹·set.
759 2754 802 2782 32.
824 2754 899 2782 AG:
928 2755 973 2781 lm·
991 2755 1084 2782 deest.
1158 2754 1203 2781 313.
1226 2755 1268 2781 H:
1296 2755 1413 2782 mixtos.

511 2837 558 2870 15,
588 2837 700 2868 Lucae
726 2838 825 2870 xxti.
851 2848 904 2880 ¹9³
932 2838 954 2870 Ι.
982 2838 1060 2869 Cor.
1086 2837 1140 2871 XI,
1169 2847 1220 2874 24..
1347 2848 1394 2879 17.
1423 2837 1473 2870 Cf.
1502 2839 1610 2868 Serui.
1638 2837 1659 2876 Ι,
1687 2839 1740 2879 89,

437 2884 488 2921 ΙΙΙ,
513 2886 591 2923 480.
689 2885 740 2924 34.
772 2885 883 2914 Lucae
910 2884 1011 2922 XVII,
1042 2883 1070 2914 5.
