2062 3276
246 255 382 284 SERMO
403 246 499 305 xm]
727 262 918 301 QUARTA
947 264 1073 298 PARs,

245 364 460 413 privilegiis
492 365 717 415 insignitus,
752 369 845 417 quia
879 371 1038 406 Psalmo
1073 373 1280 418 CXLVII0,
1307 383 1357 410 20
1391 374 1556 412 dicitur:

245 422 331 459 Non
343 424 444 472 fecit
466 425 597 461 taliter
613 427 718 462 omni
737 427 888 463 nacioni
907 435 941 463 et
959 428 1098 465 iudicia
1117 442 1185 466 sua
1206 443 1277 466 non
1298 432 1559 481 manifestavit

244 480 317 525 eis;
361 482 408 517 de
447 481 523 519 ista
555 483 751 532 (inquam)
783 494 898 533 gente
932 488 1037 522 Deus
1082 488 1313 525 eternaliter
1357 490 1558 527 ordinavit

243 550 358 574 suum
394 539 518 576 filium
553 541 767 578 incarnari.
802 544 849 579 Et
882 543 957 580 ista
979 557 1074 592 gens
1097 545 1226 594 signat
1252 546 1406 584 mistice
1428 557 1555 585 totam

210 596 452 634 5ecclesiam
509 598 762 637 militantem.
817 602 909 637 Ideo
963 602 1059 638 dicit
1110 604 1291 652 predicta
1343 605 1556 654 Sapiencia

243 656 351 702 quod
386 656 577 692 radicavit
609 658 645 693 in
671 659 819 708 populo
852 660 1120 710 honorificato,
1161 663 1236 699 hoc
1270 672 1341 710 est,
1374 664 1414 700 in
1447 664 1554 701 dicta

241 713 423 758 ecclesia,
469 726 560 750 cum
594 717 742 752 nedum
777 716 850 753 fuit
883 717 1093 755 incarnata
1137 719 1177 756 in
1221 720 1307 769 ipsa
1345 730 1553 770 tamquam

240 772 438 808 secundus
470 773 614 820 Adam,
659 774 803 811 tollens
848 776 1191 823 prevaricanciam
1239 779 1360 827 primi
1404 781 1554 827 Adam3

239 830 308 865 sed
355 831 502 867 multos
546 832 735 879 produxit
778 834 965 881 palmites
1013 848 1112 883 quos
1158 835 1197 872 in
1242 836 1329 885 ipsa
1373 837 1451 874 vite
1495 840 1556 875 vel

186 901 224 921 10
239 885 375 934 stipite
409 888 615 926 radicavit.
656 891 704 925 Et
737 892 836 928 bene
868 901 1036 928 vocatur
1069 893 1143 930 ista
1177 895 1346 932 ecclesia
1385 898 1556 945 populus

238 944 528 996 honorificatus,
561 959 650 984 curn
685 948 852 985 inicium
886 951 1035 986 summi
1069 952 1235 989 honoris
1268 952 1469 990 infinitum
1493 967 1555 991 ex—

239 1004 384 1040 cedens
417 1017 580 1042 omnem
614 1007 810 1043 honorem
846 1011 1095 1046 mundanum
1142 1010 1191 1046 sit
1238 1012 1368 1048 honor
1412 1014 1553 1060 prede-

236 1060 485 1109 stinacionis‚
520 1072 556 1099 et
589 1064 784 1101 hereditas
816 1066 920 1102 illius
966 1067 1133 1104 ecclesie
1179 1076 1255 1104 stat
1287 1069 1389 1106 inter
1415 1078 1554 1120 partes

235 1119 314 1155 Dei
343 1120 433 1167 mei,
467 1134 549 1158 non
581 1123 711 1159 solum
746 1123 841 1172 quia
875 1125 1008 1162 clerici
1043 1127 1189 1162 debent
1223 1128 1271 1163 de
1301 1128 1468 1165 decimis
1492 1130 1553 1165 vel

182 1181 218 1213 15
235 1177 515 1215 oblacionibus
562 1193 637 1229 que
683 1190 774 1217 sunt
819 1192 953 1230 partes
988 1184 1150 1220 Domini
1196 1187 1436 1232 contentari,
1483 1189 1552 1223 sed

234 1235 370 1273 omnia
402 1238 611 1286 supposita
645 1239 855 1276 militantis
889 1242 1054 1278 ecclesie
1078 1251 1169 1279 sunt
1195 1245 1377 1281 membra
1402 1245 1552 1281 Christi

234 1302 270 1329 et
302 1306 373 1342 per
406 1308 654 1345 consequens
687 1307 820 1345 partes
845 1299 928 1336 Dei.
964 1302 1012 1336 Et
1044 1300 1100 1337 ita
1133 1301 1208 1337 ista
1240 1303 1360 1339 verba
1384 1312 1552 1350 possunt

232 1350 273 1387 in
295 1364 467 1399 persona
490 1355 761 1392 Ecclesiastici
785 1356 881 1393 satis
905 1357 1087 1406 intelligi,
1122 1358 1214 1396 licet
1237 1359 1313 1396 ista
1337 1361 1552 1409 Sapiencia

232 1421 324 1458 sepe
347 1420 461 1448 vocet
484 1413 717 1449 humanitus
734 1416 861 1451 Deum
886 1429 1002 1452 suum
1027 1419 1084 1461 (ut
1100 1426 1210 1465 patet
1226 1418 1550 1470 Matthsxvll).

174 1481 216 1503 20
231 1469 308 1504 Ista
342 1469 467 1506 eciam
504 1470 718 1519 Sapiencia
757 1482 814 1509 est
855 1474 1016 1510 detenta
1055 1487 1139 1511 cum
1169 1476 1408 1525 plenitudine
1439 1490 1549 1514 sanc-

231 1533 374 1571 torum,
420 1529 496 1565 hoc
537 1538 607 1575 est,
652 1530 869 1567 universali
910 1532 1078 1569 ecclesia
1112 1533 1179 1581 qui
1213 1543 1305 1570 sunt
1338 1548 1479 1572 omnes
1513 1544 1549 1572 et

230 1583 373 1632 singuli
419 1587 535 1634 plene
579 1588 720 1625 sancti.
774 1590 924 1627 Omnes
978 1590 1155 1639 quidem,
1211 1592 1304 1641 quia
1357 1606 1549 1630 numerus

228 1642 392 1679 illorum
445 1646 813 1693 predestinatorum
867 1648 952 1685 sine
1000 1649 1216 1686 addicione
1261 1651 1444 1699 possibili
1491 1662 1549 1689 est

229 1702 467 1749 completus,
521 1712 558 1740 et
610 1714 702 1741 sunt
753 1705 898 1753 singuli
951 1708 1067 1755 plene
1112 1708 1240 1744 sancti
1292 1722 1374 1745 non
1416 1710 1546 1746 solum

172 1762 211 1794 25
227 1761 447 1797 secundum
482 1771 708 1810 presentem
744 1763 960 1815 iusticiam,
994 1767 1114 1802 modo
1148 1779 1227 1815 quo
1252 1780 1357 1815 papa
1379 1778 1548 1805 vocatur

227 1826 341 1865 pater
355 1819 630 1857 sanctissimus
647 1823 713 1857 sed
738 1824 956 1859 secundum
982 1825 1344 1872 predestinacionis
1368 1826 1545 1874 graciam

227 1884 265 1912 et
297 1877 458 1924 plenam
491 1879 783 1916 beatitudinem
818 1880 858 1916 in
892 1882 1061 1918 ecclesia
1093 1882 1383 1931 triumphante.

287 1936 591 1984 Consequenter
624 1938 803 1974 declarat
837 1938 942 1976 dicta
967 1940 1181 1988 Sapiencia
1214 1951 1294 1978 tam
1329 1942 1389 1978 sui
1423 1955 1543 1991 quam

228 1993 411 2041 corporis
444 1994 504 2030 sui
538 1995 683 2031 mistici
718 1996 987 2044 proprietates
1021 2001 1241 2035 secundum
1288 2013 1430 2036 novem
1472 2013 1544 2036 no-

170 2055 212 2087 '30
228 2050 338 2087 mina
377 2060 482 2089 terre
526 2053 803 2090 nascencium:
845 2055 970 2105 Qmsi
1000 2057 1154 2103 cedrus,
1188 2057 1331 2106 inquit,
1367 2059 1541 2095 exaltata

225 2121 309 2145 sum
343 2109 378 2145 in
412 2110 573 2159 Libano,
619 2124 690 2160 per
734 2114 842 2161 quod
887 2124 1054 2161 possunt
1087 2114 1255 2163 intelligi
1301 2125 1382 2152 tam
1429 2117 1543 2153 homo

227 2167 292 2203 ille
337 2168 474 2204 nobilis
518 2170 583 2218 qui
631 2170 724 2206 abiit
776 2171 811 2206 in
865 2173 1063 2221 regionem
1117 2174 1366 2224 longinquam
1420 2188 1541 2223 quam

227 2226 410 2262 membra
452 2226 535 2263 eius
576 2229 852 2276 predestinata
885 2231 1038 2267 nobilia
1071 2244 1147 2279 que
1181 2232 1219 2267 in
1252 2232 1445 2269 virtutum
1482 2246 1542 2270 cx-

227 2284 418 2321 cellencia
452 2294 542 2321 sunt
575 2287 751 2323 fundata.
789 2289 837 2323 Et
870 2301 941 2336 per
973 2290 1186 2338 cipi-essum
1221 2291 1256 2326 in
1282 2298 1409 2327 monte
1432 2292 1541 2343 §Iron

169 2340 393 2390 35intelligi
434 2353 602 2391 possunt
649 2346 830 2382 membra
876 2346 958 2382 eius
1005 2347 1129 2395 magis
1175 2348 1337 2385 subtilia
1382 2362 1458 2398 que
1503 2349 1542 2385 in

223 2399 437 2437 virtutibus
471 2402 747 2450 germinancia
780 2413 872 2439 sunt
906 2406 953 2441 de
987 2406 1107 2442 clero.
1157 2406 1302 2443 Tercio
1344 2417 1400 2443 est
1435 2407 1542 2444 dicta

224 2469 372 2506 sponsa
404 2458 445 2495 in
478 2460 719 2509 quibusdam
766 2463 958 2499 membris
1002 2463 1227 2501 victoriosis
1272 2466 1382 2514 quasi
1406 2466 1541 2515 palma

291 2592 316 2620 5.
337 2592 362 2620 Ε
381 2594 410 2621 in
433 2603 544 2629 marg:
573 2596 706 2631 Populus
725 2596 874 2625 chdaicus
893 2598 999 2633 signat
1019 2599 1186 2626 eccleciam.
1268 2608 1303 2627 12.
1327 2600 1350 2627 13
1372 2600 1400 2627 in
1424 2609 1539 2635 marg:

221 2625 362 2655 Summus
381 2628 484 2656 lmnor
502 2631 596 2665 quis?
698 2639 738 2664 ti.
769 2632 792 2658 D
814 2633 843 2659 in
867 2642 961 2666 marg.
984 2634 1055 2660 init:
1082 2634 1183 2661 Potest
1208 2635 1350 2662 convinci
1373 2635 1540 2670 llfrtlsleplz)

222 2670 283 2697 qua
298 2663 362 2697 (sic)
380 2663 515 2691 Chris-tus
535 2669 565 2692 el
581 2666 715 2700 apostoli
732 2675 792 2694 non
804 2667 942 2702 fuerunt
962 2668 1085 2695 desimis
1105 2672 1133 2695 el
1152 2669 1361 2696 oblacionibus
1375 2671 1545 2697 contentam·

219 2697 296 2725 sicut
315 2705 372 2725 nec
388 2700 559 2727 sustentati.
632 2708 750 2734 22—24.
772 2703 817 2729 A:
841 2702 952 2730 Omnes
971 2703 1092 2738 quidem
1114 2720 1142 2723 —
1163 2704 1264 2731 sancti
1281 2704 1382 2733 deest:
1404 2705 1444 2732 ib.
1467 2706 1489 2732 h*
1510 2706 1540 2732 in

222 2740 337 2773 marga
366 2733 497 2768 Singuli
519 2735 608 2762 electi
631 2739 702 2762 sunt
721 2737 814 2770 plene
838 2738 946 2764 sancti.
1080 2738 1126 2765 28.
1155 2738 1223 2766 DE:
1253 2740 1539 2774 correspondentcr.

220 2765 313 2829 2}th
332 2767 362 2794 in
384 2776 497 2803 marg:
520 2769 644 2797 Cedrus.
718 2773 764 2804 34.
784 2771 809 2798 E
829 2772 859 2798 in
882 2780 996 2806 mars-:x
1021 2772 1189 2808 Cl'pressus.
1262 2772 1306 2809 37.
1328 2774 1352 2801 E
1373 2775 1401 2801 iu
1425 2783 1539 2809 marg:

245 2809 264 2829 a
279 2810 336 2830 ma*

293 2887 439 2930 30—37.
467 2888 571 2920 liccli.
598 2889 716 2929 xxiv,
743 2900 790 2931 17·
890 2893 941 2931 2³1,
972 2892 1023 2924 32.
1054 2892 1167 2923 Lucae
1194 2893 1279 2924 xlx.
1305 2903 1353 2925 12.

1363 2962 1369 2981 1
1387 2962 1393 2981 l

1773 266 1842 302 161

1674 674 1742 703 The

1606 709 1819 738 “honourable

1586 744 1834 807 ¹³0⁰8l3320³s3¹¹¹0

1567 1949 1634 1977 The
1655 1952 1830 1986 properties

1568 1985 1603 2012 of
1619 1986 1753 2013 wisdom
1775 1987 1835 2014 and

1601 2020 1651 2047 the
1672 2020 1796 2048 Cliurch

1567 2055 1685 2082 likened
1708 2060 1737 2082 to
1759 2057 1829 2084 nine

1572 2094 1654 2117 sorts
1674 2091 1709 2118 of
1725 2096 1814 2118 lrees.
