2062 3276
234 292 316 337 484

240 530 387 557 Different
408 528 498 557 kinds

292 565 326 604 of
342 565 447 598 fraud;

292 608 321 627 ιιι
343 608 448 636 usury,

286 705 314 732 in
336 705 454 738 selling.

267 1169 370 1198 When
394 1169 462 1196 God

272 1205 401 1232 touchcs
421 1204 471 1231 the

259 1240 360 1266 hcarts
381 1240 416 1267 of
431 1239 481 1267 the

256 1275 396 1310 worldly‚
418 1274 488 1310 they

247 1310 319 1344 long
340 1310 387 1336 soi·
406 1309 493 1336 Jesus

303 1353 336 1371 as
358 1344 438 1371 their

301 1379 436 1406 saviour.

267 2502 335 2530 The
356 2502 431 2530 wise
453 2503 487 2530 of

286 2538 346 2564 this
367 2538 465 2565 world

265 2580 406 2600 murmur
426 2573 485 2600 and

249 2607 339 2634 mock
359 2611 388 2634 at
409 2607 502 2634 them.

816 300 1040 332 JOHANNIS
1058 300 1243 332 WYCLIF
1264 301 1520 333 SERMONUM
1570 287 1721 344 [SERMO
1742 299 1837 327 LXII·

522 405 582 442 vel
614 405 773 454 publice
806 415 843 442 et
876 405 932 442 sic
964 405 1219 452 contumelie,
1247 406 1307 443 vel
1331 405 1483 454 private
1507 415 1545 443 et
1567 406 1622 442 sic
1646 406 1741 452 doli,
1765 407 1833 455 qui

523 477 612 501 cum
625 463 822 512 recipiunt
832 463 1064 501 divisionem
1084 464 1361 513 multiplicem,
1375 464 1463 501 ideo
1480 464 1666 501 dicuntur
1676 464 1832 502 diversi.

580 524 681 559 Sunt
727 531 861 559 autern
902 522 981 559 doli
1027 522 1066 559 in
1110 522 1258 571 lingua,
1305 521 1345 557 in
1395 535 1581 559 mensura
1627 531 1664 559 et
1707 522 1747 558 in
1793 535 1834 559 re

525 580 694 618 vendita.
737 582 779 616 In
818 579 955 629 lingua
987 582 1229 629 quandoque
1264 580 1535 617 contractibus
1567 580 1832 627 feneratoriis,

523 638 589 687 qui
634 638 725 675 licet
770 638 848 675 sint
885 638 1115 684 voluntarii,
1160 647 1330 687 utraque
1370 647 1506 675 tamen
1551 651 1643 686 pars
1687 638 1865 687 decipit'

523 704 748 745 utramque.
795 698 872 733 Sed
912 696 989 733 alia
1029 705 1087 733 est
1119 696 1221 733 inter
1254 697 1503 733 venditorem
1538 705 1574 732 et
1607 696 1833 733 institorem

522 754 655 802 lingue
686 754 890 802 decepcio,
925 767 1031 791 nunc
1060 754 1331 802 appreciando
1355 755 1478 791 rurali
1503 754 1670 803 duplum
1695 754 1832 803 precii,

524 825 628 848 nunc
660 812 831 849 iurando
865 824 935 860 per
967 811 1168 849 fallaciam
1203 814 1310 860 quod
1334 821 1487 849 tantum
1514 812 1737 849 constiterit
1760 811 1834 849 sibi

522 870 582 907 vel
610 871 719 918 quod
749 879 855 907 emat
884 882 1050 917 merces,
1084 870 1178 919 quia
1209 879 1365 907 tantum
1399 870 1472 906 sibi
1506 870 1741 917 constiterit,
1775 872 1835 907 vel

522 927 616 977 quia
636 929 729 965 data
752 940 904 965 merces
929 941 1019 965 cum
1044 928 1130 965 aliis
1154 937 1310 965 tantum
1336 928 1525 974 constitit,
1545 929 1605 965 vel
1629 928 1754 965 tercio
1777 928 1835 964 in-

522 987 706 1023 ducendo
729 986 924 1023 fallaciter
939 988 1048 1034 quod
1070 987 1243 1023 vendens
1266 986 1348 1022 vult
1371 988 1638 1023 accomodare
1661 986 1835 1023 institori

522 1044 701 1093 precium
743 1044 799 1080 rei
839 1053 970 1092 empte
1016 1053 1053 1081 et
1096 1052 1186 1092 post
1232 1044 1349 1092 exigit
1388 1056 1458 1093 per
1496 1045 1600 1093 leges
1640 1045 1835 1081 humanas

522 1102 702 1151 precium
736 1102 963 1139 irreciendo
997 1111 1034 1139 et
1066 1104 1340 1151 extorquendo
1372 1103 1461 1150 plus
1486 1115 1606 1151 quam
1641 1102 1834 1139 debitum.

580 1160 644 1196 Hii
684 1169 818 1197 autem
860 1162 1022 1209 quando
1063 1162 1167 1197 Deus
1206 1160 1333 1209 tangit
1373 1173 1442 1197 cor
1480 1173 1619 1197 eorum
1664 1169 1837 1210 querunt

522 1231 764 1267 cognoscere
786 1218 919 1256 Jesum
954 1218 1220 1267 personaliter
1252 1220 1323 1255 sub
1357 1218 1520 1255 racione
1551 1227 1595 1255 ut
1623 1218 1672 1255 sit
1696 1231 1833 1255 eorum
1876 1219 1890 1251 ἶ

522 1277 709 1323 salvator,
751 1276 1050 1313 considerantes
1092 1278 1199 1326 quod
1239 1289 1327 1325 spes
1366 1289 1447 1313 non
1480 1286 1537 1313 est
1569 1278 1756 1325 ponenda
1795 1276 1836 1313 in

524 1334 662 1372 mundi
706 1334 860 1371 diviciis
905 1347 978 1372 nec
1022 1334 1061 1371 in
1106 1335 1245 1372 mundi
1285 1334 1548 1383 principibus,
1595 1335 1688 1384 quia
1727 1347 1835 1372 nunc

524 1394 636 1429 adest
683 1405 821 1429 eorum
862 1393 1079 1441 applausus
1123 1392 1300 1430 fallibilis
1340 1402 1377 1430 et
1415 1406 1521 1430 nunc
1556 1395 1677 1431 deest.
1716 1394 1834 1430 Tales

525 1460 657 1488 autem
705 1450 855 1487 modici
899 1460 989 1487 sunt
1034 1451 1073 1487 in
1121 1451 1199 1488 fide
1244 1460 1280 1488 et
1320 1450 1501 1497 caritate,
1547 1451 1641 1500 quia
1685 1451 1835 1487 adhesit

521 1509 741 1559 pavimento
779 1509 907 1545 anima
946 1521 1098 1555 eorum,
1140 1508 1234 1558 quia
1273 1510 1527 1546 ascendendo
1562 1509 1601 1546 in
1634 1511 1834 1560 arborem,

526 1566 620 1615 quia
665 1579 783 1615 super
827 1576 974 1604 terram
1019 1568 1233 1604 turbantur
1278 1567 1533 1604 multitudine
1575 1576 1834 1615 peccatorum

527 1627 576 1661 ad
600 1624 814 1661 videndum
840 1625 1043 1662 Christum
1069 1625 1145 1661 fide
1168 1625 1352 1662 formata.
1386 1626 1502 1661 Tales
1535 1625 1670 1674 itaque
1702 1625 1835 1673 gracia

528 1682 599 1719 Dei
631 1682 885 1731 preveniente
917 1684 1127 1719 ascendunt
1153 1685 1333 1720 arborem
1357 1684 1604 1727 sicomorum,
1637 1696 1714 1732 que
1739 1683 1836 1719 ficus

528 1741 637 1777 fatua
682 1741 840 1787 dicitur,
885 1743 1048 1789 quando
1092 1741 1218 1778 instar
1266 1741 1394 1778 crucis
1435 1741 1581 1778 Christi
1627 1750 1836 1778 assumunt

527 1798 600 1835 sibi
652 1799 833 1847 corporis
884 1799 1126 1848 passionem.
1181 1800 1245 1836 Sic
1290 1799 1396 1836 enim
1442 1800 1639 1847 precurrit
1689 1799 1835 1836 Christi
1878 1800 1885 1806 '

528 1856 746 1905 discipulus
770 1869 955 1906 premens
978 1867 1143 1906 peccata
1168 1858 1209 1894 in
1233 1870 1309 1906 que
1342 1856 1457 1894 aliter
1480 1857 1685 1894 incideret.
1721 1859 1836 1894 Unde

530 1916 634 1952 Luce
666 1917 787 1961 X1V0‚
823 1926 873 1963 27
914 1916 979 1964 qui
1015 1928 1087 1951 non
1127 1912 1271 1951 baiulat
1313 1923 1349 1952 et
1387 1916 1487 1951 venit
1520 1923 1610 1965 post
1648 1927 1718 1959 me,
1763 1928 1835 1952 non

523 1981 651 2022 potest
694 1986 799 2010 meus
842 1986 921 2010 esse
965 1974 1185 2023 discipulus.
1233 1973 1298 2010 Sic
1343 1986 1435 2021 ergo
1475 1975 1728 2010 ascendendo
1767 1986 1837 2021 per

529 2031 893 2080 sequestracionem
943 2032 1079 2067 mundi
1118 2031 1433 2069 sollicitudinum
1478 2031 1701 2068 videbimus
1745 2031 1837 2068 licet

530 2089 675 2138 raptim
720 2102 790 2137 per
835 2090 954 2126 fidem
987 2091 1133 2136 Jesum,
1182 2089 1249 2138 qui
1289 2090 1449 2126 racione
1488 2089 1620 2138 operis
1659 2089 1752 2126 facti
1793 2101 1861 2125 ex.

529 2147 664 2195 gracia
688 2147 850 2196 respicit
872 2160 945 2184 nos
969 2147 1190 2196 graciosius
1223 2156 1260 2184 et
1293 2147 1465 2195 precipit
1497 2160 1569 2184 nos
1602 2147 1836 2184 festinanter

531 2206 772 2242 descendere
809 2218 831 2242 a
870 2206 974 2242 fastu
1014 2205 1135 2242 seculi
1174 2207 1234 2242 vel
1272 2218 1293 2242 a
1342 2205 1542 2254 corporali
1582 2205 1835 2242 cruciacione

530 2265 580 2299 ad
603 2264 830 2299 habendum
855 2263 1014 2300 deitatis
1039 2263 1442 2312 contemplacionem,
1467 2272 1503 2299 et
1525 2262 1581 2299 sic
1605 2275 1647 2299 ex
1671 2263 1837 2299 caritate

532 2324 636 2358 Deus
668 2321 819 2369 obligat
842 2330 878 2358 et
900 2322 1111 2358 necessitat
1139 2334 1179 2358 se
1212 2323 1262 2358 ad
1292 2321 1555 2358 habitandum
1590 2333 1680 2357 cum
1715 2320 1835 2367 fideli,

531 2392 649 2428 quem
684 2379 740 2416 sic
772 2379 975 2427 iustificat,
1011 2381 1119 2429 quod
1146 2379 1338 2416 nimirum
1363 2380 1542 2416 celeriter
1563 2386 1598 2415 et
1618 2380 1837 2429 gaudenter
1853 2378 1892 2412 35

530 2437 696 2486 suscipit
729 2438 849 2474 talem
885 2438 1098 2486 hospitem.

592 2496 732 2532 Omnes
761 2504 893 2532 autem
924 2496 1044 2533 amici
1073 2497 1250 2533 seculum
1281 2496 1480 2544 sapientes
1503 2495 1605 2532 sicut
1629 2503 1665 2531 et
1697 2507 1836 2531 omnes

529 2553 678 2590 diaboli
703 2562 997 2590 remurmurant
1019 2555 1127 2602 quod
1151 2553 1332 2590 Christus
1362 2563 1443 2590 tam
1473 2552 1652 2601 graciose
1675 2552 1836 2601 respicit

528 2621 760 2659 peccatores
802 2611 1037 2658 mundiales,
1072 2611 1292 2648 deridendo
1325 2611 1380 2648 sic
1413 2611 1689 2660 delinquentes
1722 2623 1836 2647 mun-

529 2670 623 2705 dum
647 2678 811 2718 propter
835 2670 1053 2716 Christum,
1084 2678 1121 2706 et
1144 2669 1307 2717 diaboli,
1341 2669 1555 2706 invidendo
1588 2668 1835 2717 redemptori
1848 2678 1893 2709 40

595 2818 623 2842 4.
647 2808 740 2836 Cod.:
762 2809 984 2836 contractubus.
1045 2809 1069 2843 5,
1084 2810 1111 2836 6.
1129 2809 1225 2837 Cod.:
1247 2809 1360 2845 decipit
1379 2812 1519 2844 utraque.
1576 2808 1620 2836 28.
1638 2809 1732 2837 Cod.:
1753 2816 1836 2836 meus

527 2858 591 2877 esse
604 2850 769 2885 discipulus
783 2858 873 2878 meus.
935 2848 978 2877 33.
995 2850 1089 2878 Cod.:
1110 2850 1151 2877 ad
1169 2850 1311 2877 habitum.
1333 2845 1395 2876 lff
1447 2849 1487 2877 35.
1504 2850 1598 2877 Cod.:
1619 2850 1764 2885 quoniam
1781 2851 1833 2876 sic.

601 2932 650 2964 19.
677 2922 803 2953 Psalm.
830 2922 979 2962 CXVIII,
1007 2921 1060 2953 25.
