2062 3276
145 244 221 279 366

722 254 945 286 JOHANNIS
969 255 1148 287 wvciff
1167 256 1424 289 sERMONuM
1469 243 1622 302 [SERMO
1644 255 1738 283 XLv.

428 368 485 395 est
519 359 677 396 Christo
711 360 892 408 gravior?
936 374 1012 410 que
1060 375 1120 399 res
1169 363 1366 399 donabilis
1405 372 1462 400 est
1496 364 1654 401 Christo
1700 377 1739 401 se

428 417 559 466 ipsum
594 419 823 456 conferente
863 419 1014 456 maior?
1058 433 1134 468 que
1175 421 1319 458 caritas
1359 430 1417 457 est
1456 421 1586 458 maior
1618 435 1738 471 quam

428 477 535 524 quod
567 485 700 513 tantus
724 477 910 514 dominus
944 479 1009 514 det
1031 478 1152 515 vitam
1187 491 1300 515 suam
1333 479 1560 517 sufferendo
1592 493 1738 528 penam

427 533 726 571 acerbissimam
760 548 834 583 pro
868 535 1046 573 hostibus
1078 538 1272 574 reducens
1307 549 1373 574 eos
1406 539 1455 574 ad
1488 538 1739 575 amiciciam?

426 592 620 628 Maiorem
655 592 863 630 caritatem
898 606 1016 630 nemo
1050 596 1168 631 habet
1191 608 1313 644 quam
1337 595 1409 632 iste
1438 605 1575 644 pastor
1597 598 1738 633 bonus.

427 651 518 686 Ideo
552 652 742 687 debemus
776 651 906 700 ipsum
940 665 1096 689 summe
1129 653 1292 701 diligere
1326 662 1363 690 et
1396 663 1505 702 gesta
1538 667 1609 690 sua
1647 667 1738 690 cum

427 707 652 757 diligencia,
694 709 921 746 reverencia
960 719 997 746 et
1035 711 1320 759 permanencia
1359 725 1517 749 summa
1550 713 1738 758 recolere,

427 779 516 802 cum
563 766 736 804 maxima
779 767 1026 816 ingratitudo
1079 769 1128 805 sit
1172 783 1252 806 non
1297 770 1472 806 recolere
1522 770 1738 815 benefacti3

426 823 515 861 ideo
554 833 610 861 est
643 825 683 861 in
717 826 883 862 ecclesia
916 826 1042 874 magis
1077 827 1272 864 memoria
1306 828 1507 864 dominice
1540 828 1739 877 passionis

426 891 468 918 ut
501 883 689 919 continue
721 883 761 920 in
794 893 1049 921 sacramento
1082 885 1232 933 altaris,
1272 886 1366 934 quia
1399 887 1474 922 hoc
1507 895 1564 923 est
1597 899 1739 935 capere

425 941 652 989 exemplum
699 942 750 978 ad
794 942 866 978 Dei
911 942 1105 979 honorem
1152 952 1189 979 et
1236 952 1417 980 nostrum
1465 946 1737 981 commodum.

423 998 549 1035 Aliter
587 999 694 1035 enim
734 1000 1017 1037 frustraremus
1059 1010 1254 1050 quantum
1296 1001 1336 1037 in
1370 1002 1483 1038 nobis
1517 1011 1574 1038 est
1607 1002 1738 1050 ingra-

424 1056 574 1093 tissime
619 1058 738 1094 finem
783 1067 947 1106 propter
992 1071 1109 1107 quem
1157 1060 1338 1096 Christus
1384 1059 1439 1096 sic
1482 1073 1622 1108 passus
1667 1069 1737 1107 est,

425 1128 514 1151 cum
548 1128 628 1152 una
661 1128 780 1152 causa
813 1116 862 1153 sit
895 1118 1120 1165 exemplum
1154 1119 1262 1166 quod
1286 1117 1393 1154 dedit
1416 1117 1495 1154 suis
1519 1118 1737 1166 discipulis,

424 1182 465 1209 ut
497 1173 594 1209 sicut
626 1174 707 1223 ipse
727 1175 829 1222 fecit
861 1182 895 1210 et
927 1175 1001 1224 ipsi
1019 1175 1189 1223 faciant,
1226 1184 1270 1212 ut
1303 1175 1399 1212 dicit
1429 1177 1517 1212 Joh.
1551 1178 1650 1223 XIII,
1676 1177 1736 1213 15.

424 1232 537 1267 Unde
559 1233 645 1268 Joh.
669 1233 773 1277 XX0‚
800 1243 843 1268 21
876 1232 971 1269 dicit
994 1233 1193 1270 Christus:
1229 1235 1334 1270 Sicut
1367 1234 1468 1270 misit
1490 1247 1548 1270 me
1565 1242 1682 1284 pater
1703 1242 1737 1270 et

423 1302 496 1339 ego
520 1290 626 1325 mitto
651 1302 729 1336 vos,
752 1289 792 1326 id
815 1300 886 1337 est,
910 1292 1130 1328 secundum
1155 1293 1316 1328 beatum
1342 1292 1600 1340 Gregorium:
1632 1293 1736 1328 Sicut

424 1347 525 1383 misit
541 1355 738 1397 mepater,
754 1349 860 1384 Deus
872 1350 1012 1396 Deum,
1036 1357 1071 1385 et
1085 1362 1158 1400 ego
1181 1350 1289 1386 mitto
1314 1362 1392 1394 vos,
1415 1351 1528 1386 homo
1551 1351 1732 1387 homines.

424 1406 543 1441 Pater
556 1406 697 1442 Filium
714 1406 828 1453 misit,
844 1408 908 1455 qni
921 1408 1019 1443 lzunc
1028 1420 1105 1457 pro
1121 1409 1390 1458 redempcione
1404 1409 1562 1444 humani
1580 1408 1737 1459 generis

423 1464 624 1499 incarnari
652 1464 858 1512 constitnit,
890 1477 998 1514 quem
1032 1466 1117 1502 licet
1149 1466 1184 1502 in
1218 1467 1401 1502 mundum
1426 1467 1555 1503 venire
1576 1467 1628 1502 ad
1643 1478 1735 1516 pas-

423 1521 565 1557 sionem
600 1522 732 1569 voluit,
764 1535 848 1558 cum
883 1524 1109 1561 eternaliter
1140 1536 1224 1560 eum
1257 1524 1412 1560 amavit.
1455 1525 1611 1561 Electos
1645 1537 1735 1560 vero

423 1580 619 1629 apostolos
634 1581 824 1617 Dominus
846 1594 918 1617 non
940 1582 992 1617 ad
1006 1583 1297 1633 mundigaua'ia
1313 1583 1381 1619 sed
1393 1583 1490 1619 sicut
1505 1583 1583 1632 ipse
1598 1583 1736 1619 missus

424 1645 478 1674 est
515 1638 568 1673 ad
599 1639 817 1687 passionem
856 1639 892 1675 in
931 1641 1113 1675 mundum
1148 1641 1259 1676 misit.
1307 1640 1418 1677 Sicut
1450 1653 1545 1689 ergo
1579 1640 1681 1676 filius
1714 1654 1736 1677 a

424 1704 536 1743 patre
559 1705 718 1733 amatur
741 1705 778 1734 et
800 1705 936 1734 tamen
958 1698 1008 1734 ad
1032 1698 1257 1746 passionem
1278 1698 1462 1745 mittitur,
1479 1698 1533 1735 ita
1550 1698 1734 1746 discipuli

424 1763 612 1790 amantur
643 1767 665 1790 a
698 1754 869 1792 Domino
913 1756 978 1804 qui
1019 1763 1144 1792 tamen
1183 1758 1235 1792 ad
1269 1757 1485 1806 passionem
1532 1757 1736 1792 mittuntur

424 1812 459 1847 in
493 1813 688 1848 mundum.
723 1814 855 1862 Itaque
888 1814 1050 1849 dicitur:
1088 1815 1194 1850 Sicut
1227 1815 1328 1851 misit
1361 1828 1420 1852 me
1446 1823 1563 1865 pater
1595 1822 1630 1850 et
1661 1827 1734 1866 ego

424 1870 531 1906 mitto
565 1883 644 1917 vos,
677 1871 717 1906 id
748 1879 815 1915 est,
849 1884 891 1907 ea
915 1872 1078 1908 caritate
1110 1885 1177 1908 vos
1209 1873 1346 1923 diligo,
1379 1886 1463 1909 cnm
1497 1873 1596 1909 inter
1623 1885 1733 1909 scan-

424 1929 514 1964 dala
545 1937 841 1978 persecutorum
887 1930 995 1966 mitto
1035 1942 1107 1979 qua
1148 1943 1207 1966 me
1245 1932 1408 1967 caritate
1445 1939 1563 1981 pater
1606 1931 1734 1981 diligit

423 1998 530 2034 quem
578 1987 707 2023 venire
749 1988 801 2023 ad
844 1988 1089 2024 tolerandam
1128 1989 1349 2037 passionem
1384 1990 1498 2038 fecit.
1554 1991 1607 2024 Ex
1653 2002 1734 2037 qua

422 2045 625 2081 sentencia
663 2045 794 2093 primo
834 2045 1014 2094 sequitur
1053 2048 1159 2094 quod
1198 2048 1364 2083 stultum
1405 2056 1463 2083 est
1496 2048 1657 2083 credere
1691 2060 1732 2083 ex

422 2103 592 2150 analoga
635 2102 899 2139 similitudine
941 2116 1025 2140 esse
1069 2104 1236 2140 omnino
1281 2104 1584 2141 similitudinem
1630 2105 1734 2141 inter

423 2170 671 2208 comparata,
721 2170 764 2197 ut
804 2162 997 2198 Johannis
1030 2163 1170 2207 XV110‚
1207 2173 1251 2198 21
1305 2172 1419 2211 rogat
1464 2162 1645 2199 Christus
1694 2171 1733 2198 nt

423 2220 594 2254 membra
638 2232 706 2255 sua
747 2232 860 2255 unum
893 2220 981 2263 sint,
1019 2220 1116 2255 sicut
1148 2221 1229 2269 ipse
1260 2228 1294 2256 et
1321 2229 1438 2270 patet·
1469 2228 1555 2256 sunt
1594 2233 1733 2263 unztnz;

423 2285 459 2311 et
492 2285 627 2312 tamen
673 2286 828 2313 constat
873 2279 983 2325 quod
1023 2287 1079 2313 est
1118 2278 1368 2326 quantalibet
1413 2278 1608 2315 distancia
1646 2278 1732 2314 uni-

422 2343 564 2371 tatum.
600 2337 653 2370 Ex
686 2348 766 2383 quo
799 2337 975 2372 secundo
1009 2335 1189 2384 sequitur
1223 2338 1329 2385 quod
1364 2336 1595 2385 quicunque
1629 2336 1756 2373 chri-2

490 2500 515 2519 2.
536 2492 642 2519 AnG:
663 2501 722 2527 que
743 2508 772 2511 -
794 2493 894 2519 maior
914 2493 1007 2520 deest.
1083 2502 1122 2520 κ).
1144 2494 1307 2522 continue:
1332 2494 1405 2521 1›G:
1428 2495 1550 2521 cotidie.
1626 2503 1666 2528 η.
1689 2494 1730 2520 li:

419 2534 478 2562 qne
496 2527 589 2553 dedit.
699 2526 734 2554 15.
759 2527 802 2554 H:
830 2531 862 2554 ut
881 2528 974 2555 dicit:
999 2528 1080 2555 unde
1099 2529 1192 2555 deest.
1303 2530 1343 2556 μ’).
1367 2529 1409 2555 H:
1442 2529 1528 2556 Unde
1546 2529 1614 2556 Jol1.
1637 2531 1729 2556 deest.

422 2569 449 2595 ¹7
484 2561 526 2588 Ης
557 2562 590 2588 id
609 2565 654 2588 est
674 2563 768 2589 deest.
849 2571 887 2597 17.
911 2565 949 2589 ιδ.
972 2562 1045 2589 DG:
1074 2563 1107 2589 id
1125 2566 1171 2589 est
1189 2579 1220 2581 —
1243 2564 1327 2590 mitto
1348 2572 1399 2590 ros
1419 2564 1511 2591 deest.
1593 2572 1630 2598 17.
1652 2565 1679 2591 A
1701 2564 1729 2590 in

423 2604 536 2629 marg:
560 2596 746 2631 Gregorius.
821 2604 866 2623 20.
887 2597 1024 2624 Rectius:
1047 2605 1133 2632 quem
1155 2598 1312 2626 videlicet:
1339 2598 1377 2624 ib.
1399 2598 1535 2625 Rectius:
1557 2599 1612 2625 sed
1631 2602 1730 2625 tamen

420 2630 659 2664 anmm'tsilium.
682 2640 768 2666 quem
788 2633 830 2658 ad
845 2632 1018 2666 passionem
1039 2632 1129 2659 misit.
1208 2632 1249 2659 225.
1271 2633 1314 2659 H:
1344 2633 1425 2659 misit
1445 2634 1545 2661 deest:
1575 2633 1614 2660 ib.
1635 2634 1680 2660 A:
1703 2636 1731 2659 el

411 2664 510 2697 sitias.
575 2666 621 2692 26.
643 2666 762 2693 C‹)dd.:
791 2667 913 2693 mundo.
937 2666 1073 2693 Correxi.
1141 2675 1185 2699 27.
1209 2667 1281 2694 I)G:
1309 2671 1336 2694 et
1357 2676 1392 2694 ea
1413 2667 1556 2694 caritate.
1621 2670 1664 2694 28.
1688 2668 1728 2694 1›:

420 2707 478 2733 que
497 2708 552 2726 me.
626 2699 671 2726 30.
692 2701 721 2727 A
741 2701 770 2727 in
794 2709 907 2734 marga
932 2709 952 2728 t.
1026 2700 1068 2728 32.
1091 2701 1194 2728 DGH:
1217 2705 1248 2728 ut
1269 2703 1361 2728 deest.
1435 2701 1546 2729 33—345.
1571 2702 1642 2729 1›G:
1665 2702 1730 2737 ipse

420 2737 447 2760 el
468 2750 499 2752 —
517 2735 655 2769 sequitur
675 2736 768 2762 deest.
842 2734 884 2764 35.
906 2737 932 2762 Α
954 2736 983 2762 in
1006 2744 1119 2770 marga
1143 2744 1168 2762 2.

496 2839 543 2869 17.
581 2830 614 2860 S.
649 2829 802 2869 Gregorii
839 2830 871 2860 ln
907 2831 1104 2871 lixangelia,
1144 2831 1200 2861 lib.
1235 2831 1270 2869 II,
1314 2832 1414 2862 Hom.
1447 2832 1596 2862 XXXVI.
1636 2832 1726 2872 Opp.

420 2882 504 2905 tom.
533 2876 553 2913 I,
582 2886 658 2916 pag.
684 2876 816 2917 ¹553&-

1761 904 1797 924 IO

1758 1184 1794 1215 15

1753 1483 1794 1504 20

1752 1764 1791 1790 0⁵³

1751 2054 1766 2085 3
1771 2064 1792 2083 o

1755 2341 1788 2373 ³5
