2062 3276
245 231 381 261 sERMO
401 223 500 282 vm.]
724 239 918 279 QUARTA
944 241 1071 274 PARS.
1802 238 1852 284 67

247 344 456 379 castellum
475 343 572 379 illud
593 344 666 381 fuit
684 344 849 393 simplex
868 346 1110 383 fortalicium
1135 347 1215 384 sive
1236 348 1372 385 villula
1392 359 1561 396 murata,

247 402 355 449 quod
389 401 636 448 probabilius
671 403 859 447 creditur,
894 417 983 440 cum
1010 405 1191 441 Christus
1224 407 1365 443 Matth.
1390 408 1511 453 XX10‚
1543 421 1553 443 1

154 482 229 514 FOL
244 468 359 495 vocat
380 460 600 496 Jerusalem
624 461 823 497 castellum
848 471 987 498 contra
1010 475 1102 499 suos
1126 463 1345 511 discipulos
1369 463 1428 514 (ut
1452 474 1561 512 patet

149 528 428 571 277dsermone
480 517 612 565 primo
666 518 792 565 prime
845 519 998 567 partis).
1052 520 1121 557 Dis
1150 517 1154 574 Ι
1183 521 1262 557 titit
1307 531 1440 558 autem
1487 524 1560 558 hoc

212 575 451 610 5castellum
486 576 535 612 ab
567 577 784 612 Jerusalem
827 577 983 614 circiter
1015 578 1090 615 tria
1124 579 1310 616 milliaria
1343 579 1451 616 iuxta
1485 582 1559 616 hoc

246 632 478 669 metricum:

365 691 539 739 Quinque
555 693 676 740 pedes
692 705 852 742 passum
865 694 1036 742 jaciunt,
1053 707 1195 743 passus
1216 707 1362 744 quoque
1383 703 1532 732 centum

309 748 454 798 Viginti
483 749 645 798 quinque
675 751 858 797 stadium,
890 752 959 787 sed
990 753 1081 787 dant
1115 753 1283 789 milliare

360 807 498 843 Stadia
531 807 587 843 bis
619 815 715 851 octo,
749 810 896 845 leucam
932 810 1115 845 milliaria
1149 811 1322 860 quinque.

191 877 228 897 10
302 863 367 899 Isti
401 873 535 900 autem
569 866 648 901 duo
682 866 866 914 discipuli
900 880 942 903 ex
976 868 1303 915 apparicionibus
1344 869 1557 906 mulierum
1580 875 1683 903 These
1703 877 1850 913 disciples

243 930 280 957 et
314 922 419 958 Petri
452 931 660 972 tamquam
694 923 736 960 in
768 925 845 961 fide
878 925 1056 973 ambigui
1090 926 1345 973 musitarunt,
1393 937 1429 963 et
1467 928 1557 964 ideo
1584 917 1851 975 [Ηζζξζξιέεῃῖἳῖη

243 989 407 1028 propter
454 981 655 1029 loquelam
705 994 843 1018 eorum
887 983 1114 1019 instabilem
1164 984 1309 1021 dicitur
1355 987 1462 1034 quod
1507 988 1558 1022 ad
1666 981 1753 1009 faith.

242 1037 411 1074 invicem
445 1047 557 1074 erant
577 1040 764 1088 fabulati.
812 1041 888 1076 Sed
929 1054 973 1077 ex
1013 1042 1086 1078 hoc
1119 1055 1199 1078 non
1233 1043 1415 1092 sequitur
1449 1045 1557 1092 quod

242 1095 281 1132 in
313 1097 564 1133 sermonibus
608 1098 668 1134 vel
713 1098 798 1134 aliis
846 1100 1288 1137 communicacionibus
1320 1102 1464 1138 fabulis
1499 1111 1557 1138 est

188 1157 225 1189 15
241 1155 450 1195 utendum,
497 1154 599 1191 sicut
642 1169 722 1192 non
766 1157 947 1205 sequitur
992 1159 1100 1206 quod
1138 1158 1201 1194 isti
1246 1161 1326 1196 duo
1373 1159 1558 1208 discipuli

242 1212 304 1248 hic
327 1212 587 1250 intendebant
609 1214 765 1259 fabulis,
800 1215 854 1251 sic
886 1228 966 1252 non
999 1216 1198 1264 sequitur:
1231 1217 1263 1253 si
1296 1217 1483 1265 discipuli
1516 1227 1559 1254 ut

243 1272 381 1307 Petrus
431 1272 490 1307 vel
529 1273 675 1308 Paulus
720 1273 759 1308 in
804 1273 1021 1310 Dominum
1068 1275 1416 1322 blasphemabant,
1466 1288 1558 1324 ergo

241 1328 332 1365 licet
363 1329 477 1365 nobis
510 1331 560 1366 ad
592 1330 866 1367 imitacionem
914 1344 1052 1368 eorum
1097 1333 1231 1369 taliter
1264 1334 1556 1381 blasphemare.

240 1388 329 1422 Non
376 1396 510 1423 autem
561 1389 727 1424 docetur
773 1391 881 1437 quod
928 1390 992 1426 isti
1040 1392 1118 1427 duo
1163 1391 1349 1439 discipuli
1394 1391 1434 1428 in
1481 1392 1558 1428 fide

184 1457 226 1478 20
241 1444 419 1492 ambigui
451 1445 492 1481 in
524 1445 606 1481 suis
638 1447 914 1484 locucionibus
949 1459 1213 1495 peccaverunt
1252 1451 1361 1498 quod
1401 1450 1558 1486 videtur

241 1502 405 1550 figurari
445 1516 515 1551 per
553 1517 670 1540 suum
705 1505 851 1541 exitum
886 1519 907 1542 a
939 1508 1158 1543 Jerusalem
1192 1507 1231 1543 in
1266 1510 1426 1553 Emaus,
1467 1522 1557 1544 cum

240 1560 297 1596 illi
349 1561 417 1609 qui
465 1574 487 1597 a
539 1563 849 1611 contemplativa
900 1564 1051 1600 visione
1104 1565 1212 1613 pacis
1263 1565 1434 1613 (signata
1487 1579 1557 1614 per

240 1620 476 1662 Jerusalem)
499 1622 549 1656 ad
567 1622 716 1657 Emaus
742 1623 864 1670 (quod
888 1622 1176 1670 interpretatur
1199 1623 1440 1660 desiderium
1467 1637 1559 1660 con·

242 1676 331 1715 silii)
365 1677 524 1725 signans
557 1678 645 1715 illos
679 1679 747 1727 qui
793 1679 1032 1717 instabiliter
1070 1681 1298 1717 desiderant
1332 1684 1553 1718 secundum

185 1735 548 1782 25p1·udenci0re1n
586 1736 693 1773 viam
727 1738 899 1774 Domino
934 1739 1118 1775 militare.
1154 1740 1211 1775 Illi
1234 1740 1431 1788 (inquam)
1466 1750 1557 1777 sunt

241 1793 445 1830 instabiles
478 1794 518 1830 in
551 1807 734 1831 sermone
766 1809 846 1832 non
879 1806 1080 1833 servantes
1104 1797 1221 1834 istam
1246 1798 1351 1834 Petri
1375 1799 1552 1846 regulam

239 1851 274 1887 si
293 1852 374 1900 quis
398 1852 580 1900 quuitur,
610 1854 721 1901 quasi
742 1867 938 1890 sermones
960 1856 1048 1892 Dei.
1081 1857 1192 1891 Jesus
1216 1865 1350 1892 autem
1376 1856 1556 1904 graditur
1582 1862 1662 1889 How
1680 1862 1768 1890 Jesus
1789 1864 1835 1891 led

240 1911 460 1946 secundum
477 1920 673 1947 remotam
697 1911 887 1948 noticiam
913 1926 1002 1948 cum
1028 1913 1161 1950 taliter
1185 1914 1396 1957 excecatis3
1421 1923 1556 1951 tamen
1605 1897 1809 1959 therttssuttcfinthe

239 1968 476 2015 regulariter
507 1969 681 2005 ostendit
714 1969 922 2006 veritatem
967 1973 1187 2007 secundum
1234 1972 1344 2008 illum
1385 1974 1553 2020 gradum

184 2029 225 2060 30
242 2038 322 2073 quo
355 2038 449 2062 suus
484 2026 587 2063 filius
621 2037 730 2063 amat
762 2028 908 2076 ipsum.
943 2031 991 2065 Et
1024 2029 1116 2065 hinc
1138 2032 1250 2065 Jesus
1272 2030 1555 2078 interrogative

239 2082 459 2120 immiscuit
505 2085 715 2121 materiam
762 2086 853 2122 fidei
892 2086 932 2122 in
970 2087 1290 2135 interrogacione
1330 2089 1554 2124 communi-

240 2141 413 2178 cacionis
458 2155 596 2178 eorum
644 2152 679 2179 et
725 2144 903 2191 graciose
948 2145 1216 2192 preveniendo
1256 2146 1393 2182 docuit
1433 2147 1551 2183 fidem

240 2209 404 2237 rectam.
455 2201 520 2236 Isti
565 2211 699 2237 autem
745 2202 930 2250 discipuli
971 2203 1038 2252 qui
1078 2217 1158 2240 non
1191 2205 1351 2240 fuerunt
1383 2205 1553 2253 apostoli

239 2257 441 2294 Christum
478 2259 739 2296 effectualiter
772 2261 820 2296 ad
856 2261 1079 2308 hospicium
1113 2261 1332 2299 invitarunt
1365 2264 1553 2299 docentes

181 2317 221 2351 35
236 2328 309 2352 nos
342 2318 546 2364 quomodo
580 2318 771 2354 debemus
817 2321 999 2355 membra
1044 2333 1115 2356 sua
1159 2320 1341 2357 similiter
1372 2321 1551 2358 invitare.

307 2447 326 2466 1.
348 2438 372 2465 D
394 2439 424 2466 in
446 2448 561 2473 marg:
591 2440 727 2467 Christus
745 2440 913 2468 Jerusalem
939 2445 1029 2468 vocat
1051 2443 1204 2469 castellum
1231 2443 1315 2477 quod
1344 2452 1405 2471 non
1432 2444 1554 2471 videtur

236 2481 349 2500 verum.
413 2484 441 2507 4.
464 2474 490 2500 1:
514 2474 626 2502 Distat.
689 2484 715 2510 7.
739 2477 761 2502 Ι)
777 2476 805 2502 in
829 2484 943 2511 marg:
965 2476 1046 2504 Nota
1066 2486 1187 2507 versus:
1208 2478 1214 2504 1
1238 2486 1266 2504 ιι]
1289 2487 1404 2513 marg:
1431 2478 1555 2509 Versus:

235 2508 259 2535 E
280 2508 308 2535 in
332 2516 445 2544 marg:
469 2509 571 2536 Prima
588 2518 664 2544 pars
681 2519 864 2538 sermonum.
940 2510 975 2538 13.
998 2512 1196 2547 Izsuerunt:
1215 2512 1256 2540 ib.
1278 2513 1378 2541 ADE:
1400 2522 1437 2540 ex
1457 2514 1552 2541 deest.

236 2551 277 2575 14.
301 2545 323 2569 η’
343 2544 372 2570 in
396 2552 511 2578 marg:
534 2544 660 2572 Fabula.
745 2554 783 2580 ¹7·
806 2545 875 2572 Da:
903 2548 933 2572 et
952 2547 1080 2576 Paulus-,-
1106 2546 1147 2573 ib.
1169 2548 1196 2575 1:
1223 2547 1335 2582 igitur.
1418 2556 1459 2583 19.
1482 2549 1550 2576 DE:

234 2577 373 2610 dicetur;
388 2580 431 2605 A:
447 2581 577 2605 docetur
589 2579 690 2609 deest:
712 2580 751 2607 ib.
768 2581 811 2607 A:
827 2580 900 2615 quin
916 2582 986 2613 τῖε-[ιζ’
1005 2582 1033 2609 Ι;
1048 2582 1103 2616 qui
1135 2583 1181 2609 vel
1194 2582 1295 2618 quod:
1309 2583 1349 2609 ib.
1364 2583 1392 2610 I:
1407 2584 1551 2618 apostoli.

234 2612 344 2640 21—23.
365 2613 434 2640 DE:
456 2621 521 2640 cum
542 2614 590 2641 illi
609 2630 640 2633 —
660 2614 772 2641 Emaux
791 2616 892 2649 dcest3
913 2618 958 2642 A:
981 2616 1147 2643 Emanium.
1220 2618 1266 2643 26.
1288 2617 1327 2644 E:
1349 2617 1436 2644 tls-lam
1458 2618 1551 2645 deest.

234 2655 279 2682 27.
300 2648 313 2674 I
332 2648 363 2674 in
385 2655 499 2682 marg:
527 2648 548 2675 Ι.
570 2649 657 2675 Pelri
673 2649 724 2676 IV.
828 2650 866 2677 ζὴ.
887 2651 947 2677 ΑΙ;
975 2651 1005 2677 in
1027 2651 1121 2678 deest.
1221 2651 1263 2678 3¹3.
1285 2653 1328 2679 A:
1355 2654 1492 2688 apostoli
1508 2661 1553 2679 se-

234 2683 374 2709 cundum.
449 2683 494 2715 34.
517 2683 584 2710 DE:
613 2683 724 2711 ducent
743 2693 811 2719 que.

306 2767 335 2799 3.
363 2767 472 2798 Serm.
492 2767 581 2798 Part.
599 2767 622 2807 Ι,
642 2778 719 2810 pag.
741 2778 770 2799 2.
872 2770 921 2802 13.
942 2769 1057 2801 Lucae
1074 2770 1193 2810 XXIV,
1219 2769 1267 2802 15.
1366 2780 1418 2812 27.
1446 2770 1468 2801 Ι.
1488 2771 1549 2801 Pe-

235 2813 274 2843 tri
302 2813 358 2853 IV,
383 2823 431 2844 11.
570 2815 623 2846 33.
657 2814 772 2846 Lucae
797 2816 916 2855 XXIV,
942 2826 997 2858 172
1025 2817 1072 2848 Et
1097 2817 1149 2848 ait
1174 2817 1223 2848 ad
1249 2817 1345 2849 illos.-
1377 2816 1444 2854 Qui
1469 2820 1551 2848 sunt

236 2859 285 2891 hii
310 2868 491 2892 sermones
511 2882 519 2891 .
538 2882 546 2891 .
565 2882 573 2891 .
593 2883 601 2891 .

1365 2920 1411 2951 με
