2062 3276
160 249 211 284 94
741 241 965 274 3014thle
986 239 1169 272 wreiff
1189 240 1444 271 SERMONUM
1534 225 1684 283 [SERMO
1707 235 1756 263 xi.

450 350 558 387 modi
591 351 638 386 de
671 347 815 396 quibus
848 347 958 395 prius
991 346 1137 382 dicitur
1170 345 1391 382 rectificant
1437 344 1621 392 exequias
1655 357 1758 380 mor-

447 418 624 454 tuorum,
671 414 708 442 et
740 404 965 453 specialiter
998 405 1047 440 ad
1093 405 1166 439 hoc
1210 404 1342 439 valent
1385 402 1607 439 viventibus
1651 403 1758 450 quod

158 473 307 514 Funerals
323 473 431 500 should
447 474 609 515 possent
654 462 833 501 contueri
877 471 920 498 ut
964 462 1003 498 in
1048 461 1210 510 speculo
1255 461 1472 509 quomodo,
1525 459 1626 496 sicut
1669 459 1759 496 talis

168 508 428 570 rff¹2¹¹21ffuss¹tsgihe²ft
449 525 659 560 defunctus
693 530 749 558 est
783 529 965 557 mortuus
997 519 1052 555 sic
1085 518 1139 556 illi
1174 527 1265 555 sunt
1298 518 1522 555 necessario
1562 517 1758 554 morituri.

448 584 496 618 Et
530 579 803 618 consideracio
836 578 924 615 talis
958 577 1108 625 speculi
1142 586 1319 613 moveret
1351 575 1583 625 superstites
1628 577 1677 612 ad
1721 575 1794 611 1115

448 639 559 677 omni
593 650 736 687 genere
770 635 923 684 peccati
958 635 1083 672 tribus
1116 634 1297 671 hostibus
1330 634 1608 671 resistendum.
1655 633 1761 679 Quid

448 711 545 746 rogo
577 697 724 733 valeret
757 693 976 742 temptacio
1010 693 1168 741 dyaboli
1201 694 1250 729 ad
1283 692 1525 740 superbiam,
1569 691 1760 727 invidiam

449 756 527 792 sive
560 755 674 800 iram,
721 766 809 789 cum
845 764 1003 788 necesse
1036 751 1085 787 sit
1118 752 1286 787 cadaver
1329 751 1458 786 iacere
1503 749 1681 786 exanime
1726 757 1762 785 et

449 814 649 862 impotens
694 810 767 847 sibi
812 810 1020 858 proficere,
1065 818 1423 857 quantumcunque
1468 816 1652 856 potenter
1700 807 1762 842 hic

161 877 227 906 The
248 878 379 913 tuought
398 877 432 904 of
449 870 587 908 vixerit
618 869 786 906 viciose?
819 867 1101 905 Consideracio
1134 867 1259 903 eciam
1292 866 1358 903 illa
1391 867 1545 902 tolleret
1568 865 1761 902 accidiam
1784 878 1821 898 10

161 913 488 977 ta‘ifeasslssvgifssfflffihet
521 927 734 966 avariciam
769 938 845 974 que
878 935 968 962 sunt
1002 934 1166 974 peccata
1189 924 1324 971 seculi,
1349 937 1439 960 cum
1465 923 1660 960 defunctis
1684 936 1763 959 non

161 983 280 1010 avarice
292 980 617 1036 aiidlust.pr03unt
650 984 790 1021 divicie
823 983 897 1020 nisi
930 985 977 1019 de
1010 992 1162 1032 quanto
1185 992 1296 1019 erant
1319 982 1449 1019 media
1472 981 1692 1018 viventibus
1716 982 1764 1018 ad

452 1043 653 1081 meritorie
687 1043 950 1091 operandum.
991 1043 1039 1077 Et
1071 1050 1165 1077 tunc
1199 1042 1430 1089 gaudebunt
1464 1041 1570 1088 quod
1606 1040 1765 1087 expulsa

451 1102 604 1140 accidia
627 1101 821 1137 instanter
845 1108 956 1136 erant
981 1099 1181 1135 meritorie
1204 1099 1369 1147 operati.
1395 1100 1441 1134 Et
1465 1097 1588 1134 tercio
1612 1106 1668 1134 est
1692 1097 1765 1133 ista

453 1158 724 1198 consideracio
758 1157 974 1206 specularis
1013 1156 1195 1205 specialis
1234 1156 1384 1205 tyriaca
1423 1165 1562 1192 contra
1601 1158 1821 1203 peccata15

453 1218 582 1255 carnis
598 1230 674 1266 que
690 1225 780 1253 sunt
796 1216 886 1263 gula
903 1224 1022 1264 atque
1038 1214 1204 1251 luxuria.
1222 1216 1313 1251 Ideo
1329 1214 1359 1250 si
1375 1214 1432 1250 vis
1449 1215 1594 1250 habere
1610 1214 1764 1249 frenum

452 1278 651 1325 ydoneum
669 1276 717 1311 ad
735 1286 895 1311 carnem
911 1282 1021 1309 tuam
1038 1273 1077 1308 in
1096 1272 1177 1309 suis
1197 1271 1535 1320 concupiscenciis
1555 1273 1766 1308 moderan-

453 1336 562 1381 dum,
588 1332 780 1369 meditare
805 1340 975 1367 mortem
999 1340 1108 1368 tuam
1134 1330 1290 1367 assidue
1313 1330 1421 1366 iuxta
1441 1331 1514 1366 hoc
1535 1329 1764 1365 metricum:

569 1392 655 1427 Non
690 1390 825 1426 melius
854 1389 999 1438 poterit
1031 1389 1195 1425 hominis
1226 1401 1318 1425 caro
1354 1388 1438 1424 viva
1464 1388 1631 1434 domari,

568 1450 727 1485 illm-tua
761 1448 885 1497 qualis
917 1447 990 1483 erit
1022 1459 1134 1496 quam
1167 1459 1321 1496 semper
1348 1446 1619 1495 permeditari.
1784 1459 1825 1480 20

511 1510 612 1544 Nam
658 1514 811 1543 constat
856 1504 1126 1553 experimento
1171 1504 1391 1541 certissimo
1436 1505 1544 1552 quod
1594 1502 1767 1539 hominis

454 1567 622 1602 cadaver
656 1573 859 1601 mortuum
894 1572 950 1599 est
983 1562 1109 1610 vilius,
1144 1562 1374 1599 horribilius
1404 1571 1440 1598 et
1463 1561 1621 1598 fetidius
1645 1574 1765 1609 quam

455 1625 648 1660 cadavera
681 1621 911 1659 bestiarum.
944 1623 1046 1657 Nam
1080 1633 1218 1657 saccus
1251 1630 1472 1657 stercorum
1508 1619 1569 1656 hic
1592 1619 1767 1656 tenerius

454 1683 645 1719 educatus
679 1681 773 1716 dum
808 1679 924 1716 fuerit
959 1688 1140 1715 mortuus
1174 1679 1261 1727 plus
1294 1678 1444 1715 vilescit
1477 1687 1513 1714 et
1547 1679 1641 1713 dum
1676 1689 1767 1724 sepe

456 1739 550 1776 mali
595 1738 756 1787 spiritus
801 1738 958 1774 fuerant
1002 1750 1121 1785 super
1164 1736 1295 1773 vivum
1343 1749 1486 1784 corpus
1539 1734 1825 1772 huiusmodi-25

456 1796 663 1843 dominati,
699 1792 702 1849 Ι
738 1795 825 1844 pari
872 1795 1076 1832 evidencia
1120 1794 1435 1831 dominabuntur
1479 1802 1516 1830 et
1560 1793 1768 1841 agitabunt
1784 1785 1866 1846 {¹³¹3

455 1855 586 1904 ipsum
621 1854 700 1891 iam
736 1862 954 1898 mortuum,
995 1852 1220 1901 specialiter
1259 1852 1289 1889 si
1322 1861 1488 1900 possunt
1522 1864 1565 1888 ex
1599 1853 1672 1887 hoc
1706 1864 1769 1886 su-
1786 1842 1850 1864 ³⁰⁰

456 1912 638 1961 perstites
673 1911 977 1948 habundancius
1011 1912 1257 1959 perturbare.
1292 1913 1340 1946 Et
1373 1918 1481 1958 patet
1514 1909 1654 1957 triplex
1678 1922 1751 1945 con

457 1970 561 2008 dicio
608 1969 754 2006 mortui
800 1968 977 2017 corporis
1022 1968 1187 2005 fetidati.
1242 1968 1347 2014 Quid
1395 1981 1488 2016 ergo
1540 1968 1643 2005 valet
1695 1965 1769 2002 sibi

457 2037 658 2065 transacta
692 2028 783 2076 gula
816 2027 894 2063 sive
932 2027 1100 2072 luxuria,
1141 2039 1231 2063 cum
1278 2026 1366 2062 finis
1410 2025 1501 2063 talis
1544 2024 1770 2062 necessario
1788 2029 1829 2061 30

458 2086 746 2135 consequetur?
779 2085 941 2122 indubie
976 2085 1145 2121 multum
1179 2084 1338 2121 nocebit
1361 2093 1441 2121 tam
1467 2083 1626 2132 corpori
1649 2095 1769 2131 quam

458 2144 603 2191 anime,
637 2157 728 2180 cum
753 2143 838 2191 ipsa
861 2143 938 2179 sint
962 2151 1154 2191 perpetuo
1179 2143 1450 2178 connectenda
1475 2151 1511 2178 et
1534 2149 1772 2189 perceptura

460 2203 684 2238 mercedem
731 2210 967 2249 perpetuam
1013 2202 1231 2237 secundum
1277 2202 1384 2248 quod
1430 2207 1657 2236 meruerant
1709 2197 1771 2233 hic

459 2260 499 2296 in
531 2259 605 2296 via.
653 2261 753 2295 Cum
788 2272 881 2307 ergo
915 2261 1064 2295 bonum
1099 2258 1138 2294 in
1172 2267 1315 2294 natura
1356 2271 1426 2294 sua
1471 2256 1612 2293 melius
1652 2264 1771 2303 atquc

460 2317 686 2353 diuturnius
719 2317 767 2353 sit
801 2319 848 2353 de
882 2317 1043 2353 racione
1076 2316 1272 2364 optacius,
1306 2325 1415 2364 patet
1449 2317 1555 2364 quod
1589 2315 1660 2350 iste
1694 2315 1773 2349 duo
1790 2318 1829 2350 35

460 2384 624 2423 peccata
657 2375 802 2411 exitum
838 2376 957 2411 talem
992 2374 1186 2411 habencia
1210 2375 1337 2410 forent
1361 2373 1658 2410 racionabiliter
1681 2385 1773 2408 con—

460 2434 717 2480 tempnenda.
764 2434 855 2469 Ideo
894 2432 989 2469 dicit
1022 2432 1188 2480 Sapiens
1220 2432 1340 2469 Eccli.
1365 2434 1467 2478 V110‚
1502 2444 1579 2477 40:
1625 2431 1702 2466 Fili
1737 2429 1772 2465 in

461 2492 634 2527 omnibus
678 2491 859 2540 operibus
902 2491 977 2526 tuis
1020 2503 1240 2527 memorare
1284 2490 1491 2526 novissima
1536 2497 1598 2525 tua
1651 2495 1687 2524 et
1738 2487 1773 2522 in

534 2621 552 2640 1.
570 2613 612 2640 A:
635 2611 806 2647 reclijz'can!
825 2613 925 2640 deest:
947 2611 986 2640 ib.
1010 2612 1034 2639 l)
1057 2612 1085 2638 in
1109 2620 1222 2646 marg:
1245 2611 1467 2639 C‹›n.x·1'derac1'0
1487 2611 1603 2638 mortui
1619 2611 1662 2637 ad
1681 2610 1773 2636 multa

462 2646 602 2686 uidelicet
615 2650 723 2674 cantra
736 2650 862 2682 peccam
875 2657 884 2675 :
904 2647 927 2673 E
942 2647 969 2673 in
988 2655 1101 2680 marga
1123 2646 1315 2677 lx‘ectl'sicact'o
1331 2647 1538 2682 strequz'arum.
1611 2655 1640 2679 4.
1662 2645 1703 2671 ll:
1725 2644 1774 2670 de-

453 2684 561 2717 sectus
581 2683 609 2708 iu
631 2686 702 2708 text.
723 2690 802 2708 corr.
825 2682 852 2708 in
876 2689 971 2715 marg,
1046 2690 1071 2716 7.
1094 2682 1138 2708 A:
1161 2682 1249 2708 valet.
1326 2682 1350 2709 15
1383 2683 1425 2708 A:
1448 2681 1561 2716 special.
1637 2688 1677 2714 ¹9-
1701 2679 1723 2706 Γ,
1745 2679 1772 2705 in

464 2725 559 2751 marg.
573 2726 577 2743 ε
601 2716 717 2743 Versus.
774 2724 817 2750 22,
830 2715 872 2743 23.
887 2717 929 2743 A:
945 2724 1036 2751 quam
1051 2716 1347 2742 rutilaret·mortuum
1362 2716 1538 2742 bustim-unz.
1600 2715 1643 2742 25.
1659 2714 1756 2740 vivum
1767 2723 1776 2744 ,-

463 2751 504 2777 b:
529 2759 638 2780 mmm:
659 2759 737 2778 corr.
754 2751 783 2777 iu
801 2759 896 2785 marg.
975 2750 1019 2777 30.
1042 2751 1086 2777 A:
1106 2750 1177 2781 finis
1197 2751 1290 2777 deest.
1364 2750 1406 2777 32.
1431 2750 1498 2777 DE:
1519 2749 1587 2785 ipsi.
1661 2748 1706 2781 34.
1728 2749 1773 2775 A:

462 2786 574 2820 igitur.
648 2785 692 2813 30.
714 2787 762 2812 A:
786 2789 943 2820 peccalum
964 2786 1054 2812 talem
1075 2785 1233 2811 lmlwncia.

538 2867 586 2902 19.
615 2857 667 2889 Cf.
695 2858 786 2899 Opp.
813 2857 979 2889 johannis
1007 2859 1091 2897 Hus,
1119 2858 1139 2889 l.
1167 2868 1193 2891 e.
1223 2857 1279 2889 sol.
1304 2854 1376 2900 49¹².
