2062 3276
242 252 377 282 senno
400 242 482 302 x11.]
722 258 915 299 QUARTA
940 259 1067 293 PARS.

296 364 481 400 Secunda
528 364 597 400 Dei
646 365 868 413 proprietas
922 376 978 404 est
1031 368 1320 414 nziset·1'cordia;
1371 382 1451 406 non
1497 380 1553 407 est

237 419 343 457 enim
387 421 573 469 possibile
618 424 725 471 quod
760 425 865 460 Deus
910 438 991 461 non
1036 425 1091 462 sic
1135 438 1225 462 vere
1269 426 1465 475 penitenti
1510 441 1554 465 ex

237 477 506 516 immensitate
539 492 609 517 sue
641 480 774 528 gracie
808 482 1032 520 miseretur.

294 538 341 573 Et
393 537 517 574 tercia
569 538 701 587 passio
747 539 818 575 Dei
863 549 939 577 stat
983 541 1023 577 in
1072 542 1147 578 isto
1192 543 1300 590 quod
1345 551 1402 579 est
1448 545 1553 580 Deus

203 597 391 631 §summe
426 596 596 644 paciens,
636 609 716 633 non
749 597 803 633 sic
837 600 945 646 quod
986 599 1129 647 aliquis
1163 602 1318 648 agendo
1350 601 1391 637 in
1424 603 1552 638 Deum

234 651 308 688 sibi
347 652 491 689 inferat
535 664 826 691 nocumentum
871 658 939 692 sed
988 657 1167 705 graciose
1212 668 1389 707 expectet
1434 669 1554 709 atque

235 709 390 746 diutine
423 713 530 759 quod
564 712 745 760 penitens
782 723 1050 751 convertatur.

293 770 447 813 Quarta
472 769 543 806 Dei
575 770 801 819 proprietas
835 781 891 808 est
915 774 1022 820 quod
1046 781 1100 810 est
1124 775 1242 811 multe
1265 775 1554 822 misericordie;

234 838 326 862 nam
360 836 571 875 peccatum
605 829 864 866 commissum
898 829 939 866 in
974 833 1101 867 Deum
1148 832 1265 880 exigit
1309 833 1340 869 si
1378 847 1458 871 non
1504 834 1552 871 sit

180 882 482 921 ioimmensitas
516 885 646 922 divine
681 886 953 925 misericordie
993 891 1100 938 quod
1145 903 1315 938 peccans
1360 892 1553 940 puniatur

233 942 337 978 ultra
371 955 492 991 quam
526 944 747 981 sufficimus
782 958 982 993 enarrare,
1028 961 1118 983 cum
1164 948 1430 987 annichilacio
1471 964 1551 987 non

232 1000 433 1037 sufficeret
467 1014 539 1038 nec
572 1015 675 1050 pena
709 1004 874 1052 dampni
907 1018 979 1041 nec
1013 1005 1147 1054 aliqua
1182 1019 1285 1055 pena
1318 1020 1469 1047 sensus.

1792 271 1843 306 99

1651 387 1675 406 2.
1698 380 1754 407 His

1597 415 1811 450 compassion,

1654 552 1678 581 3.
1700 554 1757 582 His

1580 588 1652 623 long
1673 590 1829 626 suffering,

1601 795 1630 820 4.
1652 786 1708 814 His
1728 793 1812 822 great

1648 831 1761 859 mercy,

289 1059 381 1095 Ideo
405 1059 586 1108 sequitur
609 1060 748 1109 quinta
774 1062 844 1098 Dei
868 1063 1092 1111 proprietas
1117 1066 1224 1112 quod
1249 1073 1303 1101 est
1321 1067 1550 1115 prestabilis
1565 1077 1589 1105 5.
1611 1077 1667 1105 His
1685 1079 1841 1108 readiness

230 1128 348 1165 super
400 1118 565 1156 malicia.
621 1120 790 1167 Oportet
833 1120 938 1156 enim
976 1124 1104 1158 Deum
1158 1132 1335 1170 prestare
1388 1124 1545 1161 veniam

135 1156 215 1233 ἓξὲξ
231 1175 433 1221 peccatori
467 1175 594 1212 eciam
636 1178 740 1214 ultra
784 1191 905 1226 quam
936 1175 940 1231 Ι
969 1180 1116 1217 sufficit
1161 1181 1295 1229 aliqua
1341 1192 1545 1230 creatura3

135 1230 143 1234 ”
230 1244 302 1268 nec
336 1234 451 1270 debet
485 1235 605 1271 homo
638 1235 677 1270 in
724 1235 799 1272 ista
847 1237 1107 1275 conversione
1154 1252 1236 1275 esse
1281 1239 1406 1288 piger,
1452 1241 1547 1289 quia

231 1299 591 1341 quantumcunque
637 1294 756 1330 homo
800 1295 1030 1342 penituerit,
1084 1310 1165 1333 non
1217 1297 1290 1334 scit
1323 1298 1368 1334 -si
1415 1299 1546 1336 debite

231 1358 488 1386 convertatur
520 1359 556 1386 et
590 1352 694 1387 Deus
727 1362 937 1399 peccatum
972 1354 1181 1401 dimiserit,
1221 1355 1313 1392 licet
1352 1369 1395 1392 ex
1428 1357 1546 1394 firmo

229 1407 436 1454 proposito
470 1409 654 1445 habuerit
687 1423 797 1458 spem
831 1412 1080 1459 probabilem
1115 1415 1223 1461 quod
1257 1424 1468 1462 peccatum
1502 1428 1545 1452 ex

172 1479 213 1501 πο
230 1464 301 1500 Dei
336 1465 613 1503 misericordia
646 1477 703 1504 est
736 1469 924 1506 deletum.
960 1471 1051 1507 Ideo
1085 1484 1174 1507 curn
1200 1484 1288 1520 spes
1313 1481 1349 1508 et
1372 1473 1544 1511 sciencia

228 1521 544 1571 distinguuntur,
578 1524 784 1573 signanter
817 1527 911 1564 dicit
934 1529 1150 1576 propheta:
1190 1530 1286 1580 Qtt's
1308 1531 1379 1567 scit
1400 1532 1434 1567 si
1455 1544 1543 1568 con-

229 1588 406 1617 vertatur
437 1590 472 1618 et
505 1583 681 1633 ignoscat
713 1585 822 1621 Deus
854 1593 889 1621 et
922 1587 1113 1636 relinquat
1140 1595 1231 1636 post
1270 1597 1432 1626 mortem
1467 1591 1544 1627 Dei

227 1638 563 1677 benediccionem?
586 1643 694 1689 quod
719 1642 763 1689 si,
787 1643 959 1691 penituit
986 1645 1202 1682 fructuose.
1238 1648 1286 1682 Et
1320 1660 1410 1683 cum
1444 1649 1542 1684 lzora

225 1696 273 1732 sit
306 1697 362 1733 sic
395 1698 469 1734 iam
504 1712 571 1735 nos
604 1701 650 1736 de
681 1713 842 1750 sompno
874 1714 1057 1753 surgere,
1104 1716 1195 1740 cum
1240 1704 1342 1741 sicut
1375 1718 1468 1742 caro
1502 1715 1539 1743 et

169 1754 383 1793 25animus
416 1768 725 1805 conpeccarunt,
771 1759 826 1795 sic
864 1770 1023 1808 oportet
1056 1763 1165 1810 quod
1197 1762 1399 1800 fructuose
1432 1764 1543 1812 peni-

224 1821 333 1849 teant
367 1813 429 1850 hic
462 1815 501 1851 in
535 1815 610 1852 via.
657 1818 826 1864 Oportet
870 1830 963 1866 ergo
1008 1833 1079 1856 nos
1123 1820 1267 1857 offerre
1307 1822 1540 1872 sacrificium

224 1878 259 1906 et
291 1872 454 1909 libamen
487 1873 652 1910 domino
686 1877 769 1912 Deo
808 1885 944 1913 nostro
984 1886 1021 1913 et
1059 1878 1224 1915 omnino
1266 1889 1426 1928 oportet
1470 1894 1541 1917 nos

224 1928 367 1966 offerre
401 1932 484 1967 Deo
523 1932 766 1969 sacrificium
806 1936 914 1982 quod
954 1944 1010 1971 est
1053 1936 1214 1985 spiritus
1261 1939 1542 1975 contrz'bulatus

227 1988 285 2034 (ut
318 1987 465 2025 dicitur
498 1990 642 2026 Psalm.
669 1992 734 2038 LO,
768 1998 828 2039 19)
862 2001 899 2028 et
933 2005 976 2029 ex
1009 2006 1077 2042 spe
1111 1992 1277 2032 libamen
1312 1996 1540 2033 devocionis

167 2051 209 2083 30
223 2048 443 2083 exercendo
475 2047 515 2083 in
548 2061 620 2084 nos
653 2057 690 2085 et
722 2049 924 2097 proximos
957 2064 1080 2100 opera
1113 2052 1305 2090 caritatis.

285 2104 418 2141 Canite
449 2106 537 2141 tuba
575 2106 616 2142 in
656 2107 868 2144 altitudine
906 2110 1139 2157 speculandi
1177 2120 1386 2160 tamquam
1426 2113 1538 2150 alteri

222 2160 410 2209 Ninivite‚
443 2163 611 2213 firmate
654 2165 832 2202 ieiunium
877 2180 899 2203 a
932 2177 1111 2216 peccato,
1158 2177 1290 2207 vocate
1321 2179 1539 2220 utrumque

221 2231 356 2255 sexum
390 2230 598 2270 tamquam
633 2223 847 2260 exercitum
873 2235 1013 2263 contra
1036 2227 1256 2274 diabolum,
1292 2228 1386 2276 quia
1415 2229 1539 2266 virtus

221 2277 333 2314 unita
365 2278 405 2314 in
438 2292 702 2327 personarum
738 2283 996 2320 multitudine
1029 2294 1086 2321 est
1111 2286 1259 2322 forcior
1281 2299 1321 2323 se
1346 2287 1535 2336 dispersa.

164 2337 312 2374 351deo
357 2336 452 2373 dicit
496 2340 710 2387 propheta:
761 2341 1012 2392 Congregate
1051 2345 1253 2392 populum,
1304 2347 1539 2396 sanctificate

220 2394 437 2443 ecclesiam,
482 2399 695 2434 coadunate
724 2410 849 2447 senes,
892 2409 1134 2451 congregate
1171 2403 1362 2451 parvulos
1406 2413 1442 2440 et
1475 2418 1538 2440 su-

289 2560 308 2580 1.
331 2553 359 2579 A
378 2553 407 2580 in
430 2561 544 2589 marg:
573 2562 596 2582 1.
687 2563 712 2582 2.
734 2557 779 2584 A:
806 2557 851 2584 sic
870 2557 964 2585 deest.
1055 2568 1084 2592 4.
1107 2559 1176 2587 DE:
1203 2562 1319 2594 tet-cim
1345 2562 1385 2589 ib.
1408 2564 1452 2590 A:
1481 2564 1540 2591 Dei

220 2586 319 2620 dec-su
340 2588 380 2615 ib.
397 2588 421 2615 E
442 2589 470 2615 in
494 2597 607 2623 marg:
637 2598 662 2624 3.
726 2592 752 2618 8.
768 2592 797 2619 A
813 2592 840 2618 in
864 2601 977 2628 marg:
999 2600 1042 2627 4:
1062 2595 1102 2622 ib.
1124 2595 1164 2622 E:
1186 2599 1233 2622 est
1250 2597 1345 2624 deest.
1403 2598 1439 2625 125.
1462 2598 1486 2625 E
1507 2600 1536 2626 in

220 2630 334 2656 marg:
356 2625 386 2649 5.
456 2624 490 2651 15.
513 2625 556 2651 A:
577 2619 636 2651 sed
652 2626 744 2653 ultra.
814 2628 854 2653 16.
876 2628 902 2654 I:
925 2629 1128 2656 conversione
1142 2631 1326 2665 penitencie.
1402 2641 1439 2668 ¹7·
1462 2633 1485 2660 E
1506 2634 1534 2660 in

220 2664 332 2691 marg:
354 2657 446 2685 Nola.
537 2666 583 2685 20.
605 2661 648 2687 A:
671 2668 735 2687 cum
756 2661 850 2688 deest.
942 2670 984 2690 22.
1006 2664 1033 2690 I:
1057 2665 1217 2700 relinquet.
1303 2666 1344 2693 23.
1366 2669 1424 2695 AI:
1446 2671 1476 2695 e!
1494 2669 1538 2695 sic

212 2692 356 2726 penituit.
430 2693 473 2720 25.
494 2693 538 2720 A:
559 2698 815 2730 conspectarum,-
834 2697 873 2723 ib.
889 2698 933 2724 A:
956 2701 1079 2733 oportet
1097 2700 1191 2726 deest.
1265 2709 1310 2737 27,
1325 2702 1370 2729 28.
1393 2702 1432 2730 E:
1455 2707 1484 2729 ct
1504 2719 1534 2722 —

217 2725 404 2760 sacrificium
425 2727 519 2755 deest.
594 2728 632 2756 31.
653 2730 724 2757 AE:
745 2733 807 2758 tam
828 2732 922 2759 deest.

289 2843 342 2865 21.
367 2835 454 2868 Joel.
480 2837 518 2876 ΙΙ,
543 2848 592 2879 14.
696 2840 749 2872 23.
778 2840 879 2872 Rom.
905 2841 991 2882 XIII,
1016 2851 1066 2874 11.
1169 2843 1221 2884 31,
1243 2844 1296 2876 32.
1322 2845 1408 2877 Joel.
1434 2845 1471 2885 ΙΙ,
1496 2845 1532 2877 15

220 2885 253 2912 et
275 2881 354 2913 Jon.
383 2882 435 2924 III,
463 2883 564 2928 6⁷4).
664 2886 679 2917 '³'
709 2909 716 2918 .
744 2887 788 2918 ib.
814 2887 862 2920 16.

1346 2959 1392 2991 7³(—

1610 1118 1641 1140 10
1662 1114 1793 1150 forgive.
