2062 3276
204 585 220 618 5

241 242 377 270 SERMO
398 232 491 289 xxi]
713 247 903 286 QUARTA
932 249 1054 280 PARS.

240 363 283 387 ex
315 350 490 388 limitato
524 352 659 390 officio
686 355 903 391 consolate.
939 356 1155 400 Quomodo
1180 368 1272 404 ergo
1298 367 1551 395 morerentur

240 408 421 445 homines
453 410 514 446 vel
546 412 867 459 producerentur
901 424 943 448 ex
969 412 1046 449 isto
1069 413 1218 460 officio,
1243 414 1274 450 si
1299 415 1432 452 anime
1455 425 1550 454 tunc

238 467 367 503 solum
401 467 512 504 unite
545 469 703 506 fuerant
736 469 814 506 illis
847 470 1086 518 corporibus
1120 480 1161 507 ut
1195 472 1408 510 motrices?

297 526 410 561 Unde
443 526 624 574 sequitur
656 526 695 563 in
729 536 835 564 textu
869 528 1050 576 epistole,
1091 530 1198 577 quod
1239 530 1377 567 dilexit
1414 544 1480 567 nos
1513 540 1548 568 et

237 583 329 618 lavit
367 595 436 619 nos
467 596 488 619 a
516 585 686 633 peccatis
724 586 867 621 nostris
899 587 935 622 in
967 587 1156 637 sanguine
1187 600 1255 623 szto
1287 596 1323 624 et
1344 590 1446 638 fecit
1478 603 1546 626 nos

237 653 401 690 regnum
441 649 476 677 et
513 643 735 679 sacerdotes
766 644 851 680 Deo
890 651 925 680 et
956 645 1071 680 Patri
1106 657 1188 691 suo,
1229 646 1303 695 ipsi
1338 647 1472 697 gloria
1512 656 1547 684 et

236 699 438 748 imperium
479 699 514 735 in
546 701 674 736 secula
706 702 936 738 seculorum.
973 703 1104 738 Amen.
1152 705 1194 739 In
1234 704 1376 752 quibus
1415 705 1545 742 verbis

236 756 366 804 primo
398 756 648 805 premittitur
669 759 790 795 Verbi
820 759 892 796 Dei
926 769 1063 797 eterna
1097 760 1264 798 dileccio
1298 771 1334 799 et
1367 765 1544 800 secundo

235 814 467 862 adiungitur
491 815 710 853 effectualis
734 826 770 853 et
793 818 1028 866 temporalis
1057 819 1290 856 dileccionis
1325 820 1408 857 eius
1441 822 1544 858 fruc-

181 871 424 918 1otificacio,
471 886 561 910 cum
608 874 648 910 in
696 875 864 912 caritate
908 885 1103 924 perpetua
1149 886 1186 914 et
1226 886 1364 915 eterna
1410 879 1545 916 dilexit

179 1166 214 1199 15

174 1467 213 1488 20

170 1747 209 1779 25

231 943 304 966 nos
347 940 383 967 et
416 931 578 968 attraxit
622 945 695 969 nos
741 933 936 970 miserans
980 947 1053 982 pro
1099 944 1281 983 tempore
1325 946 1542 985 oportuno,

232 987 288 1024 sIc
312 990 420 1036 quod
453 988 702 1038 impossibile
737 1000 794 1028 est
829 992 1034 1029 hominem
1070 993 1214 1030 salvari
1246 993 1323 1030 nisi
1356 994 1406 1031 sit
1438 995 1544 1032 lotus

231 1045 271 1082 in
308 1046 501 1094 sanguine
533 1049 624 1085 Jesu
658 1049 819 1087 Christi.
865 1052 947 1087 Nec
992 1060 1084 1087 sunt
1130 1051 1320 1088 audiendi
1364 1053 1543 1102 sophiste

231 1103 299 1152 qui
332 1104 585 1142 incarcerant
618 1109 737 1144 verba
772 1109 821 1144 de
853 1108 1042 1156 presenti,
1077 1109 1255 1146 dicentes
1279 1112 1387 1159 quod
1418 1111 1543 1148 nichil

231 1171 290 1198 est
321 1162 397 1199 nisi
429 1163 527 1200 illud
561 1166 672 1214 quod
706 1175 763 1202 est
796 1165 836 1202 in
860 1167 935 1203 hoc
958 1166 1142 1213 instanti3
1175 1181 1267 1205 nam
1292 1181 1412 1206 omne
1435 1171 1544 1218 quod

230 1219 303 1256 fuit
335 1221 395 1257 vel
429 1221 502 1258 erit
536 1231 604 1268 est,
640 1223 732 1272 quia
766 1223 881 1261 aliter
914 1224 1164 1273 impossibile
1186 1226 1288 1263 foret
1311 1228 1420 1276 quod
1443 1236 1544 1264 tem-

229 1291 302 1326 pus
347 1279 510 1327 aliquod
556 1290 657 1317 esset
702 1295 841 1330 prope.
888 1284 980 1319 Ideo
1015 1283 1196 1321 Christus
1241 1298 1315 1333 pro
1359 1294 1543 1334 tempore

230 1336 435 1373 effusionis
460 1337 520 1374 sui
544 1339 750 1387 sanguinis
774 1341 878 1377 lavat
903 1350 1068 1378 cunctos
1092 1343 1305 1380 salvandos
1328 1344 1543 1392 preteritos

230 1403 266 1430 et
299 1395 469 1441 futuros,
509 1409 589 1433 non
623 1407 757 1434 autem
792 1411 864 1447 pro
898 1408 1081 1448 tempore
1120 1402 1322 1450 adequato
1357 1401 1541 1439 effusioni

227 1451 332 1489 illius
366 1453 583 1502 sanguinis,
617 1457 685 1492 sed
718 1469 792 1504 pro
817 1470 962 1505 magno
987 1466 1169 1506 tempore
1192 1467 1319 1496 totam
1345 1459 1542 1497 imitacio-

226 1523 319 1547 nem
377 1511 608 1549 huiusmodi
662 1515 968 1563 complectente.
1022 1517 1191 1564 Sanguis
1239 1517 1345 1554 enim
1393 1518 1541 1555 Christi

227 1570 449 1606 secundum
489 1583 574 1607 esse
614 1584 729 1608 suum
769 1572 978 1621 spirituale
1019 1583 1076 1610 est
1110 1575 1223 1612 istius
1256 1584 1398 1612 nature
1431 1579 1540 1625 quod

228 1635 411 1675 penetrat
444 1641 570 1677 usque
604 1631 653 1665 ad
683 1630 902 1667 essenciarn
928 1631 1090 1680 spiritus
1115 1632 1246 1681 ipsum
1272 1634 1541 1672 mundificans

227 1697 250 1721 a
281 1695 449 1733 peccato
482 1686 668 1735 originali
702 1697 738 1725 et
772 1689 920 1726 actuali
966 1692 1337 1741 quomodocunque
1382 1702 1540 1730 contra—

227 1742 348 1790 hitur,
389 1745 483 1780 dum
523 1754 659 1782 tamen
698 1756 908 1794 peccatum
949 1748 1047 1784 illud
1087 1762 1167 1786 non
1201 1763 1245 1786 ex
1277 1750 1540 1788 induracione

226 1800 267 1837 in
300 1801 495 1850 Spiritum
530 1804 723 1841 Sanctum
763 1806 812 1842 sit
852 1806 1128 1844 commissum.
1174 1810 1222 1845 Et
1261 1808 1327 1845 illa
1366 1809 1540 1846 affinitas

228 1859 480 1897 contrahitur
515 1874 557 1898 ex
590 1862 725 1910 gracia
758 1873 795 1900 et
827 1864 1073 1912 gratitudine
1112 1866 1245 1902 fratris
1278 1867 1419 1904 nostri.
1467 1870 1541 1904 Per

225 1916 342 1954 istam
388 1928 521 1955 autem
567 1920 764 1957 locionem
812 1935 949 1959 sumus
995 1924 1194 1971 complete
1237 1925 1331 1962 facti
1372 1938 1537 1974 regnum

225 1977 334 2023 quod
368 1986 425 2013 est
458 1978 626 2015 ecclesia
659 1979 928 2028 triumphans.
963 1982 1011 2017 Et
1046 1994 1136 2018 curn
1170 1981 1209 2018 in
1242 1983 1373 2031 patria
1397 1985 1539 2021 damus

168 2038 210 2070 30
225 2033 431 2082 reciproce
463 2048 577 2072 sacra
611 2037 729 2083 dona,
763 2047 873 2086 patet
906 2040 1013 2087 quod
1048 2039 1087 2076 in
1111 2040 1242 2088 patria
1266 2041 1350 2078 sine
1375 2041 1538 2079 distinc-

166 2326 206 2360 35

225 2090 339 2128 cione
362 2105 525 2129 sexuum
550 2107 687 2131 sumus
711 2095 857 2144 singuli
881 2099 1124 2135 sacerdotes.
1160 2098 1382 2148 Episcopus
1401 2109 1536 2137 autern

223 2162 294 2186 nos
329 2163 568 2189 consecrans
602 2162 638 2189 et
672 2156 863 2191 excedens
901 2164 1061 2192 nostros
1102 2155 1315 2206 episcopos
1355 2166 1413 2195 est
1452 2158 1537 2207 epi-

223 2219 368 2257 scopus
401 2209 633 2247 animarum
668 2220 705 2248 et
738 2214 927 2250 sacerdos
961 2213 1001 2250 in
1034 2223 1238 2261 eternum3
1272 2215 1339 2264 qui
1373 2216 1537 2253 ascribit

223 2278 362 2303 omnes
394 2280 486 2304 suos
519 2269 744 2317 regnicolas
778 2272 827 2307 ad
862 2271 1111 2309 offerendum
1142 2283 1338 2322 perpetuo
1362 2287 1402 2311 se
1427 2274 1536 2323 ipsos

222 2324 373 2361 hostias
390 2326 579 2363 Trinitati
615 2337 651 2364 et
684 2330 734 2365 ad
767 2330 996 2366 docendum
1028 2331 1195 2368 caritate
1219 2332 1419 2370 obiectiva
1443 2346 1537 2370 con-

223 2382 325 2419 cives
365 2396 458 2420 suos
497 2385 623 2433 legem
665 2399 836 2434 sacram,
884 2401 959 2436 que
998 2401 1069 2438 per
1109 2390 1299 2427 deitatem
1339 2400 1535 2440 perpetuo

223 2450 279 2477 est
313 2442 476 2488 edocta;
516 2443 572 2479 illi
607 2456 701 2493 ergo
735 2445 927 2494 episcopo
961 2447 1033 2483 fuit
1070 2448 1203 2497 gloria
1242 2457 1277 2484 et
1316 2449 1535 2499 imperium,

291 2607 311 2633 1,
332 2607 357 2626 2.
378 2600 423 2627 A:
444 2601 603 2628 consolate
622 2617 655 2621 —-
675 2601 782 2638 officio
803 2604 897 2631 deest.
983 2612 1007 2631 2.
1029 2605 1073 2632 A:
1093 2605 1149 2632 sed
1166 2606 1278 2633 anime.
1364 2605 1392 2640 8,
1414 2615 1442 2642 9.
1464 2607 1534 2636 DE:

221 2633 349 2662 dileccio
371 2651 399 2653 --
421 2634 600 2663 dileccionis
619 2637 685 2664 eius
706 2637 799 2665 deest.
874 2637 912 2666 13.
934 2639 961 2666 I:
987 2639 1103 2667 Christi
1113 2640 1187 2668 Jesu
1207 2640 1316 2668 nostri.
1385 2642 1426 2669 16.
1449 2642 1534 2671 DEI:

220 2672 267 2696 est
278 2669 376 2696 twice.
461 2677 500 2697 21.
521 2670 546 2697 E
565 2671 595 2698 in
618 2679 733 2707 marg:
761 2672 915 2707 Eficacia
934 2675 1101 2709 sanguinis
1124 2675 1246 2702 Christi.
1332 2683 1379 2710 24,
1400 2676 1441 2704 25.
1463 2677 1532 2705 DE:

219 2704 422 2731 concluditur.
513 2713 559 2740 29.
579 2706 608 2733 I:
629 2710 675 2734 est
691 2707 759 2734 acci
782 2708 868 2735 encia
883 2711 926 2742 (Ρ)
946 2709 1102 2743 trinitati;
1127 2710 1166 2737 ib.
1187 2710 1289 2738 ADE:
1314 2711 1536 2746 triumphanti,-

219 2737 243 2765 E
263 2739 413 2766 correxit:
434 2739 635 2775 triumphans.
709 2740 752 2777 32,
772 2741 815 2770 33.
835 2744 880 2770 A:
901 2744 1028 2778 spiritus
1048 2745 1231 2772 animarum.
1306 2744 1351 2779 34.
1373 2747 1417 2773 A:
1439 2746 1532 2781 ipsas.

219 2772 262 2800 35.
283 2773 312 2800 I:
333 2774 514 2807 caritative;
534 2774 602 2802 DE:
625 2776 759 2804 caritate
778 2778 965 2805 obediencia.

287 2879 319 2909 4.
346 2870 455 2911 Apoc.
481 2870 599 2909 XXIV,
629 2870 657 2910 5,
684 2870 714 2903 s).

1764 245 1835 281 183

1591 539 1658 567 The
1680 539 1808 568 Word’s

1596 575 1670 614 love⁸
1683 576 1742 614 and
1764 576 1803 604 its

1656 612 1739 638 imit.
