2062 3276
233 302 312 349 450

258 541 315 580 We
336 547 417 570 must
431 550 474 581 *go

248 584 286 603 ΟΠ
309 585 480 611 lllcreastng

300 612 329 638 iu
350 612 427 639 Iove.

296 1601 428 1629 Clu-ist’s

252 1637 416 1664 command
439 1642 468 1664 10

303 1673 419 1707 forgive

291 1708 435 1734 offences

812 311 1034 345 ,IOHANNIS
1053 310 1237 344 WYCLIF
1257 311 1512 345 SERMONUM
1552 298 1703 358 [SERMO
1724 306 1830 336 LVIII-

519 428 626 467 patet
659 421 767 468 quod
799 419 963 468 obligati
996 432 1131 455 sumus
1171 420 1358 457 continue
1397 432 1574 457 crescere
1606 420 1646 457 in
1678 434 1828 467 amore,

519 478 612 526 quia
643 478 675 514 si
708 477 748 514 in
781 478 856 514 hoc
887 486 1037 514 stamus
1060 479 1119 515 vel
1143 478 1444 525 retrocedimus,
1478 488 1571 515 tunc
1603 491 1827 527 peccamus.

519 537 633 572 Unde
676 544 759 573 tam
805 544 1102 573 monstruosum
1144 537 1245 573 foret
1284 536 1486 573 hominem
1527 538 1752 574 decrescere
1792 537 1831 573 in

519 595 698 642 profectu
736 594 892 631 virtutis
932 607 1007 644 que
1046 608 1159 631 amor
1199 595 1344 632 dicitur
1376 608 1495 643 quam
1532 604 1827 632 monstruosum

518 652 618 689 foret
641 652 823 689 iuvenem
843 653 941 689 citra
964 662 1121 701 tempus
1143 661 1268 689 status
1288 655 1515 690 decrescere
1537 653 1576 689 in
1599 653 1829 689 fortitudine
1848 655 1862 686 Ξ

518 710 578 749 vel
615 720 779 757 statura,
819 719 856 747 et
894 723 940 747 eo
979 711 1108 747 maior
1141 724 1220 760 quo
1258 720 1382 748 status
1421 711 1569 748 amoris
1603 711 1669 760 qui
1701 712 1829 747 solum

519 777 575 805 est
617 769 658 805 in
701 768 831 817 patria
875 768 1026 805 excedit
1069 778 1215 806 statum
1261 769 1451 806 crementi
1488 770 1549 806 vel
1587 769 1830 806 fortitudinis

518 826 736 875 corporalis
775 827 815 863 in
852 826 927 863 via.
982 829 1115 863 Unum
1155 827 1259 864 enim
1300 837 1546 864 crementum
1586 827 1734 876 obligat
1773 827 1830 863 in-

517 884 704 921 teriorem
749 884 952 921 hominem
997 886 1069 922 sub
1113 898 1215 934 pena
1260 886 1413 934 peccati
1458 886 1638 922 mortalis
1683 894 1720 922 et
1758 887 1829 922 sub

517 944 682 980 obtentu
721 942 847 979 eterni
884 943 1027 992 premii
1060 952 1097 980 et
1129 943 1239 980 aliud
1271 945 1399 980 solum
1433 945 1503 980 sub
1542 957 1645 992 pena
1676 943 1829 992 peccati
1851 957 1888 976 ιω

517 1010 657 1038 nature
689 1002 797 1050 quod
829 1010 886 1038 est
917 1001 1119 1038 infinitum
1153 1002 1296 1041 minus.
1332 1003 1432 1039 Cum
1465 1014 1559 1050 ergo
1587 1015 1700 1039 amor
1725 1001 1830 1038 ordi-

517 1068 632 1096 natus
664 1059 864 1096 interioris
897 1059 1070 1097 hominis
1103 1060 1152 1097 sit
1173 1060 1253 1097 vita
1276 1060 1358 1097 eius
1381 1060 1599 1109 spiritualis
1622 1069 1658 1097 et
1681 1060 1830 1096 amoris

517 1117 606 1154 talis
643 1117 843 1167 principio
882 1117 931 1154 sit
970 1131 1076 1155 mors
1116 1118 1261 1165 anime,
1301 1127 1411 1167 patet
1449 1127 1600 1167 quanto
1639 1118 1728 1155 nisu
1769 1130 1830 1155 ex-

517 1188 757 1224 poneremus
789 1189 862 1225 pro
895 1176 970 1213 ista
1002 1176 1082 1214 vita
1114 1185 1307 1226 perpetua
1339 1178 1389 1214 ad
1422 1189 1542 1226 quam
1571 1176 1830 1226 consequitur

515 1234 595 1271 vita
629 1233 809 1284 corporis
842 1234 1095 1272 immortalis.
1849 1236 1884 1268 15

989 1383 1181 1424 SERMO
1214 1383 1356 1425 LVIII.

580 1479 762 1529 Oportuit
793 1486 828 1516 et
860 1486 895 1515 te
927 1479 1107 1515 misereri
1136 1479 1314 1515 conservi
1350 1479 1417 1526 tui,
1455 1479 1552 1515 sicut
1590 1486 1624 1515 et
1663 1491 1736 1529 ego
1774 1479 1829 1514 tui

516 1538 696 1574 misertus
726 1550 823 1575 sum.
858 1536 1025 1574 Matthei
1057 1538 1213 1583 XV1110‚
1251 1537 1314 1574 33.

574 1597 742 1632 Constat
781 1608 824 1631 ex
863 1594 970 1631 dicto
1010 1594 1187 1643 capitulo
1228 1595 1434 1643 quomodo
1468 1594 1650 1632 Christus
1690 1594 1826 1631 docuit

516 1656 675 1690 Petrum
710 1662 746 1690 et
769 1666 839 1702 per
872 1665 1120 1702 consequens
1149 1652 1326 1700 singulos
1361 1652 1598 1689 christianos
1621 1654 1825 1701 quomodo
1843 1664 1884 1685 20

514 1713 659 1748 debent
691 1724 771 1748 non
803 1712 932 1748 solum
965 1723 1091 1760 usque
1119 1723 1262 1760 sepczes
1289 1719 1333 1747 ut
1364 1710 1404 1746 in
1435 1710 1558 1747 veteri
1585 1719 1825 1747 testamento

513 1769 717 1807 remittere
750 1769 938 1806 fratribus
971 1778 1230 1818 peccatorum
1277 1768 1450 1805 offensas
1481 1769 1550 1805 sed
1587 1781 1704 1818 usque
1739 1781 1824 1818 sep-

513 1828 664 1879 tuagies
706 1828 845 1877 septies
889 1828 1253 1876 correspondentes
1293 1828 1342 1864 ad
1387 1826 1680 1875 perfeccionem
1733 1827 1823 1863 noxi

512 1886 753 1923 testamenti.
794 1886 1054 1934 Septenarius
1087 1885 1192 1922 enim
1225 1885 1356 1933 signat
1393 1884 1694 1922 universitatem
1733 1897 1824 1933 pec-

513 1952 693 1981 catorum
718 1953 859 1981 contra
892 1945 1030 1980 decem
1055 1945 1267 1990 mandata;
1300 1943 1546 1980 undenarius
1568 1955 1661 1980 vero
1693 1942 1824 1991 signat
1842 1944 1880 1976 25

511 2002 870 2050 transgressionem
895 2001 1087 2050 decalogi,
1122 2001 1177 2039 ita
1200 2003 1309 2050 quod
1341 2001 1493 2050 sepcies
1522 2000 1710 2038 undecies
1734 2013 1824 2049 pec-

513 2070 601 2097 cata
633 2059 784 2097 remitti
820 2061 991 2097 debeant
1025 2060 1093 2109 qui
1115 2072 1305 2096 numerus
1339 2059 1546 2096 constituit
1569 2058 1823 2108 septuaginta

512 2127 677 2166 septem.
712 2117 852 2166 Signat
876 2120 984 2168 quod
1007 2118 1331 2167 quociescunque
1354 2117 1441 2166 quis
1464 2117 1685 2165 frangendo
1710 2118 1823 2154 deca-

513 2178 649 2225 logum
673 2186 813 2224 peccat
835 2176 875 2212 in
899 2176 1124 2225 proximum
1148 2176 1352 2224 proximus
1379 2177 1494 2212 debet
1511 2175 1584 2211 sibi
1603 2174 1821 2220 remittere,

514 2244 551 2271 et
582 2247 652 2282 per
676 2247 923 2283 consequens
957 2247 1047 2271 cum
1070 2247 1151 2270 non
1183 2242 1374 2282 peccatur
1396 2233 1472 2269 nisi
1496 2242 1636 2269 contra
1659 2232 1821 2281 aliquod
1839 2235 1880 2267 1³0

514 2294 651 2329 decem
676 2294 960 2329 mandatorum
993 2305 1066 2329 nec
1090 2300 1280 2340 peccatur
1313 2300 1452 2328 contra
1475 2303 1599 2327 unum
1633 2290 1707 2327 nisi
1732 2303 1822 2339 pec-

514 2352 642 2387 cando
675 2360 814 2387 contra
847 2350 1069 2399 quodlibet,
1109 2350 1365 2387 manifestum
1401 2358 1458 2386 est
1497 2351 1604 2398 quod
1636 2350 1708 2385 sub
1748 2348 1823 2385 ista

514 2408 771 2446 universitate
803 2408 1014 2446 undenarii
1053 2408 1271 2457 precipitur
1311 2407 1494 2444 remi5sio
1534 2406 1698 2444 unitatis
1732 2419 1822 2455 pec—

513 2466 730 2504 caminum.

571 2526 748 2563 Moveret
785 2533 919 2562 autem
960 2526 1010 2562 ad
1050 2524 1337 2561 remittendum
1386 2523 1442 2560 sic
1481 2531 1647 2572 peccata
1685 2533 1821 2558 sensus
1839 2524 1878 2556 '35

515 2583 693 2620 misticus
715 2582 965 2620 narracionis
999 2582 1053 2620 rei
1077 2591 1198 2631 geste.
1231 2584 1332 2619 Nam
1357 2594 1421 2618 rex
1453 2581 1616 2630 quidam
1641 2589 1821 2617 terrenus

581 2739 597 2767 3
623 2740 657 2767 ⁷5.
673 2739 746 2768 DG:
767 2740 916 2767 hominem
929 2739 1061 2775 —sorel
1075 2740 1168 2767 deest.
1232 2747 1271 2766 ιο.
1290 2739 1329 2765 D:
1351 2738 1480 2773 aliquid.
1549 2746 1588 2772 ¹4·
1605 2738 1647 2764 G:
1670 2737 1724 2764 illa
1746 2737 1819 2764 vila.

515 2774 550 2803 15.
572 2775 644 2802 DG:
675 2776 860 2802 Immortalis
885 2774 986 2802 Amen.
1100 2782 1146 2807 ιη.
1169 2773 1210 2801 25.
1233 2775 1276 2800 A:
1305 2773 1505 2808 Seplenarius
1536 2790 1548 2791 π
1591 2775 1701 2799 comm
1727 2772 1819 2799 deest.

514 2818 558 2845 27.
579 2810 619 2837 1³:
646 2810 799 2837 debebant.

589 2903 637 2934 17.
665 2893 792 2934 Gospel
821 2892 873 2923 for
901 2891 978 2923 22¹¹d
1004 2892 1145 2934 Sunday
1172 2891 1257 2922 after
1283 2891 1427 2933 Trium:
1541 2900 1593 2930 21,
1622 2899 1674 2921 22.
1702 2888 1818 2920 Matth.

512 2940 631 2978 XVIII,
659 2949 711 2970 2¹2.
