2062 3276
241 261 377 291 SERMO
398 252 480 309 xxxj
720 263 911 305 QUARTA
939 264 1066 296 mas.

240 381 305 408 tur
337 384 482 419 penam
516 370 556 407 in
590 370 729 408 mortis
763 370 945 418 articulo,
990 370 1147 408 videtur
1186 372 1293 420 quod
1326 371 1417 408 licet
1450 385 1554 421 papa

239 442 334 465 suus
367 429 473 478 ipsos
506 429 722 466 absolverit
755 429 795 465 in
829 442 1001 477 persona
1035 429 1212 478 propria,
1259 442 1339 466 non
1385 439 1500 466 erunt
1534 443 1555 466 a

240 500 341 536 pena
381 486 617 535 simpliciter
661 487 847 533 absoluti,
893 496 929 524 et
975 488 1101 523 multo
1146 487 1374 524 evidencius
1419 487 1555 524 anima

240 554 328 594 post
362 554 531 582 mortem
566 546 612 581 de
646 545 719 582 ista
752 545 988 582 infidelitate
1028 545 1267 582 int'undabili
1313 545 1554 583 condolebit.

207 608 222 639 5
297 605 376 640 Nec
410 604 512 640 valet
556 603 660 639 istud
706 604 821 640 fallax
865 603 1071 652 sophisma
1115 605 1223 652 quod
1268 603 1487 640 absolvitur
1535 617 1555 640 a

240 674 354 709 pena,
389 661 484 710 quia
517 674 539 697 a
572 674 674 709 pena
706 661 779 708 vie,
825 674 845 698 a
892 674 994 709 pena
1040 661 1261 709 purgatorii
1306 671 1343 698 et
1388 675 1409 698 a
1454 674 1556 710 pena

239 719 381 755 inferni
415 718 647 765 absolvitur,
682 732 802 767 quam
838 733 981 767 penam
1016 719 1131 755 aliter
1164 719 1389 765 sustineret,
1431 729 1467 756 et
1502 719 1555 755 sic

238 777 312 813 ista
346 777 569 825 preposicio
604 778 652 814 ‘a‘
687 790 766 813 non
810 777 1006 814 mobilitat
1050 779 1117 813 sed
1162 777 1366 814 verificata
1412 790 1556 825 propo-

238 835 387 872 sicione
422 849 494 883 pro
528 835 761 883 particulari
796 845 872 872 stat
906 835 1158 883 indulgencie
1192 835 1396 872 concessio
1419 835 1556 872 incon-

187 908 223 928 ιο
240 906 366 929 cussa.
413 896 489 929 Ista
524 903 657 930 autem
694 894 801 930 fraus
834 893 1054 942 sophistica
1088 907 1168 930 non
1203 894 1274 930 fuit
1319 907 1340 930 a
1385 894 1556 941 dyabolo

239 964 308 999 pre
341 951 581 988 verecundia
615 960 866 999 attemptata.
914 954 1014 988 Cum
1050 952 1155 988 enim
1189 951 1264 988 ista
1297 951 1467 1000 perfidia
1500 950 1557 987 di-

240 1009 291 1046 cit
324 1011 430 1057 quod
463 1009 519 1046 sic
554 1009 813 1058 peregrinans
847 1010 1067 1046 absolvitur
1100 1023 1121 1046 a
1154 1023 1257 1058 pena
1280 1019 1316 1046 et
1340 1010 1457 1057 culpa
1481 1023 1557 1057 que

238 1081 444 1116 nunquam
479 1067 608 1114 infuit,
642 1068 818 1104 annectit
851 1081 1054 1104 summum
1088 1067 1335 1116 impossibile
1359 1069 1467 1116 quod
1491 1069 1557 1104 ab-

238 1126 416 1172 solvitur,
463 1126 558 1174 quia
603 1135 711 1162 caret
756 1139 858 1174 pena
904 1135 940 1162 et
985 1127 1103 1174 culpa
1148 1126 1223 1162 ista
1266 1127 1326 1162 vel
1371 1126 1437 1162 illa
1481 1138 1557 1174 que

186 1183 354 1220 15aliter
386 1183 580 1222 infuisset.
627 1184 726 1230 Quis
772 1198 868 1232 rogo
914 1184 1070 1221 dubitat
1116 1184 1212 1232 quin
1258 1184 1333 1221 ista
1366 1183 1558 1220 connexio

239 1242 287 1278 sit
321 1255 476 1278 summe
509 1242 781 1290 impossibilis,
827 1244 934 1291 quod
981 1242 1011 1278 si
1056 1244 1178 1279 homo
1223 1244 1340 1278 datus
1385 1255 1464 1278 non
1504 1241 1557 1277 sic

239 1301 400 1343 faceret,
434 1300 508 1337 ista
543 1313 645 1348 pena
678 1300 820 1336 inferni
854 1302 913 1337 vel
947 1300 1170 1348 purgatorii
1204 1300 1324 1337 alicui
1348 1299 1558 1336 infuisset?

297 1358 504 1404 Similiter,
539 1358 647 1394 iuxta
678 1360 780 1395 hanc
814 1358 1091 1395 infidelitatem
1137 1358 1226 1395 talis
1271 1358 1492 1395 absolvitur
1536 1371 1557 1394 a

240 1428 341 1464 pena
375 1425 411 1452 et
446 1417 563 1464 culpa
586 1416 756 1463 infinita,
793 1430 881 1453 cum
908 1417 1087 1465 qualibet
1110 1417 1179 1453 tali
1203 1426 1309 1453 caret
1334 1425 1370 1452 et
1394 1425 1558 1464 propter

182 1487 224 1508 20
240 1475 358 1510 talem
394 1474 763 1523 peregrinacionem
799 1475 885 1523 pari
919 1474 1124 1511 ex-idcncia
1157 1487 1237 1523 qua
1260 1483 1424 1522 propter
1447 1473 1556 1510 illam

239 1532 371 1580 aliqua
405 1545 507 1581 pena
540 1542 660 1569 caret.
706 1534 797 1569 Ideo
838 1533 1066 1570 evidencius
1111 1533 1288 1570 dicerent
1332 1533 1472 1569 fratres
1517 1532 1556 1568 in

239 1590 312 1626 ista
348 1591 513 1627 materia
548 1591 716 1627 dicendo
750 1593 856 1640 quod
902 1605 923 1627 a
969 1591 1215 1628 beatitudine
1260 1592 1381 1628 homo
1426 1591 1555 1627 absol-

238 1648 343 1685 vitur
375 1658 539 1697 propter
572 1648 681 1685 illud.
729 1649 827 1695 Quis
873 1663 969 1697 rogo
1015 1651 1251 1686 concederet
1291 1650 1399 1697 quod
1434 1650 1555 1685 homo

239 1716 403 1755 propter
435 1707 531 1743 illud
576 1707 794 1744 absolvitur
838 1721 859 1744 a
904 1721 1006 1756 pena
1050 1707 1220 1754 infinita,
1265 1707 1359 1755 quia
1403 1706 1557 1755 plurior

182 1767 342 1813 25pena
376 1765 502 1802 eciam
536 1764 693 1802 infinita
725 1779 806 1802 non
840 1775 897 1802 est
930 1775 1095 1814 propter
1128 1767 1230 1802 hanc
1259 1765 1553 1813 indulgenciam

239 1823 279 1859 in
313 1823 389 1859 isto
424 1823 585 1860 homine
619 1837 739 1872 quam
775 1833 833 1860 est
866 1824 905 1860 in
950 1826 1115 1871 mundo,
1162 1823 1264 1861 sicut
1309 1825 1443 1871 plures
1487 1824 1554 1859 ho-

239 1881 364 1917 mines
397 1895 518 1929 quam
553 1891 644 1918 sunt
677 1881 708 1917 si
741 1882 864 1930 aliqui
899 1882 1079 1918 homines
1113 1896 1192 1919 non
1226 1882 1340 1918 sunt?

297 1941 372 1976 Sed
407 1939 669 1987 relinquendo
700 1939 817 1976 istam
847 1940 1065 1976 vanitatem
1096 1940 1254 1988 dyaboli
1284 1948 1433 1976 textum
1466 1953 1555 1987 pro-

240 1997 443 2046 pheticum
479 2011 791 2046 prosequamur:
826 1999 927 2035 Ecce
949 2011 1021 2049 ego
1046 1999 1167 2045 mitto,
1192 1997 1320 2047 inquit
1344 2000 1463 2044 Deus,
1488 2010 1553 2033 an-

183 2062 224 2093 30
238 2057 369 2106 gelum
389 2069 513 2092 meum
537 2063 624 2091 ante
635 2056 783 2105 faciem
801 2064 919 2103 tuam,
939 2058 1046 2104 quod
1065 2056 1137 2092 fuit
1155 2069 1292 2092 verum
1313 2058 1362 2093 ad
1383 2055 1555 2092 litteram

240 2115 287 2150 de
311 2113 441 2161 primo
475 2113 623 2150 Christi
657 2115 842 2155 adventu,
884 2127 973 2150 cum
1015 2114 1087 2151 fuit
1119 2117 1225 2150 Deus
1258 2114 1487 2151 eternaliter
1520 2123 1556 2150 et

240 2173 361 2208 homo
395 2184 465 2220 per
497 2172 821 2208 incarnacionem
868 2172 1155 2220 temporaliter.
1200 2173 1376 2221 Angelus
1420 2180 1553 2209 autem

242 2230 383 2266 missus
417 2230 581 2278 intelligi
615 2240 744 2278 potest
778 2231 955 2278 Baptista
990 2231 1057 2279 qui
1090 2231 1193 2267 viam
1219 2230 1381 2267 Domini
1415 2243 1556 2278 prepa-

243 2288 342 2324 ravit
401 2290 481 2324 Nec
526 2289 644 2324 refert
689 2288 719 2324 si
753 2298 879 2325 textus
924 2289 996 2325 iste
1029 2290 1184 2337 legatur
1217 2289 1291 2325 sic:
1338 2289 1440 2325 Ecce
1483 2301 1556 2339 ego

185 2348 224 2382 35
243 2347 350 2382 mitto
384 2347 567 2396 angelum
602 2359 726 2382 meum
760 2347 825 2395 qui
862 2348 1094 2396 preparabit
1141 2347 1238 2383 viam
1284 2355 1371 2383 ante
1404 2347 1553 2396 faciem

242 2412 360 2448 tuam,
413 2404 508 2452 quia
560 2404 691 2452 prima
744 2418 914 2453 persona
961 2406 1149 2453 loquente
1194 2407 1243 2442 ad
1287 2406 1463 2441 Verbum
1509 2406 1555 2441 de

242 2464 423 2498 Johanne
454 2462 633 2510 Baptista
665 2475 745 2499 una
779 2472 836 2499 est
869 2465 1090 2512 eademque
1120 2463 1337 2509 sentencia,
1371 2472 1414 2499 ut
1447 2472 1555 2511 patet

244 2521 383 2557 Matth.
404 2522 489 2567 X10‚
514 2534 571 2557 10.
606 2523 654 2557 Et
687 2521 867 2569 sequitur
900 2521 941 2557 in
974 2530 1100 2558 textu:
1134 2522 1187 2557 Et
1208 2522 1336 2557 statim
1362 2522 1482 2557 veniet
1505 2522 1556 2556 ad

245 2579 427 2628 templum
461 2587 635 2615 sanctum
668 2591 777 2616 suum
813 2580 1035 2616 dominator
1067 2591 1175 2629 quem
1212 2592 1277 2616 vos
1309 2580 1481 2628 queritis,
1522 2587 1556 2615 et

315 2724 338 2750 ς.
359 2724 403 2752 A:
423 2725 491 2751 sola
511 2739 519 2750 ι
533 2724 602 2751 uod.
676 2733 702 2759 7.
723 2726 766 2752 A:
787 2733 878 2761 quam
894 2726 1058 2760 penaliler.
1132 2725 1158 2753 8.
1180 2726 1220 2753 E:
1241 2734 1259 2753 a
1281 2726 1375 2753 deest,
1451 2732 1489 2752 21.
1512 2725 1555 2751 A:

243 2759 308 2786 alia
325 2767 406 2794 pena
417 2769 428 2792 ;
455 2759 494 2786 ib.
528 2760 539 2775 ἲ
560 2759 589 2786 in
612 2767 725 2795 marg:
745 2759 906 2787 Absolucio
926 2768 944 2787 a
965 2760 1162 2788 beatitudine.
1185 2760 1274 2788 Nota.
1419 2768 1465 2795 2⁴)-
1487 2760 1555 2787 DE:

243 2794 370 2821 mittam.
446 2793 489 2829 37.
512 2794 629 2822 Codd.:
650 2794 775 2827 eadem;
795 2795 833 2822 E:
855 2803 913 2830 que
931 2795 1027 2822 adda.

317 2898 369 2933 29.
396 2888 474 2920 Mal.
501 2889 553 2929 ΙΙΙ,
579 2899 604 2920 1.
703 2888 755 2922 38.
783 2889 827 2922 ib.

1606 671 1630 698 It
1652 670 1677 698 is
1697 679 1713 698 a
1735 679 1816 698 mere

1578 706 1718 741 sophism
1741 711 1771 733 to
1794 714 1846 742 say

1573 741 1642 777 they
1654 740 1756 767 would
1771 741 1846 768 have

1584 776 1672 803 uther
1693 776 1762 811 pain
1787 776 1838 802 but

1651 811 1698 838 for
1719 811 1768 838 tlle

1613 846 1804 880 indulgence.

1642 1483 1710 1510 Men
1733 1491 1783 1510 arc

1586 1518 1731 1546 absolved
1754 1518 1833 1545 from

1591 1553 1740 1588 penalties
1762 1554 1828 1580 that

1590 1589 1660 1624 they
1681 1588 1756 1615 have
1777 1592 1830 1615 not

1632 1622 1784 1650 incurred.

1629 2182 1787 2217 l'rophecy

1589 2218 1711 2245 sullilled
1727 2217 1762 2256 'in
1785 2217 1834 2244 the

1644 2254 1775 2288 Baptist,
