2062 3276
256 257 392 286 SERMO
413 246 507 304 Lv1.]
737 259 928 299 QUARTA
956 258 1082 289 PARS.

314 370 415 405 Sunt
455 376 490 404 et
530 367 692 404 secundi
739 366 805 415 qui
851 377 918 401 ore
964 365 1121 412 polluto
1166 363 1375 399 nominant
1421 375 1569 398 nomen

257 435 438 463 sanctum
463 425 534 462 Dei
559 425 729 462 iurando
753 424 794 460 in
816 435 976 469 vanum,
1011 421 1112 458 sicut
1146 422 1276 458 maior
1299 434 1391 469 pars
1417 420 1592 466 mundhi

256 485 346 520 ideo
371 484 504 521 deficit
527 483 643 520 nobis
666 481 871 532 proteccio
904 479 1009 517 illius
1042 479 1232 515 nominis.
1269 480 1439 524 Quando
1464 478 1569 514 enim

1776 245 1856 292 439

1611 370 1651 396 At
1672 369 1768 403 rising,¹
1789 377 1833 395 wc

1603 404 1668 438 sign
1691 404 1847 430 oui-selvcs

1598 447 1614 465 n
1637 438 1736 465 God's
1757 446 1859 469 name,

1586 473 1644 500 aud
1668 474 1714 500 sor
1734 473 1784 500 the
1801 477 1861 499 rest

1586 508 1681 535 ostile
1697 508 1754 534 duv
1772 515 1824 534 use
1840 507 1860 534 it

259 555 375 579 mane
416 541 709 590 consurgimus,
754 539 959 588 signamus
997 551 1070 574 nos
1110 538 1144 573 in
1185 537 1335 573 nomine
1368 536 1499 572 Patris
1537 539 1854 578 etoulyprosam-ly.

225 601 349 636 §Filii
380 608 413 636 et
447 600 615 649 Spiritus
647 598 790 643 Sancti,
836 597 875 633 in
915 609 994 645 quo
1034 595 1199 632 nomine
1238 607 1376 630 sumus
1416 593 1455 629 in
1494 593 1572 641 pri-

259 658 425 695 mordiis
467 656 674 706 baptizati,
720 657 787 692 sed
828 668 898 703 per
936 662 1064 691 totum
1106 652 1310 689 residuum
1358 651 1572 688 abnuimus

259 716 357 752 illud
390 727 538 752 nomen
572 715 665 761 Dei3
706 722 742 751 et
782 726 872 750 cum
913 712 953 748 in
993 724 1137 749 vanum
1183 712 1233 747 ad
1278 710 1572 746 ostendendum

258 783 438 811 nostram
454 786 646 822 pompam
666 772 796 821 ipsum
817 770 1058 819 proferimus
1083 778 1120 806 et
1144 769 1199 805 sic
1219 767 1411 817 prostrati
1436 779 1574 803 sumus

259 832 435 869 iacentes
484 830 686 879 provoluti
735 842 871 866 coram
921 828 1115 869 hostibus,
1162 826 1228 862 ubi
1278 834 1457 862 tenentes
1502 837 1574 860 nos

205 890 363 926 iointer
400 889 549 926 limites
589 889 705 925 huius
739 887 915 924 nominis
949 886 1023 922 tuti
1057 897 1327 934 pugnaremus
1361 884 1401 919 in
1435 882 1574 920 castris

261 948 422 985 Domini
458 956 598 984 contra
632 946 782 983 diaboli
817 945 1047 990 exercitum,
1082 943 1176 991 quia
1201 945 1315 979 Prov.
1339 943 1497 988 XV1110,
1529 953 1573 976 10

261 1006 425 1043 dicitur:
473 1006 611 1041 Turris
638 1004 864 1054 fortissima
898 1015 1032 1039 nomen
1066 1001 1245 1037 Domini:
1283 1001 1388 1036 unde
1420 999 1576 1035 videtur

262 1064 358 1101 mihi
375 1065 483 1113 quod
506 1063 594 1100 falsi
619 1061 826 1100 christiani
844 1062 931 1109 plus
948 1073 1068 1109 quam
1086 1058 1236 1095 diaboli
1256 1058 1575 1106 blasphemando

262 1135 409 1159 nomen
444 1121 606 1158 Domini
640 1122 898 1169 degenerant,
932 1131 1027 1155 nam
1060 1118 1095 1153 in
1130 1117 1279 1153 nomine
1312 1115 1458 1152 domini
1486 1115 1574 1151 Jesu

208 1184 243 1216 15
262 1193 370 1218 omne
401 1193 504 1231 genu
527 1180 717 1230 flectatur
748 1178 956 1215 celestium,
989 1176 1235 1212 terrestrium
1260 1182 1295 1210 et
1317 1175 1576 1223 infernorum,

262 1239 301 1275 in
325 1248 481 1275 tantum
503 1239 611 1287 quod
635 1237 702 1273 illo
726 1235 891 1273 nomine
915 1235 1099 1271 diabolus
1123 1234 1295 1281 fugatur,
1321 1232 1389 1268 illo
1413 1230 1577 1267 nomine

262 1296 474 1334 ahorcistis
509 1305 545 1333 et
579 1294 745 1343 magicis
779 1302 1023 1342 provocatur
1047 1301 1083 1328 et
1108 1292 1148 1328 in
1170 1291 1239 1327 1110
1273 1290 1436 1326 nomine
1470 1289 1577 1325 iuva-

264 1368 355 1392 men
400 1354 555 1392 celestis
601 1353 793 1390 exercitus
846 1351 1068 1396 invocatur,
1124 1362 1214 1386 cum
1260 1361 1332 1384 non
1377 1348 1424 1384 sit
1472 1347 1580 1383 aliud

263 1426 398 1450 nomen
443 1413 511 1449 snb
557 1412 650 1457 celo,
695 1412 730 1447 in
779 1423 850 1460 quo
895 1416 1046 1459 oportet
1090 1420 1158 1444 nos
1201 1407 1332 1443 salvos
1369 1406 1476 1456 fieri.
1532 1407 1579 1441 Et

207 1484 248 1505 20
264 1481 398 1508 tamen
439 1470 537 1506 illud
576 1469 742 1518 dignum
781 1480 931 1505 nomen
970 1480 992 1503 a
1029 1466 1312 1502 nominetenus
1352 1462 1579 1500 christianis

263 1539 348 1566 tota
372 1528 434 1566 die
458 1529 635 1565 frontose
659 1528 981 1575 blasphematur3
1015 1525 1123 1573 quod
1148 1523 1332 1560 diabolus
1355 1534 1436 1558 non
1460 1522 1580 1558 audet

264 1589 408 1634 facere,
449 1586 540 1624 ideo
573 1586 695 1623 falsus
729 1584 970 1621 christianus
1004 1591 1046 1619 ut
1079 1581 1134 1618 sic
1168 1589 1225 1618 est
1257 1580 1369 1629 peior
1403 1579 1578 1616 diabolo.

320 1645 465 1682 Tercio
504 1644 747 1682 christianus
787 1642 933 1691 accipit
976 1640 1258 1678 nominetenus
1292 1638 1331 1674 in
1365 1638 1580 1675 confirma·
1594 1644 1635 1670 At
1655 1642 1871 1670 confirmation

1613 1687 1658 1705 wc
1678 1686 1747 1705 acce
1759 1682 1783 1704 nt
1804 1679 1853 1704 the

266 1704 379 1741 cione
417 1716 565 1740 nomen
605 1701 744 1738 militis
777 1699 927 1738 Christi
966 1708 1003 1736 et
1042 1707 1178 1735 tamen
1218 1710 1291 1745 pro
1333 1705 1442 1733 metu
1480 1704 1870 1740 tem-nameofsshrisffl

209 1762 463 1811 25poralium
506 1770 548 1797 ut
593 1759 732 1796 mundi
782 1758 935 1795 diviciis
981 1766 1017 1794 et
1063 1755 1283 1793 honoribus
1328 1768 1401 1803 pro
1448 1753 1579 1790 carnis

265 1820 538 1869 voluptatibus
571 1832 652 1855 non
685 1819 806 1854 audet
837 1816 1015 1853 officium
1053 1814 1190 1850 militis
1209 1812 1358 1850 Christi
1382 1811 1578 1860 accipere.

266 1880 333 1916 Ille
373 1891 467 1927 ergo
506 1891 588 1913 non
627 1875 867 1921 sanctificat,
912 1874 950 1910 id
991 1882 1060 1918 est,
1108 1873 1242 1909 firmat
1280 1870 1320 1907 in
1360 1884 1399 1907 se
1432 1883 1581 1906 nomen

268 1937 338 1973 Dei
371 1939 439 1973 sed
474 1935 612 1984 pocius
647 1933 846 1971 cassificat
886 1931 1134 1980 implicando
1169 1932 1216 1966 de
1251 1932 1335 1965 Deo
1369 1932 1580 1977 (quantum

267 1995 304 2031 in
329 1995 416 2043 ipso
440 1998 511 2039 est)
545 1995 652 2042 quod
677 1993 726 2029 sit
749 2000 908 2028 amator
940 1988 1231 2038 superfluitatis
1254 1987 1332 2024 ocii
1357 1995 1394 2023 et
1418 1985 1578 2023 erroris.

211 2058 252 2090 30
268 2055 382 2090 Unde
436 2061 601 2101 propter
653 2049 932 2098 indignitatem
983 2057 1019 2084 et
1068 2045 1433 2084 contrariacionem
1488 2044 1581 2080 huic

268 2120 406 2149 sancto
452 2109 606 2147 nomini
645 2110 695 2146 ad
734 2107 794 2145 sui
834 2105 1171 2154 dampnacionem
1219 2103 1384 2140 dicitur:
1432 2102 1580 2138 Sancti-

256 2171 403 2221 ficetur
434 2181 569 2205 nomen
602 2175 722 2214 tuum,
763 2179 852 2203 cum
887 2166 1007 2202 verba
1041 2176 1116 2212 que
1149 2176 1217 2199 ore
1251 2161 1428 2210 loquitur
1468 2160 1582 2196 factis

267 2237 399 2276 negat,
434 2240 513 2276 quo
547 2235 688 2263 contra
721 2224 825 2261 filius
859 2221 1097 2271 adopcionis
1117 2220 1188 2257 Dei
1212 2222 1353 2257 devote
1378 2220 1581 2255 honorans

269 2299 417 2322 nomen
450 2294 634 2322 sanctum
669 2283 792 2332 patris
826 2282 884 2318 sui
919 2294 988 2330 per
1011 2289 1192 2317 sanctam
1228 2276 1582 2315 conversacionem

212 2347 251 2379 35
269 2354 306 2381 et
340 2343 587 2380 meritoriam
628 2341 914 2390 operacioncm
949 2348 991 2376 ut
1025 2338 1080 2375 sic
1116 2346 1290 2374 meretur
1323 2336 1397 2372 sibi
1432 2337 1582 2371 bonum

269 2401 505 2438 humilitatis
538 2410 575 2437 et
608 2414 678 2449 per
711 2411 959 2447 consequens
993 2409 1158 2445 regnum
1194 2395 1388 2440 celorum,
1422 2403 1463 2429 ut
1487 2392 1583 2429 dici-

268 2470 331 2497 tur
364 2459 530 2496 Matthei
553 2461 620 2504 VO,
649 2459 689 2494 3:
724 2457 837 2494 Beati
861 2467 1055 2506 pauperes
1086 2454 1238 2503 spiritu,
1271 2453 1447 2502 quoniam
1482 2451 1581 2500 ipso-

270 2532 355 2555 rum
379 2526 433 2555 est
457 2530 620 2568 regnum
651 2517 835 2553 celorum.
870 2517 971 2551 Nam
997 2513 1036 2549 in
1060 2521 1253 2561 quantum
1289 2510 1377 2559 quis
1410 2511 1583 2546 honorat

340 2650 358 2668 1.
382 2640 455 2668 DG:
479 2640 576 2667 eciam
595 2638 729 2666 secundi.
844 2640 872 2665 6.
896 2637 968 2664 DG:
995 2636 1181 2663 absumimus.
1290 2642 1316 2668 7.
1339 2632 1410 2659 I)G:
1439 2635 1468 2659 el
1488 2632 1582 2658 deest.

269 2678 296 2701 8.
320 2677 363 2704 A:
389 2674 610 2710 proferrimus.
685 2682 725 2701 10.
749 2674 788 2700 1³:
817 2676 887 2700 tute.
957 2680 1064 2704 12<1p
1087 2669 1158 2697 110:
1185 2668 1269 2695 Unde
1289 2684 1321 2687 Ἀ
1344 2667 1471 2694 Domini
1489 2666 1582 2693 deest.

271 2720 311 2745 ¹1·
329 2713 371 2738 A:
394 2712 557 2746 generant.
622 2709 658 2736 15.
675 2708 881 2743 A:flectitur.
947 2715 985 2741 17.
1002 2707 1045 2733 A:
1066 2705 1096 2731 in
1118 2705 1212 2731 deest.
1278 2710 1318 2737 ιι).
1341 2703 1384 2729 A:
1406 2710 1462 2728 nos
1481 2701 1583 2734 deest3

271 2747 310 2773 ib.
334 2746 373 2772 li:
400 2744 484 2771 salvi.
574 2751 621 2777 29.
643 2744 687 2770 A:
716 2743 804 2770 accii.
889 2740 927 2768 31.
948 2742 992 2768 A:
1019 2740 1102 2767 dicit.
1189 2737 1230 2765 33.
1253 2738 1325 2764 DG:
1354 2737 1460 2764 devote
1479 2744 1582 2763 orans.

270 2780 311 2842 ἐξ.
338 2780 412 2841 PG:
444 2779 719 2813 compar-acionem.
853 2774 971 2804 36-38.
1000 2776 1043 2802 A:
1078 2777 1108 2801 ul
1135 2773 1248 2800 dscilur
1277 2787 1303 2792 -
1331 2772 1463 2799 celorum
1489 2771 1581 2797 deest.

271 2815 281 2842 L
310 2836 315 2841 .
355 2820 379 2841 ):
407 2816 532 2849 quanto.

346 2896 395 2928 14.
422 2885 571 2927 Philipp.
599 2885 638 2925 11,
663 2895 712 2916 10.
838 2893 888 2927 19.
914 2884 989 2914 Act.
1018 2882 1073 2922 iv,
1106 2889 1154 2912 12.

1625 1748 1766 1779 soldicrs,
1790 1747 1842 1773 but

1603 1782 1675 1810 darc
1697 1786 1747 1808 not
1770 1786 1816 1808 act
1837 1791 1869 1808 as

1690 1817 1774 1844 such.
