2062 3276
218 258 291 291 144
792 254 1016 286 JOHANNIS
1035 255 1219 287 WYCLIF
1239 255 1495 288 SERMONUM
1539 242 1692 300 [SERMO
1714 254 1808 281 XVII-

498 360 634 409 aliquo
674 361 780 397 clero
819 361 929 408 regni
969 362 1019 397 ad
1058 369 1214 397 tantum
1254 362 1431 409 prevalet
1462 362 1700 399 Antichristi
1739 376 1809 411 po-

497 418 630 454 tencia
665 420 773 467 quod
805 419 895 455 talis
929 419 1096 455 clericus
1128 432 1209 456 non
1241 420 1370 456 solum
1405 429 1603 457 sternetur
1625 433 1696 469 per
1720 433 1808 458 cen—

497 489 632 513 suram
667 476 982 513 ecclesiasticam
1016 478 1084 513 sed
1126 490 1197 525 per
1235 477 1446 514 brachium
1486 479 1676 516 seculare.
1729 481 1811 515 Nec

495 535 636 571 volunt
669 534 822 571 domini
856 534 967 583 regni
999 534 1117 571 istam
1152 535 1354 572 infidelem
1380 535 1590 573 cecitatem
1614 546 1808 575 excutere.

495 594 583 629 Jam
630 593 735 629 enim
780 592 1078 640 dogmatizatur
1122 592 1315 641 implicite
1361 595 1469 642 quod
1513 595 1721 642 paciencia
1773 596 1843 632 et'

497 660 713 700 paupertas
737 663 807 699 per
830 650 1167 687 ferventissimum
1192 664 1372 688 amorem
1397 651 1545 688 Christi
1568 654 1810 690 absolventis

497 718 707 757 sequentes
751 721 773 745 a
817 722 921 757 pena
966 718 1003 745 et
1042 722 1064 745 a
1109 709 1240 757 culpa,
1293 719 1385 746 sunt
1430 723 1452 746 a
1495 711 1688 759 precipuo
1728 711 1810 748 eius

496 766 646 803 vicario
679 767 982 815 proscribenda,
1023 780 1069 803 ac
1109 767 1141 804 si
1181 777 1265 804 tota
1299 768 1371 804 Dei
1403 768 1588 805 voluntas
1629 778 1729 806 esset
1772 769 1812 805 in

497 834 582 861 tota
615 825 879 861 ordinacione
913 825 1105 873 evangelii
1139 826 1306 862 variata.
1356 828 1405 862 Et
1442 828 1491 862 ad
1531 826 1638 863 istud
1675 840 1813 864 neces-

499 882 592 918 sitat
624 882 894 920 Antichristus
927 892 1009 920 tarn
1044 896 1210 931 regnum
1234 883 1375 931 Anglie
1409 897 1530 933 quarn
1565 893 1696 922 cetera
1729 895 1809 922 tam

497 941 730 977 thesaurum
764 941 940 978 tribuere
973 955 1094 990 quam
1128 954 1340 990 personas2
1374 943 1443 978 sed
1475 942 1543 978 ubi
1567 943 1698 980 maior
1721 956 1813 993 cap-

499 998 659 1035 ciositas
692 1000 753 1036 vel
786 1000 1012 1047 periculosa
1046 999 1245 1037 stulticia?
1285 1002 1333 1036 Et
1365 1000 1575 1048 potissima
1608 1001 1813 1039 evidencia

498 1069 571 1105 pro
606 1058 680 1093 hac
719 1067 834 1106 parte
872 1059 1046 1094 formata
1084 1071 1164 1094 non
1204 1058 1364 1106 attingit
1406 1059 1581 1095 colorem
1624 1060 1812 1109 sompnii.

258 1120 429 1183 Cdlsslesaerissf
498 1117 600 1151 Nam
625 1117 845 1152 secundum
866 1116 1130 1164 philosophos
1150 1118 1353 1165 quoddam
1375 1117 1605 1164 sompnium
1626 1127 1813 1155 causatur

498 1233 708 1268 stomacho
760 1232 956 1269 obiective
1004 1241 1126 1277 mota,
1174 1242 1210 1269 et
1254 1232 1333 1269 tale
1376 1233 1606 1281 sompnium
1653 1244 1712 1271 est
1754 1234 1813 1270 in-

499 1298 667 1326 certum.
714 1290 833 1326 Aliud
867 1299 1000 1327 autem
1036 1290 1266 1338 sompnium
1300 1300 1457 1339 ponunt
1490 1292 1645 1328 causari
1679 1305 1723 1329 ex
1754 1292 1812 1328 in-

497 1348 671 1385 fluencia
704 1348 852 1393 celesti,
900 1362 977 1397 que
1012 1349 1156 1397 figurat
1190 1348 1364 1385 diversas
1396 1350 1601 1397 ymagines
1635 1351 1812 1387 obiectas

498 1405 775 1454 imaginative;
822 1416 859 1443 et
904 1407 968 1443 ille
1003 1407 1127 1454 figure
1160 1407 1320 1455 signant
1352 1407 1622 1444 variacionem
1658 1409 1812 1445 celestis

498 1463 714 1501 influencie
747 1474 931 1501 eventum
956 1465 1109 1501 varium
1134 1466 1377 1501 futurorum.
1412 1468 1490 1502 Ista
1514 1475 1648 1502 autem
1672 1466 1813 1503 infima

498 1522 649 1570 species
681 1523 898 1571 prophecie
932 1523 1157 1559 futurorum
1192 1536 1273 1560 non
1318 1524 1494 1571 tangitur
1538 1536 1608 1572 per
1651 1533 1812 1562 nostros

497 1582 729 1617 seductores
774 1582 843 1617 sed
888 1581 1088 1618 contrarie
1134 1583 1182 1618 ad
1229 1582 1477 1628 evangelium
1523 1591 1560 1618 et
1605 1595 1676 1630 per
1720 1595 1813 1619 con-

498 1651 668 1687 sequens
702 1640 752 1675 ad
784 1638 930 1675 librum
964 1639 1042 1675 vite
1078 1639 1331 1687 sompniatur
1355 1639 1558 1676 Christum
1593 1642 1688 1677 dare
1710 1653 1813 1689 pape

498 1696 711 1733 licenciam
756 1697 990 1734 absolvendi
1039 1707 1075 1733 et
1128 1697 1353 1745 appreciari
1400 1698 1556 1734 noviter
1604 1708 1810 1747 tamquam

499 1185 543 1209 ex
575 1173 746 1210 fantasia
786 1174 1055 1222 ymaginatixe
1101 1187 1123 1211 a
1162 1174 1377 1222 vaporibus
1417 1176 1751 1213 descendentibus
1791 1189 1813 1213 a
1853 1176 1868 1208 Ῑ

498 1754 647 1791 factum
683 1754 935 1791 carissimum
971 1757 1077 1804 quod
1102 1755 1197 1791 olim
1223 1756 1351 1792 fuerat
1376 1756 1556 1793 Christus
1581 1757 1812 1793 detestatus.
1856 1759 1868 1763 '

498 1814 546 1848 Et
578 1812 654 1849 ista
687 1813 834 1849 heresis
869 1822 926 1849 est
958 1813 1298 1861 periculosissima
1333 1813 1509 1850 fidelium
1533 1815 1752 1859 seductiva,
1777 1823 1814 1851 et

498 1870 639 1907 fratres
672 1870 835 1907 indubie
868 1880 959 1907 sunt
990 1871 1162 1907 ministri
1184 1871 1421 1908 Antichristi
1446 1872 1574 1920 magis
1597 1872 1813 1909 necessarii

498 1929 548 1964 ad
581 1929 686 1965 istud
719 1929 878 1966 infidele
910 1930 1123 1977 negocium
1157 1929 1377 1966 instancius
1412 1932 1700 1978 exequendum.
1734 1931 1813 1979 Ipsi

499 1986 605 2022 enim
650 1988 909 2035 promulgant
955 1988 1107 2036 populo
1153 1987 1270 2024 istam
1316 1988 1521 2024 infidelem
1566 1988 1812 2025 sentenciam

498 2053 706 2093 tamquam
742 2045 992 2093 evangelium
1028 2055 1065 2082 et
1099 2054 1392 2094 consequenter
1424 2046 1611 2083 laborant
1642 2046 1839 2083 sollicite>

499 2104 549 2138 ad
582 2103 637 2138 sic
671 2103 885 2151 spoliatam
919 2104 1131 2152 pecuniam
1167 2105 1506 2151 congregandum.
1541 2105 1589 2140 Et
1613 2104 1738 2141 tercio
1763 2106 1813 2141 ad

499 2169 657 2196 tantum
691 2162 889 2197 seducunt
924 2161 1108 2198 dominos
1143 2164 1251 2210 quod
1284 2162 1435 2197 faciunt
1467 2162 1576 2210 ipsos
1600 2163 1812 2199 defendere

499 2218 767 2266 spoliaciones
813 2219 872 2255 sui
917 2219 1072 2267 proprii
1114 2219 1253 2267 populi
1293 2228 1329 2255 et
1362 2219 1553 2255 thesauri.
1607 2220 1813 2268 Numquid

499 2277 598 2312 tales
630 2276 859 2324 proditores
892 2287 981 2325 post
1015 2277 1361 2326 premonicionem
1395 2277 1595 2325 triplicem
1628 2278 1759 2314 forent
1791 2291 1813 2314 a

500 2333 714 2381 regnicolis
768 2335 1026 2371 devastandi?
1089 2338 1239 2372 Revera
1298 2348 1389 2372 cum
1443 2335 1574 2371 omnis
1626 2335 1867 2374 ordinatas?

501 2392 647 2429 caritas
693 2405 714 2429 a
760 2405 799 2429 se
845 2393 932 2441 ipsa
976 2393 1128 2441 incipit7
1177 2393 1316 2442 pocius
1365 2394 1611 2430 debellarent
1659 2393 1813 2430 domini

499 2451 598 2486 tales
631 2451 764 2486 hostes
799 2451 1041 2488 domesticos
1075 2454 1158 2488 Deo
1204 2461 1240 2488 et
1274 2464 1397 2499 regno
1443 2452 1582 2499 pocius
1627 2451 1813 2488 inimicos

500 2521 620 2556 quam
656 2509 788 2545 hostes
822 2509 1063 2546 extrinsecos
1104 2522 1180 2557 que
1224 2522 1346 2557 regno
1392 2518 1428 2546 et
1473 2508 1639 2546 ecclesie
1683 2509 1813 2545 minus

499 2575 658 2602 nocent.
703 2568 751 2602 Et
785 2579 874 2603 cum
921 2568 1051 2603 omnis
1096 2567 1381 2615 opportunitas
1427 2569 1521 2604 data
1565 2566 1718 2603 homini
1764 2568 1813 2604 ad

492 2714 494 2716 ,
569 2697 594 2723 7.
617 2688 686 2716 DE:
708 2692 739 2716 et
756 2690 855 2730 culpa.
912 2689 938 2717 S.
961 2691 1004 2717 A:
1029 2689 1089 2717 Dei
1106 2690 1200 2716 deest.
1257 2698 1285 2724 ς).
1306 2689 1348 2716 E.-
1370 2690 1526 2717 ordinata.
1584 2698 1621 2717 12.
1643 2690 1685 2716 D:
1709 2688 1813 2716 Εςίαιη

495 2723 667 2759 potissima.
733 2724 773 2751 iti.
796 2724 914 2752 podda
941 2727 1030 2751 moto.
1087 2724 1128 2751 18.
1150 2724 1190 2751 E:
1211 2723 1439 2760 quodsigurat.
1504 2732 1544 2760 19.
1566 2725 1636 2752 DE:
1657 2726 1730 2764 quia
1750 2725 1812 2752 ille.

499 2765 538 2785 21.
558 2758 628 2785 DE:
654 2766 714 2785 non
736 2762 893 2786 causatur.
966 2766 1013 2792 24.
1034 2759 1074 2787 E:
1099 2760 1294 2794 appr-ecferre.
1368 2759 1413 2786 28.
1435 2758 1504 2786 DE:
1531 2760 1698 2787 instanczus
1718 2759 1812 2787 deest.

500 2792 545 2820 30.
567 2792 635 2820 DE:
659 2801 722 2828 per
740 2801 936 2829 consequens.
1010 2792 1053 2821 33.
1075 2794 1119 2822 A:
1148 2794 1379 2829 spolz'acionem.

572 2876 625 2910 33.
651 2876 689 2907 ΙΙ.
718 2876 797 2908 Cor.
815 2877 872 2918 VI,
897 2889 922 2912 ι.
