2062 3276
251 264 387 293 smnio
409 253 493 311 mn]
733 265 924 305 QUARTA
952 266 1078 297 PARS.
1774 256 1824 301 43
1841 268 1849 290 ¹

254 382 310 410 est
343 375 427 410 Deo
460 372 499 408 in
535 372 706 409 maxima
737 371 973 409 necessitate
1006 371 1064 407 sui
1101 370 1236 407 militis
1275 370 1349 406 sibi
1383 370 1567 406 assistere

254 432 515 480 protegendo,
566 430 620 467 ita
670 431 854 467 naturale
905 437 962 465 est
1014 428 1175 465 diabolo
1225 427 1480 465 tirannizanti
1529 427 1568 463 in

255 489 426 526 maxima
467 488 703 525 necessitate
735 487 795 523 sui
831 485 969 523 militis
1002 499 1082 523 non
1115 487 1243 522 solum
1278 486 1352 522 sibi
1386 485 1568 531 deficere,

253 560 389 596 ymmo
422 556 516 583 tunc
549 546 779 583 acutissime
811 545 1041 581 insultando
1074 544 1256 585 inficere:
1298 557 1387 580 curn
1422 555 1515 591 ergo
1548 556 1571 579 a

221 606 330 642 fiiine
363 605 469 653 capit
501 617 562 641 res
594 617 707 640 suam
748 602 1138 647 denominacionem,
1181 611 1289 650 patet
1328 601 1388 638 vie
1421 600 1569 637 Christi

253 663 438 701 facilitas.

313 722 428 758 Unde
472 719 573 756 sicut
626 719 883 766 agonizantes
928 717 1119 766 singulari
1174 717 1394 754 certamine
1439 716 1571 764 primo
1608 721 1847 762 Conditipnsqi·

254 779 452 827 aspiciunt
485 779 592 825 quod
633 790 753 814 causa
787 790 859 813 sua
899 776 949 813 sit
982 778 1100 819 bona,
1146 777 1321 812 secundo
1354 776 1463 823 quod
1502 775 1571 810 ab-
1586 759 1635 784 the
1650 758 1859 820 ῗὲβῑζῖἷζωῃ

254 837 427 873 stineant
467 837 516 872 ab
549 848 616 872 esu
657 844 693 872 et
727 835 837 872 omni
878 847 919 871 re
952 834 1160 871 adiacente
1198 847 1275 882 que
1309 841 1401 870 sunt
1440 845 1571 881 pugne
1653 828 1796 855 enemies.

202 912 239 933 10
254 894 485 931 tarditativa
524 902 560 930 et
593 893 718 930 tercio
757 895 865 942 quod
898 892 1026 929 induti
1068 892 1146 928 sint
1179 904 1319 928 secura
1352 899 1571 937 armatura,

256 953 310 989 sic
344 952 458 989 miles
492 951 639 988 Christi
674 964 858 1000 pugnans
891 950 1158 999 spiritualiter
1192 951 1311 987 habet
1343 962 1417 998 pro
1451 961 1571 986 causa

256 1024 327 1047 sua
374 1010 548 1059 primam
587 1010 796 1047 veritatem
843 1017 963 1057 atque
996 1008 1212 1055 iusticiam,
1259 1007 1432 1044 abstinet
1471 1019 1511 1044 se
1550 1019 1573 1043 a

257 1069 387 1106 carnis
431 1068 642 1112 illecebris,
684 1080 706 1104 a
748 1067 885 1104 mundi
926 1067 1079 1104 deliciis
1119 1076 1156 1103 et
1194 1066 1284 1102 ocio
1317 1075 1459 1103 contra
1492 1074 1572 1101 tres

257 1129 402 1172 hostes,
428 1135 470 1163 ut
493 1127 548 1162 sic
571 1127 722 1162 exultat
745 1134 784 1161 ut
805 1126 926 1176 gigas
947 1126 999 1161 ad
1021 1125 1257 1161 currendam
1284 1125 1384 1160 viam
1401 1123 1570 1159 Domini.

204 1191 240 1223 15
258 1186 335 1222 Sed
360 1186 435 1221 heu
469 1184 576 1221 oculi
600 1184 726 1220 nostri
761 1183 885 1220 dextri
910 1183 1055 1232 quibus
1089 1182 1380 1231 respiceremus
1405 1181 1575 1218 insultus

258 1243 430 1280 hostium
465 1251 557 1279 sunt
590 1242 692 1278 eruti
725 1254 795 1290 per
828 1243 947 1287 Naas,
988 1243 1035 1277 de
1069 1254 1149 1290 quo
1184 1243 1208 1279 Ι.
1232 1242 1324 1289 Reg.
1359 1241 1431 1276 ΧΙΟ
1465 1247 1574 1288 patet

257 1301 438 1347 historia,
486 1309 523 1337 et
561 1301 616 1337 sic
657 1302 850 1337 habentes
889 1300 1029 1336 oculos
1068 1299 1251 1336 sinistros
1292 1298 1435 1347 quibus
1474 1307 1574 1334 tem-

257 1359 411 1408 poralia
443 1358 681 1407 respicimus
714 1358 843 1406 clipeo
875 1359 1026 1394 velatos
1059 1367 1096 1394 et
1129 1358 1267 1394 oculos
1299 1358 1457 1393 dextros
1490 1355 1575 1403 qui-

258 1420 329 1454 bus
373 1416 599 1465 spiritualia
637 1418 937 1453 attenderemus
982 1424 1115 1453 erutos
1152 1416 1213 1452 vel
1252 1424 1411 1451 cecatos
1449 1413 1574 1461 inepti

201 1492 242 1513 20
259 1488 396 1513 sumus
420 1476 469 1512 ad
503 1475 607 1512 bella
631 1474 808 1512 Domini.
845 1475 958 1511 Unde
991 1483 1071 1510 tres
1106 1473 1252 1510 milites
1277 1473 1424 1510 Christi
1459 1474 1575 1519 dege-

258 1543 412 1585 nerant,
446 1533 565 1581 primi
600 1533 667 1581 qui
699 1541 789 1582 post
823 1532 1067 1581 baptismum
1103 1541 1139 1568 et
1172 1531 1250 1569 alia
1283 1531 1497 1568 carismata
1532 1542 1575 1566 ex

259 1592 405 1629 timore
437 1604 518 1628 non
551 1593 701 1628 audent
734 1590 897 1639 aggredi
931 1591 1066 1627 hostes
1091 1590 1255 1627 Christi.
1290 1591 1406 1626 Unde
1439 1587 1575 1625 formi-

259 1650 388 1687 dolosi
420 1649 605 1686 Judicum
640 1651 744 1696 V110,
783 1650 799 1684 3
836 1649 961 1696 inepti
994 1658 1085 1685 sunt
1117 1650 1167 1684 ad
1200 1649 1371 1692 bellum3
1411 1645 1576 1684 secundi

260 1709 327 1758 qui
366 1716 458 1757 post
497 1720 729 1756 aggressum
771 1720 861 1744 cum
902 1719 1025 1744 uxore
1064 1708 1168 1744 Loth
1209 1707 1480 1751 retrocedunt,
1529 1705 1577 1740 de

204 1772 243 1804 25
260 1767 404 1816 quibus
429 1768 533 1803 Luce
556 1768 696 1813 XV110‚
724 1766 795 1802 32:
820 1766 1053 1802 ,Mementote
1085 1765 1223 1802 uxoris
1246 1765 1360 1811 Loth,
1395 1773 1431 1800 et
1464 1762 1576 1799 tercii

261 1838 350 1862 curn
369 1824 549 1861 hostibus
565 1824 728 1861 Domini
752 1823 974 1872 proditorie
990 1836 1030 1860 se
1054 1823 1317 1871 coniungunt,
1342 1831 1385 1858 ut
1399 1822 1577 1859 foventes

260 1883 454 1920 falsitates
495 1892 531 1919 et
571 1882 796 1919 iniusticias
837 1891 874 1918 et
914 1890 1092 1918 tacentes
1133 1894 1225 1918 cum
1261 1893 1381 1918 causa
1414 1878 1577 1916 Domini

223 1942 320 2001 lsui
364 1941 496 1989 agitur
534 1954 556 1978 a
594 1954 674 1989 quo
712 1953 783 1989 pre
817 1939 1000 1976 manibus
1040 1948 1277 1987 receperunt
1314 1938 1576 1986 stipendium.

164 1994 245 2059 3371]
261 2001 308 2036 Et
338 1999 378 2036 in
402 2000 478 2036 hoc
507 1999 623 2035 defici
653 1995 656 2051 Ι
687 2011 774 2035 mus
806 2010 959 2035 omnes.
993 1999 1086 2035 Ideo
1110 1997 1202 2034 licet
1225 1997 1337 2033 multi
1356 1997 1429 2033 sint
1454 1995 1580 2032 vocati

204 2065 246 2096 30
260 2059 309 2095 ad
334 2057 643 2106 agonizandum,
663 2057 782 2106 pauci
795 2064 920 2092 tamen
935 2064 1022 2092 sunt
1037 2056 1148 2092 electi
1160 2057 1209 2092 ad
1227 2055 1572 2103 conregnandum.

319 2117 464 2161 Quoad
502 2116 721 2152 secundum
762 2124 922 2162 tempus
967 2123 1093 2151 status
1134 2113 1308 2150 hominis
1347 2113 1388 2149 in
1428 2111 1576 2149 dormi·
1619 2117 1686 2144 The
1707 2116 1831 2155 Churqh

261 2174 389 2221 cione‚
436 2174 694 2211 manifestum
740 2182 797 2209 est
842 2174 951 2221 quod
995 2180 1155 2221 oportet
1207 2172 1337 2220 ipsum
1384 2169 1576 2218 consequi
1618 2153 1839 2214 dssssffffijthJS

262 2232 437 2281 primum
461 2241 625 2278 statum,
659 2230 753 2280 quia
784 2232 1005 2268 secundum
1030 2229 1298 2278 Augustinum
1333 2229 1373 2265 in
1397 2231 1454 2265 De
1476 2227 1577 2264 Visi-

262 2290 420 2327 tacione
444 2290 701 2327 Infirmorum
731 2302 803 2326 non
822 2296 951 2339 potest
974 2289 1074 2325 male
1097 2288 1200 2324 mori
1220 2288 1285 2337 qui
1305 2288 1396 2324 bene
1420 2287 1575 2323 vixerit.

206 2353 246 2387 35
263 2348 388 2397 Igitur
423 2348 500 2385 tria
545 2358 636 2384 sunt
676 2348 887 2384 hominum
926 2359 1072 2395 genera
1117 2359 1193 2395 que
1233 2345 1448 2394 dispariter
1487 2346 1578 2381 dor-

264 2406 394 2443 miunt
425 2415 516 2454 post
555 2407 658 2443 hanc
689 2406 826 2451 vitam,
867 2405 987 2454 primi
1021 2406 1071 2441 ad
1110 2413 1268 2441 tantum
1303 2405 1579 2441 accenduntur

264 2464 304 2501 in
343 2477 481 2501 amore
515 2464 587 2501 Dei
628 2464 795 2501 dimissa
828 2463 1048 2500 affeccione
1088 2462 1263 2499 sensuali
1297 2463 1404 2510 quod
1443 2461 1578 2498 statim

335 2608 354 2626 1.
376 2599 418 2626 D:
441 2599 546 2626 militis*
564 2599 627 2626 sed.
683 2598 710 2626 8.
726 2600 770 2626 A:
791 2607 846 2626 sua
868 2598 965 2625 twice.
1024 2605 1064 2624 10.
1087 2597 1129 2624 D:
1149 2600 1227 2624 sunt.
1286 2603 1324 2623 12.
1346 2596 1388 2623 D:
1409 2603 1464 2623 sua
1486 2595 1580 2622 deest.

266 2648 306 2674 ιθ.
328 2648 372 2674 A:
388 2654 448 2681 per
468 2641 562 2678 Ναῖτ;
582 2646 623 2673 D:
639 2653 700 2680 per
719 2645 805 2673 Naas
824 2645 863 2672 de
882 2644 914 2671 R.
937 2643 986 2671 XI.
1056 2643 1096 2671 18.
1120 2644 1162 2670 A:
1183 2643 1282 2678 clipie.
1351 2650 1394 2669 22.
1417 2643 1461 2669 A:
1481 2643 1582 2670 lios-tes

265 2680 363 2708 twice.
447 2688 492 2714 2¹4.
512 2682 557 2708 A:
576 2683 649 2716 post
667 2681 760 2707 deest.
847 2679 888 2708 25.
912 2678 956 2706 G:
976 2678 1080 2706 Lucae
1106 2677 1162 2705 VII.
1245 2685 1292 2713 29.
1315 2678 1358 2704 A:
1380 2677 1469 2704 multi
1486 2677 1579 2705 deest.

265 2714 311 2743 30.
332 2717 376 2743 A:
397 2715 668 2751 congregandum.
742 2714 784 2742 32.
806 2715 850 2741 A:
871 2717 917 2741 est
935 2715 1034 2740 twice.
1108 2712 1152 2748 37.
1174 2712 1248 2740 DG:
1268 2712 1414 2739 sensibili.

341 2811 391 2841 14.
426 2799 552 2831 Psalm.
578 2799 698 2839 XVIlI,
725 2798 757 2830 6.
907 2797 956 2830 16.
991 2797 1043 2829 Cf.
1073 2798 1095 2828 1.
1122 2798 1207 2839 Reg.
1234 2796 1289 2835 XI,
1318 2806 1353 2827 2:
1388 2800 1425 2827 ut
1455 2805 1580 2827 eruam

267 2848 423 2879 omnium
467 2851 621 2878 vestrum
665 2846 781 2878 oculos
823 2845 983 2877 dextros.
1129 2845 1181 2877 30.
1224 2842 1342 2874 Matth.
1384 2843 1487 2882 XXll,
1532 2852 1581 2882 14.

270 2894 322 2934 34.
350 2894 442 2935 Opp.
468 2900 552 2924 tom.
571 2892 629 2924 Vl.
658 2895 757 2934 App„
784 2901 862 2933 pag.
892 2890 967 2923 256.
