2062 3276
187 255 238 289 60

255 667 393 700 Iscariot,

257 907 292 926 or
312 899 395 928 Saul.

201 1524 331 1551 Former
352 1532 448 1558 popes

219 1559 365 1586 tolerated
386 1559 436 1586 the

218 1593 298 1621 Jews
319 1594 435 1628 though

234 1629 306 1656 thev
327 1629 417 1656 killed

269 1660 384 1691 Christ.

220 1885 320 1912 These
343 1885 444 1911 would

230 1920 281 1947 kill
302 1920 338 1946 all
359 1919 437 1946 their

230 1954 435 1981 adversaries.

216 2001 361 2030 Contrast
381 2000 454 2027 with

233 2035 349 2067 Christ,
368 2035 439 2062 who

213 2070 314 2097 would
337 2075 389 2097 not
410 2070 445 2097 be

224 2104 373 2132 defended
397 2105 434 2140 by

260 2139 405 2167 violence.

770 261 993 293 JOHANNIS
1012 261 1195 292 WYCLIF
1218 260 1472 292 SERMONUM
1547 244 1700 303 [SERMO
1720 256 1787 284 VII·

475 369 567 406 fecit
590 381 734 417 pueros
758 367 798 404 in
821 368 1024 404 Bethleem
1060 376 1096 404 et
1120 367 1161 404 in
1192 365 1380 404 omnibus
1414 365 1560 402 finibus
1594 365 1690 411 eius,
1725 365 1789 401 isti

476 436 609 464 autem
650 427 791 463 fratres
831 427 1042 462 hortantur
1079 425 1261 462 occidere
1300 423 1384 460 sine
1423 436 1536 460 sexus
1576 424 1637 460 vel
1675 423 1790 460 etatis

477 484 709 521 differencia
748 484 929 520 homines
968 483 1198 532 ubicunque
1237 483 1277 518 in
1315 491 1451 518 nostro
1493 481 1789 518 christianismo

479 542 625 591 reperti
659 542 818 588 fuerint,
853 554 943 578 cum
977 554 1097 577 nemo
1130 540 1179 576 sit
1212 540 1252 576 in
1285 549 1420 576 nostra
1454 539 1661 575 habitabili
1694 538 1790 587 quin

479 614 570 637 cum
604 602 767 637 Urbano
790 601 838 635 VI
872 608 1006 636 teneat
1037 600 1097 635 vel
1130 599 1316 635 Roberto.

538 660 741 695 Excedunt
774 667 908 694 autem
943 656 1141 703 Scarioth,
1175 656 1269 704 quia
1300 655 1385 704 ipse
1407 656 1561 691 nudum
1587 653 1790 691 Christum

480 718 611 753 adhuc
644 715 951 764 glorificandum
986 728 1058 762 pro
1090 727 1212 762 parvo
1235 713 1370 762 precio
1393 714 1522 749 fuerat
1545 721 1790 760 persecutus,

480 774 543 810 isti
577 784 710 811 autem
744 782 1042 821 persequuntur
1065 771 1268 809 Christum
1303 771 1568 820 glorificatum
1593 770 1633 805 in
1658 768 1792 805 multis

482 831 671 869 membris
704 830 784 867 suis
807 844 880 879 pro
905 830 1117 878 multiplici
1142 840 1178 866 et
1204 843 1349 878 magno
1375 828 1509 877 precio
1533 827 1791 876 acquirendo.

482 893 528 926 Et
562 891 756 926 excedunt
789 890 954 925 Saulum
989 888 1058 936 qui
1091 889 1203 924 lulius
1237 889 1294 923 vie
1327 888 1434 923 viros
1469 887 1616 922 volebat
1643 886 1791 935 perdu-

480 961 567 984 cere
601 948 745 984 vinctos
776 947 812 982 in
843 947 1074 992 Jerusalem,
1107 956 1191 982 tum
1226 945 1319 994 quia
1352 945 1436 993 ipse
1464 945 1580 993 peciit
1612 943 1793 993 epistolas

478 1019 499 1041 α
532 1006 692 1042 summis
722 1005 986 1041 sacerdotibus
1032 1014 1074 1040 ut
1119 1004 1224 1040 istud
1270 1004 1431 1049 faceret,
1476 1006 1533 1046 (ut
1566 1010 1675 1049 patet
1706 1003 1792 1038 Act.

481 1065 565 1110 lx··‚
602 1074 660 1104 22
711 1063 773 1099 isti
820 1072 955 1099 autem
999 1064 1215 1098 ostendunt
1243 1058 1247 1114 Ι
1276 1062 1403 1097 bullas
1451 1061 1704 1107 blasphemas
1752 1067 1794 1094 ut

479 1122 702 1169 generalius
737 1131 773 1158 et
805 1120 976 1169 nequius
1009 1120 1114 1156 istud
1148 1120 1234 1164 fiat:
1268 1129 1353 1156 tum
1379 1118 1503 1155 eciam
1530 1117 1624 1166 quia
1648 1117 1794 1153 Paulus

479 1181 684 1216 colorabat
707 1180 856 1216 factum
892 1192 1008 1215 suum
1043 1191 1085 1214 ex
1118 1177 1239 1214 veteri
1273 1186 1525 1221 testamento,
1560 1175 1623 1211 isti
1658 1184 1792 1211 autem

481 1251 523 1274 ex
575 1248 718 1274 neutro
770 1246 1008 1274 testamento
1061 1238 1131 1272 sed
1183 1249 1226 1272 ex
1279 1233 1553 1272 antichristivo
1607 1241 1794 1281 precepto

481 1295 641 1344 utrique
674 1295 875 1333 contrario
908 1296 1075 1331 fundant
1110 1294 1184 1330 sibi
1216 1293 1334 1330 licere
1367 1293 1496 1329 facere
1536 1291 1641 1327 istud
1680 1303 1793 1338 opus.

481 1356 582 1391 Cum
617 1367 710 1401 ergo
744 1354 890 1390 Paulus
924 1352 996 1388 fuit
1030 1365 1073 1388 ex
1106 1352 1183 1388 fide
1216 1351 1412 1399 scripture
1455 1350 1712 1397 blasphemus
1752 1361 1794 1384 ex

481 1412 556 1448 isto
589 1425 723 1460 opere,
757 1425 837 1448 non
870 1412 1055 1447 obstante
1087 1420 1227 1447 vocata
1260 1409 1327 1457 pia
1360 1407 1600 1447 intencione,
1642 1416 1794 1455 quanto

482 1469 608 1517 magis
653 1471 741 1518 plus
787 1469 1021 1517 blasphema
1067 1478 1123 1504 est
1168 1467 1384 1504 multitudo
1428 1467 1596 1502 fratrum
1643 1464 1711 1513 qui
1755 1464 1795 1499 in

482 1528 730 1575 blasphemia
769 1527 843 1563 ista
888 1526 1154 1574 participant?
1199 1525 1354 1562 Dicitur
1399 1524 1503 1560 enim
1544 1524 1651 1571 quod
1692 1535 1795 1570 pape

482 1585 634 1633 priores
667 1585 758 1622 licet
791 1586 947 1621 fuerant
980 1583 1218 1630 antichristi,
1257 1583 1440 1619 sinebant
1481 1590 1617 1617 tamen
1648 1582 1794 1616 Judeos

481 1643 549 1692 qui
583 1643 786 1680 Christum
832 1643 1062 1679 occiderant
1106 1641 1235 1678 vivere
1280 1643 1352 1677 sub
1397 1639 1561 1676 tributo.
1608 1640 1685 1675 Sed
1724 1638 1796 1673 iste

482 1714 586 1749 papa
619 1701 779 1738 infamis
812 1714 881 1748 per
913 1702 1081 1736 fratrum
1106 1699 1315 1736 consilium
1341 1698 1484 1735 dicitur
1508 1706 1598 1733 ante
1623 1706 1793 1732 mortem

482 1772 594 1795 suam
640 1761 699 1796 vel
745 1761 966 1806 dampnum
1012 1757 1188 1794 notabile
1234 1756 1455 1793 machinari
1495 1755 1678 1791 occidere
1712 1753 1795 1789 sine
1837 1757 1852 1788 5

488 1816 761 1854 misericordia
794 1817 853 1853 vel
886 1815 1168 1863 redempcione
1201 1827 1484 1863 quemcunque
1524 1812 1591 1861 qui
1623 1811 1795 1848 tenuerit

488 1888 578 1911 cum
613 1888 684 1911 suo
717 1877 965 1911 adversante.
1010 1876 1090 1910 Nec
1129 1874 1260 1910 recolo
1299 1874 1406 1921 quod
1446 1880 1602 1908 tantum
1635 1869 1740 1906 virus
1774 1882 1795 1905 a

489 1933 626 1969 mundi
660 1932 820 1969 exordio
855 1942 910 1968 est
944 1932 1139 1968 afflatum.

546 1993 715 2027 Possunt
763 2000 895 2027 autem
947 1990 1030 2026 fieri
1080 1989 1259 2026 raciones
1307 1987 1548 2035 multiplices
1596 1987 1645 2022 ad
1694 1987 1795 2022 hanc

490 2048 659 2085 heresim
700 2049 1091 2096 condempnandam,
1140 2047 1269 2095 primo
1310 2045 1402 2094 quia
1436 2044 1630 2089 Christus,
1676 2048 1828 2092 quem'fi

486 2108 630 2143 debent
654 2106 802 2143 imitari
836 2106 980 2154 singuli
1014 2104 1220 2142 christiani
1254 2114 1289 2140 et
1323 2116 1428 2151 papa
1460 2101 1663 2150 precipue,
1697 2114 1796 2136 nun-

486 2178 607 2213 quam
641 2166 761 2201 talem
794 2166 921 2211 legem
957 2163 1127 2200 instituit
1151 2176 1223 2210 pro
1246 2175 1318 2198 suo
1342 2174 1508 2208 corpore
1532 2160 1794 2204 defendendo,

487 2232 523 2258 et
556 2232 691 2259 tamen
724 2235 767 2258 ex
800 2222 877 2258 fide
910 2221 1110 2258 credimus
1144 2221 1250 2269 quod
1283 2220 1362 2256 vita
1386 2218 1533 2255 Christi
1557 2217 1630 2253 fuit
1655 2215 1797 2252 melior

487 2293 607 2328 quam
642 2289 825 2328 papatiis.
873 2281 1058 2316 Secundo
1098 2292 1186 2315 cum
1228 2291 1347 2314 nemo
1387 2277 1436 2313 sit
1475 2288 1579 2324 papa
1612 2275 1671 2311 vel
1704 2287 1795 2322 pars

1808 600 1823 631 5

1813 900 1851 920 10

1810 1040 1885 1071 Fol.

1812 1090 1892 1129 297⁸

1815 1178 1851 1210 15

1813 1767 1827 1787 Ν

487 2338 650 2375 ecclesie
693 2337 769 2374 nisi
813 2347 1004 2386 sequatur
1045 2336 1247 2373 Christum
1293 2335 1333 2371 in
1378 2334 1570 2380 moribus,
1616 2331 1797 2369 Christus
1813 2335 1852 2368 35

556 2516 585 2540 4.
606 2508 650 2534 A:
668 2507 815 2542 fuerunt.
896 2515 920 2541 7.
942 2506 970 2534 I:
993 2514 1075 2541 puro
1092 2506 1211 2541 precio.
1292 2513 1331 2532 10.
1353 2505 1397 2531 A:
1424 2504 1511 2530 huius
1530 2503 1598 2530 vite.
1672 2510 1705 2529 11.
1730 2501 1795 2528 nli:

487 2543 602 2569 vl'nctos
630 2542 728 2573 deest:
762 2541 801 2568 ib.
832 2541 890 2568 Al:
924 2541 954 2567 in
984 2542 1078 2567 deest.
1222 2539 1259 2567 13.
1286 2540 1314 2567 1:
1348 2539 1510 2565 ostendunt
1538 2537 1584 2565 vel
1610 2536 1796 2572 expandunt.

488 2577 523 2604 15.
540 2576 582 2603 D:
604 2576 789 2602 elaborabat.
865 2576 904 2602 113.
920 2575 1020 2603 AnE:
1040 2576 1094 2602 ,ved
1111 2574 1323 2602 antichristivo
1345 2573 1484 2608 utrique,-
1504 2573 1530 2599 l:
1551 2571 1796 2599 mzticnristiano.

486 2618 526 2638 21.
552 2611 579 2638 I:
596 2611 838 2646 partit-spatulum
940 2618 983 2637 22.
1005 2610 1074 2637 DE:
1091 2610 1229 2645 fuerint.
1328 2607 1374 2635 30.
1395 2608 1449 2635 ΑΕ
1469 2608 1498 2634 iu
1521 2615 1635 2641 ma1·g.:
1662 2614 1696 2638 ι,-
1722 2605 1746 2632 Ε
1765 2605 1795 2631 iu

487 2654 599 2681 marg:
626 2645 709 2680 Papa
729 2653 790 2672 non
811 2644 897 2672 debet
915 2644 1080 2672 homicidia
1096 2651 1282 2681 procurare.
1308 2643 1402 2671 Racio
1418 2642 1528 2678 prima.
1625 2639 1670 2673 34.
1691 2638 1746 2667 ΑΕ
1765 2639 1795 2666 in

488 2689 601 2714 mar-cn:
622 2688 650 2708 2.

559 2787 588 2818 5.
608 2786 659 2817 Cf.
679 2787 865 2817 Sermones
885 2786 972 2816 l'art.
988 2786 1025 2826 ΙΙ,
1047 2786 1098 2825 51,
1116 2796 1169 2827 70,
1183 2794 1262 2826 407.
1360 2793 1412 2824 27.
1433 2782 1601 2820 Cruciata⁷
1621 2791 1698 2822 pag.
1713 2779 1794 2810 ooo:

488 2834 530 2864 Et
568 2843 586 2863 a
625 2833 743 2863 mundi
784 2832 926 2864 exordio
965 2842 1075 2874 usquc
1113 2831 1217 2862 hodie
1255 2840 1323 2861 non
1362 2829 1423 2860 fuit
1465 2828 1541 2859 talis
1583 2826 1796 2868 blasphemia

485 2879 670 2921 publicata.
