2062 3276
161 277 233 303 122
738 279 961 311 ‚IOHANNIS
981 278 1164 310 WYCIJF
1184 278 1440 310 SERMONUM
1514 262 1666 322 [SERMO
1687 273 1753 302 XV·

941 451 1133 493 SERMO
1165 452 1255 492 XV.

885 519 914 553 (S
932 528 946 547 e
961 528 974 547 r
989 528 1029 546 m.
1058 520 1087 546 M
1105 519 1111 546 i
1127 528 1145 546 x
1159 519 1192 546 ti
1220 519 1310 551 XXI.)

500 595 583 631 Hec
616 595 707 631 dicit
739 593 942 631 Dominus.
980 593 1174 629 Malachie
1208 595 1292 633 1110,
1324 605 1355 629 1.

499 653 588 690 Sive
632 662 765 689 autem
808 665 828 688 a
861 650 1063 687 verisimili
1098 652 1237 687 fratres
1271 650 1309 686 in
1343 650 1416 686 ista
1449 649 1756 698 perturbacione

170 714 237 741 The
258 714 348 742 friars
369 715 408 742 d0
441 711 605 748 ecclesie
657 712 703 746 de
752 710 957 745 voluntate
1009 709 1079 744 Dei
1132 708 1388 744 menciuntur
1438 707 1517 744 sive
1566 720 1635 755 per
1685 707 1789 742 ini-5

153 749 425 819 gnggtpplrffipgcgggn
441 769 628 817 possibile
667 781 803 804 verum
846 767 996 809 dicunt,
1043 779 1132 803 cum
1173 779 1250 802 non
1293 767 1439 802 habent
1479 766 1527 802 ad
1568 766 1642 801 hoc
1681 764 1757 801 evi-

441 826 623 863 denciam
688 825 761 861 nisi
826 827 1053 861 mardosam
1120 837 1239 872 quam
1306 824 1541 860 altrinsecus
1599 823 1758 871 ipsimet

430 886 582 921 'fratres
628 885 850 929 destruunt,
905 883 1163 919 manifestum
1209 891 1265 918 est
1310 883 1414 930 quod
1462 882 1566 917 facto
1619 894 1756 917 eorum

442 942 650 990 supposito
695 950 785 977 sunt
831 940 992 977 heretici
1038 950 1074 976 et
1120 940 1317 976 manifesti
1360 939 1429 976 Dei
1470 948 1506 975 et
1546 938 1755 975 hominum

441 1000 680 1048 proditores.
727 1002 814 1035 Non
849 999 954 1035 enim
990 1008 1206 1046 preparant
1246 999 1366 1046 pedes
1405 1010 1496 1033 suos
1536 999 1585 1033 ad
1625 996 1816 1045 predi-10

443 1060 615 1095 candum
652 1058 801 1105 populo
835 1057 1082 1105 evangelium
1118 1056 1240 1104 pacis,
1274 1056 1374 1092 sicut
1397 1056 1615 1103 Apostolus
1650 1068 1758 1102 mag-

442 1116 578 1152 nificat
623 1115 874 1163 predicantes
909 1116 972 1153 (ad
1008 1117 1120 1150 Rom.
1155 1116 1215 1155 X),
1261 1115 1327 1150 sed
1374 1122 1540 1150 currunt
1587 1112 1757 1148 maiores

443 1187 581 1210 eorum
616 1186 686 1221 per
719 1173 868 1221 patrias
902 1175 949 1209 ad
985 1172 1272 1220 predicandum
1308 1185 1428 1220 super
1460 1171 1533 1207 sibi
1568 1170 1757 1218 ambiguo

443 1241 480 1268 et
532 1231 748 1268 inevidenti
799 1232 901 1267 bella
951 1231 990 1266 in
1043 1243 1164 1278 regno
1215 1230 1304 1270 Dei,
1358 1229 1451 1277 quia
1501 1229 1540 1264 in
1591 1228 1757 1264 ecclesia

444 1290 658 1330 militante:
713 1290 819 1337 quod
875 1289 992 1325 falsos
1045 1289 1260 1336 prophetas
1313 1287 1408 1335 legis
1472 1286 1614 1322 veteris
1677 1286 1814 1322 1101115

155 1342 428 1411 ΗΊ-Ῑιζῑιῗὲθζιῇῐῧὶᾓε
443 1348 587 1395 legitur
620 1346 921 1394 presumpsisse.
957 1346 1033 1394 Ipsi
1059 1346 1161 1382 enim
1189 1346 1280 1382 licet
1314 1346 1557 1393 quandoque
1592 1345 1686 1380 false
1718 1344 1756 1379 in

155 1407 527 1474 {sguffi'stgiaeffilsfflglege
560 1405 681 1469 veteri
715 1405 940 1468 dixerunt:·
963 1405 1046 1440 Hec
1080 1404 1169 1440 dicit
1204 1404 1404 1440 Donzinns.
1451 1404 1589 1439 fratres
1623 1411 1755 1438 autem

236 1467 349 1516 l’osoe'k
444 1473 611 1500 reticent
645 1472 719 1499 ista
751 1464 871 1498 verba
905 1464 1097 1498 dicentes:
1133 1463 1216 1498 Hec
1249 1462 1339 1497 clfcit
1362 1474 1465 1509 papa
1498 1473 1620 1496 meus.
1656 1462 1756 1496 Cum

445 1535 538 1569 ergo
573 1521 753 1558 Christus
792 1521 932 1556 Matth.
968 1522 1069 1561 XVs',
1106 1533 1127 1567 9
1170 1519 1294 1556 dicat:
1341 1520 1429 1554 Sine
1472 1531 1587 1554 causa
1632 1518 1760 1554 colunt

446 1593 504 1615 me
533 1581 721 1615 docentes
745 1578 946 1614 doctrinas
971 1587 1006 1613 et
1031 1579 1220 1614 mandata
1244 1577 1467 1619 hominum,
1503 1575 1756 1612 manifestum
1777 1587 1818 1607 ΞΟ

447 1647 503 1674 est
537 1639 645 1685 quod
694 1637 833 1672 fratres
879 1649 958 1671 non
1004 1637 1131 1671 solum
1178 1637 1323 1671 frustra
1368 1637 1434 1670 sed
1480 1633 1674 1670 diabolice
1720 1633 1760 1668 in

446 1708 566 1732 causa
599 1695 673 1731 ista
707 1694 876 1730 excitant
911 1696 959 1730 ad
1002 1693 1117 1729 istam
1165 1693 1405 1729 discordiam
1452 1692 1614 1728 ecclesie
1662 1691 1760 1726 mili-

446 1753 579 1790 tantis.
628 1755 798 1789 Econtra
833 1761 964 1788 autem
1007 1752 1203 1799 propheta
1248 1751 1320 1787 iste
1365 1763 1407 1786 ex
1452 1759 1565 1798 parte
1600 1748 1759 1785 Domini

448 1811 503 1847 sic
537 1811 710 1846 orditur:
745 1811 829 1846 Hec
862 1810 952 1845 dicit
986 1810 1177 1845 Dominus
1217 1818 1253 1845 et
1287 1821 1329 1844 ex
1363 1809 1439 1844 fide
1473 1807 1669 1855 scripture
1702 1806 1759 1842 in-

445 1868 564 1905 dubie
598 1882 676 1904 non
712 1868 921 1909 mentitum
954 1868 1095 1903 fratres
1128 1876 1260 1903 autem
1297 1876 1333 1902 et
1366 1866 1395 1902 si
1420 1879 1490 1914 per
1512 1864 1759 1913 impossibile
1777 1865 1815 1897 25

444 1940 582 1963 rerum
619 1926 787 1962 dixerint
820 1926 858 1961 in
892 1925 1170 1973 publicacione
1204 1924 1316 1961 istius
1361 1923 1605 1972 blasphemie
1652 1935 1759 1958 men-

447 1985 620 2027 ciuntur‚
655 1984 748 2031 quia
781 1984 1001 2020 secundum
1025 1982 1293 2031 Augustinum
1329 1982 1520 2030 contingit
1554 1980 1758 2017 hominem

449 2042 607 2079 mentiri
648 2042 816 2078 dicendo
856 2054 1007 2083 verum,
1049 2043 1156 2089 quod
1197 2040 1391 2088 contingit
1425 2041 1586 2088 quando
1620 2047 1759 2075 contra

450 2101 657 2137 caritatem
705 2099 843 2136 asserit
887 2099 961 2134 sibi
1008 2098 1262 2146 ambiguunu
1317 2098 1442 2133 multo
1488 2097 1613 2145 magis
1666 2109 1759 2143 ergo

451 2160 612 2207 quando
646 2157 824 2205 implicat
857 2170 940 2193 esse
974 2158 1020 2192 de
1053 2157 1256 2192 voluntate
1281 2155 1350 2191 Dei
1384 2157 1491 2203 quod
1521 2154 1685 2202 quilibet
1709 2155 1757 2189 ad
1776 2157 1817 2188 30

452 2215 819 2264 peregrinacionem
860 2214 976 2250 istam
1016 2214 1071 2250 sic
1110 2226 1349 2261 promovens
1389 2212 1607 2249 absolvitur
1645 2213 1759 2259 plene

161 2269 229 2297 The
252 2278 332 2304 pope
353 2270 427 2297 does
451 2288 472 2311 a
506 2283 684 2322 peccato,
724 2286 860 2320 ymmo
894 2274 1001 2320 quod
1035 2272 1117 2308 sine
1151 2284 1252 2319 pena
1286 2280 1322 2307 et
1356 2272 1472 2318 culpa
1506 2271 1553 2306 ad
1587 2269 1757 2318 patriam

199 2309 251 2332 not
272 2305 399 2332 absolve

158 2339 237 2366 from
255 2340 434 2374 pain,since
450 2331 662 2369 advolabit.
699 2330 903 2378 Numquid
938 2330 1137 2366 credimus
1171 2338 1303 2377 partes
1339 2338 1477 2365 contra
1506 2340 1545 2364 se
1569 2329 1760 2364 bellantes

176 2375 226 2401 the
246 2374 409 2401 crusaders
522 2390 528 2395 -
872 2388 878 2394 ·
936 2388 942 2394 -
1392 2386 1398 2392 .
1621 2385 1642 2391 ..
1727 2384 1733 2390 .

175 2410 251 2437 have
272 2410 321 2436 the
344 2409 413 2471 Fui„
448 2399 530 2438 pan
565 2402 709 2437 penam
744 2402 765 2425 a
799 2401 837 2424 se
871 2401 978 2436 ipsis,
1024 2401 1045 2424 a
1079 2388 1162 2424 celo
1194 2388 1253 2423 vel
1287 2400 1306 2423 a
1341 2400 1421 2422 suis
1454 2395 1664 2422 contrariis
1699 2386 1759 2420 hle

352 2453 372 2471 1.

219 2444 254 2471 of
271 2444 339 2471 deat
1778 2422 1851 2453 FO]-

447 2448 487 2484 in
511 2448 642 2484 terra?
674 2460 810 2494 ymmo
844 2459 933 2482 cum
968 2446 1096 2481 omnis
1130 2458 1231 2493 pena
1256 2445 1295 2480 in
1321 2444 1458 2480 mortis
1487 2442 1491 2494 Ι
1521 2444 1689 2480 articulo
1713 2442 1760 2478 sit
1778 2466 1858 2499 .ζοἶά

449 2519 521 2554 pro
554 2514 733 2553 peccato,
775 2514 811 2540 et
844 2503 965 2540 occisi
996 2505 1056 2540 vel
1089 2503 1236 2540 mortui
1271 2503 1309 2538 in
1343 2504 1416 2539 hac
1450 2515 1569 2539 causa
1602 2496 1785 2549 paciens
1824 2497 1833 2501 ”

520 2636 538 2654 1.
556 2628 583 2654 Α
598 2627 627 2654 111
644 2635 756 2662 marg:
779 2627 886 2653 Sermo
900 2625 961 2654 ΧΓ.
1018 2625 1042 2653 3.
1059 2626 1083 2652 D
1099 2625 1129 2653 in
1146 2633 1260 2659 marg:
1282 2624 1346 2651 XII.
1410 2632 1450 2659 ις).
1467 2625 1512 2651 A:
1535 2623 1642 2651 Matth.
1665 2623 1734 2649 dces
1753 2644 1757 2649 .

448 2670 493 2694 27.
516 2662 539 2689 E
559 2662 588 2690 111
610 2670 724 2696 marg:
752 2661 856 2688 Verum
877 2661 1006 2688 dicendo
1027 2660 1153 2687 mentiri
1169 2660 1329 2695 contingit.
1403 2667 1448 2693 29.
1472 2659 1496 2685 D
1518 2658 1546 2685 iu
1570 2666 1665 2693 marg.
1687 2657 1755 2684 iuf.:

447 2697 609 2724 Absolucio
629 2705 647 2723 a
664 2704 746 2736 pena
768 2699 797 2723 et
815 2704 833 2722 a
856 2696 954 2735 culpa.
1064 2694 1105 2722 33.
1127 2695 1151 2722 E
1171 2694 1201 2721 in
1222 2702 1335 2729 marg:
1364 2694 1447 2729 Pape
1465 2693 1621 2720 absolucio
1641 2700 1659 2719 ιι
1681 2700 1757 2719 vena

448 2740 488 2759 aaz
510 2739 594 2759 vera.
667 2730 713 2758 36.
736 2731 779 2757 A:
807 2733 912 2757 motm.

523 2814 548 2834 1.
575 2802 627 2833 Cf.
646 2804 755 2834 Serm.
775 2803 863 2833 Part.
883 2802 934 2840 111,
955 2811 1032 2843 pag.
1054 2800 1128 2833 511.
1147 2800 1224 2832 The
1242 2800 1364 2842 epistle
1382 2800 1433 2832 for
1450 2799 1507 2831 the
1527 2796 1757 2830 Purification.

450 2850 479 2882 3.
513 2850 548 2880 111
580 2848 637 2880 the
670 2849 792 2879 Sarum
827 2848 941 2879 Missa]
975 2847 1032 2879 the
1064 2847 1166 2878 lectio
1197 2857 1294 2878 runs:
1334 2847 1438 2877 ‘Haec
1473 2846 1554 2877 dicit
1585 2845 1755 2875 Dominus

449 2896 551 2935 Deus,
579 2905 657 2926 ecce
685 2905 748 2935 ego
768 2894 865 2925 mitto
884 2893 958 2927 etc.'
1057 2904 1108 2935 27.
1137 2895 1169 2924 S.
1188 2894 1275 2935 Aug.
1295 2893 1386 2934 Opp.
1406 2899 1490 2923 tom.
1505 2892 1560 2929 VI,
1581 2901 1657 2933 pag.
1675 2900 1752 2931 420,
