2062 3276
232 249 313 284 490

238 1057 338 1084 Three
360 1057 450 1084 kinds
471 1056 504 1083 of

262 1100 330 1119 men
353 1091 428 1119 unfit
447 1096 478 1118 to

326 1135 417 1163 pray:

326 1204 345 1223 1.
370 1196 418 1223 the

271 1231 460 1268 hypocrsses,

240 1356 265 1375 2.
287 1348 337 1375 the
358 1348 497 1379 nucleum,

319 1520 416 1560 341·oe

278 1564 460 1584 avaricious.

266 1646 285 1665 ι.
306 1637 430 1677 Danger
449 1638 483 1665 of

285 1677 454 1708 esteemmg

232 1708 389 1735 ourselves
409 1708 506 1735 above

267 1750 324 1770 our
342 1742 472 1770 fellows.

812 244 1035 276 JOHANNIS
1053 244 1237 276 WYCLIF
1257 244 1513 276 SERMONUM
1562 230 1713 288 [SERMO
1734 240 1825 268 LXII-

520 352 672 388 videant
726 363 843 400 opera
897 358 1030 387 nostra
1081 351 1190 387 bona.
1251 352 1305 386 Ex
1352 350 1611 387 universitate
1659 350 1825 387 istarum

519 418 693 458 quatuor
727 421 940 446 causarum
974 417 1084 457 patet
1108 409 1217 458 quod
1240 408 1280 444 in
1305 407 1483 445 eeclesiis
1506 408 1827 457 parrochialibus

518 468 558 504 in
583 467 726 516 quibus
757 466 973 515 recipimus
996 467 1255 515 baptismum,
1280 465 1599 513 matrimonium,
1623 465 1827 513 viaticum,

519 525 788 574 penitenciam
823 534 860 561 et
892 525 1140 573 sepulturam
1174 537 1403 573 corporum,
1437 524 1608 561 maxime
1640 524 1690 561 sit
1712 537 1828 561 oran-

520 586 615 620 dum
650 592 686 620 et
719 583 899 631 expensis
932 583 1075 620 fiendis
1108 583 1243 620 debita
1282 583 1564 628 laborandum,
1603 591 1646 619 ut
1684 584 1827 619 domus

520 643 587 679 illa
620 643 763 678 domus
796 641 997 679 oracionis
1030 641 1070 678 in
1104 641 1237 678 medio
1270 640 1592 690 sumptuositatis
1626 649 1663 677 et
1696 640 1827 677 abiec-

520 700 646 738 cionis
679 701 729 736 ad
762 699 942 737 officium
975 700 1073 736 illud
1106 699 1155 736 sit
1187 699 1338 747 apcior.
1386 701 1438 736 Ut
1478 711 1572 747 ergo
1611 698 1774 736 alienati
1807 711 1829 734 a

519 758 696 807 negociis
742 757 989 795 secularibus
1034 766 1071 794 et
1109 757 1292 806 suspensi
1331 757 1372 793 in
1412 756 1828 805 contemplacionibus

520 815 797 866 spiritualibus
837 816 1024 853 devocius
1064 828 1240 862 oremus,
1287 815 1329 851 in
1373 815 1549 852 sabbatis
1588 827 1749 851 oremus
1788 814 1829 851 in

522 874 698 912 ecclesiis
736 874 1071 923 parrochialibus,
1113 873 1206 922 quia
1246 886 1289 910 ex
1330 873 1590 910 dedicacione
1622 874 1727 910 facta
1759 885 1830 921 per

522 933 756 982 episcopum
810 932 985 970 creditur
1039 932 1176 968 oracio
1222 934 1305 968 Deo
1351 931 1578 979 accepeior,>
1626 940 1669 967 ut
1720 940 1831 979 patet

522 994 582 1028 ΙΙΙ.
607 993 699 1040 Reg.
723 992 830 1027 VIIIO
856 1000 893 1027 et
925 992 968 1027 11.
994 989 1166 1038 Paralip.
1190 991 1280 1026 VIIO
1315 991 1362 1026 de
1396 989 1653 1026 dedicacione
1676 989 1829 1037 templi.

580 1051 681 1086 Sunt
725 1058 859 1086 autem
900 1058 979 1085 tres
1020 1047 1216 1085 maneries
1255 1047 1462 1084 hominum
1505 1046 1741 1095 indisposite
1780 1048 1830 1084 ad

522 1109 721 1144 orandum
755 1107 795 1143 in
829 1108 951 1143 domo
985 1106 1160 1152 Domini,
1204 1105 1359 1143 scilicet
1389 1105 1584 1154 ypocrite‚
1618 1104 1761 1142 lubrici
1794 1114 1832 1141 et

522 1166 643 1203 avari.
677 1168 735 1202 De
768 1165 962 1214 ypocritis
995 1173 1105 1213 patet
1134 1167 1238 1201 Luce
1260 1166 1403 1201 XVIIIO
1428 1165 1475 1200 de
1508 1165 1662 1200 duobus
1695 1175 1831 1200 ascen-

521 1224 708 1262 dentibus
739 1223 782 1260 in
812 1224 1009 1272 templum
1042 1232 1085 1260 ut
1116 1231 1291 1269 orarent,
1325 1221 1393 1258 ubi
1424 1221 1651 1271 publicacio
1685 1233 1728 1258 ex
1760 1222 1832 1258 hu-

522 1282 693 1319 militate
730 1281 888 1319 infinita
927 1281 1137 1330 phariseus
1176 1281 1243 1329 qui
1283 1293 1326 1317 ex
1371 1280 1605 1328 indignante
1643 1278 1831 1328 superbia

522 1349 662 1377 contra
706 1341 870 1377 fratrem
915 1349 1065 1377 temere
1109 1338 1299 1376 iudicavit
1344 1340 1680 1387 condempnatur.
1729 1339 1830 1374 Nam

521 1400 740 1435 secundum
786 1397 1113 1436 Ecclesiasticum
1167 1397 1297 1433 oracio
1349 1397 1586 1433 humiliantis
1634 1408 1675 1433 se
1717 1396 1832 1432 nubes

516 1464 708 1506 penetrat,
747 1466 972 1505 quocontra
1012 1469 1101 1493 cum
1136 1457 1242 1492 Deus
1281 1455 1457 1505 despexit
1486 1455 1673 1504 superbos
1710 1460 1833 1490 mente

521 1515 650 1551 cordis
681 1515 752 1563 sui,
784 1523 895 1563 patet
927 1527 1065 1552 eorum
1095 1513 1356 1561 indisposicio
1386 1514 1436 1549 ad
1459 1514 1671 1549 orandum.
1706 1514 1832 1548 Nemo

521 1572 627 1610 enim
661 1582 719 1609 est
750 1572 1034 1621 indisposicior
1066 1574 1115 1609 ad
1147 1571 1446 1620 impetrandum
1471 1570 1687 1619 quicquam
1711 1582 1732 1606 a
1755 1579 1831 1606 ter-

521 1644 617 1668 reno
651 1644 771 1680 quam
805 1644 996 1679 arrogans
1028 1643 1227 1678 usurpans
1260 1628 1414 1666 domini
1454 1628 1703 1677 dignitatem.
1749 1629 1832 1664 Mo-

520 1698 630 1726 veret
668 1698 802 1726 autem
843 1689 1120 1726 dimissionem
1161 1687 1297 1725 iudicii
1336 1686 1540 1723 temerarii
1573 1687 1681 1735 quod
1713 1698 1832 1722 nemo

520 1747 593 1784 scit
616 1761 696 1798 quo
729 1749 854 1795 gradu
888 1748 1009 1784 frater
1042 1759 1134 1783 suus
1168 1755 1224 1782 est
1257 1745 1297 1782 in
1330 1745 1590 1793 reputacione
1621 1745 1682 1781 vel
1714 1744 1833 1781 dilec-

522 1806 635 1843 cione
669 1805 802 1843 divina
826 1815 862 1842 et
885 1804 1113 1853 specialiter
1137 1805 1270 1853 quoad
1303 1803 1538 1852 preteritum
1573 1811 1610 1839 et
1641 1802 1831 1839 futurum.

522 1864 562 1901 Si
596 1864 702 1901 enim
735 1872 821 1900 tota
845 1863 1060 1900 multitudo
1084 1875 1251 1911 operum
1277 1860 1577 1898 meritoriorum
1603 1869 1640 1897 et
1664 1859 1833 1897 demeri-

520 1923 719 1959 toriorum
753 1931 855 1958 esset
876 1921 976 1958 visui
999 1930 1138 1958 nostro
1162 1933 1338 1969 presens,
1372 1919 1474 1956 sicut
1496 1928 1554 1956 est
1577 1920 1624 1955 de
1648 1918 1833 1955 omnibus

521 1981 708 2029 operibus
740 1980 888 2017 nostris
922 1988 959 2017 et
991 1979 1125 2016 fratris
1159 1978 1285 2015 nostri
1309 1990 1426 2027 quem
1452 1977 1677 2014 iudicamus
1700 1978 1832 2025 quoad

522 2041 663 2086 Deum,
710 2047 922 2087 appareret
966 2047 1072 2074 sorte
1117 2036 1322 2085 congeries
1360 2045 1593 2072 nostrorum
1632 2035 1832 2071 malorum

521 2109 690 2145 operum
724 2096 884 2146 gravior
916 2109 1037 2145 quam
1071 2095 1233 2132 illorum
1267 2104 1303 2131 et
1337 2093 1600 2142 congregacio
1633 2094 1830 2130 bonorum

521 2168 688 2203 operum
722 2155 889 2204 paucior
912 2167 1033 2203 quam
1066 2153 1241 2190 illorum.
1276 2155 1324 2189 Et
1347 2153 1403 2189 sic
1427 2164 1537 2188 more
1561 2150 1831 2188 iudicancium

521 2214 745 2250 adulteram
768 2214 855 2250 Joh.
871 2214 979 2249 VIIIO
1003 2225 1072 2261 pre
1096 2211 1328 2248 confusione
1350 2209 1569 2258 singilatim
1592 2210 1832 2257 fugeremus.

579 2271 889 2308 Consideremus
928 2271 1103 2307 secundo
1143 2269 1424 2306 liberalitatem
1458 2267 1530 2304 Dei
1563 2280 1683 2316 quam
1725 2268 1833 2315 large

521 2329 698 2377 graciam
737 2342 851 2366 suam
891 2328 1005 2365 nobis
1039 2327 1241 2364 distribuit
1274 2336 1311 2364 et
1344 2326 1534 2375 quociens
1567 2324 1832 2374 opposuimus

521 2387 726 2424 instinctui
767 2386 839 2424 Dei
877 2386 1164 2423 offendiculum
1205 2395 1241 2422 et
1279 2398 1400 2434 quam
1445 2397 1574 2433 pauca
1619 2383 1833 2420 carismata

522 2448 627 2482 Deus
669 2446 782 2482 fratri
821 2454 959 2482 nostro
998 2444 1177 2481 iudicato
1217 2443 1420 2480 distribuit
1457 2442 1518 2479 vel
1556 2454 1599 2478 ex
1637 2441 1832 2478 demerito

522 2513 734 2551 parentum
778 2504 839 2540 vel
885 2516 928 2540 ex
972 2503 1032 2539 sui
1078 2502 1345 2552 beneplacito.
1392 2503 1440 2537 Et
1479 2513 1559 2536 non
1598 2499 1671 2536 erit
1716 2499 1832 2536 nobis

523 2562 682 2599 evidens
728 2561 825 2610 quin
868 2574 1006 2598 sumus
1052 2563 1135 2597 Deo
1181 2559 1308 2608 magis
1354 2558 1500 2608 ingrati
1545 2570 1666 2607 quam
1710 2558 1832 2594 frater

521 2629 656 2656 noster
689 2632 808 2669 quem
843 2619 899 2656 sic
931 2628 1081 2656 temere
1114 2618 1352 2655 iudicamus.

591 2762 627 2782 12.
649 2753 780 2788 paralip.
801 2753 895 2781 Cod.:
912 2753 1153 2793 per-aliorsum.¹
1208 2753 1249 2779 16.
1293 2751 1464 2784 ablicaci0;
1483 2751 1523 2778 ita
1544 2750 1612 2778 cod.
1681 2758 1719 2785 17·
1736 2748 1829 2777 Cod.:

521 2788 651 2825 infinito.
724 2796 767 2815 22.
789 2788 883 2816 Cod.:
911 2788 1074 2823 zndxspom.
1148 2785 1193 2814 30.
1216 2786 1260 2814 Co
1286 2796 1309 2813 .:
1335 2789 1450 2814 nostro.

596 2883 646 2916 19.
671 2873 778 2905 Eccli.
802 2872 941 2912 XXXV,
969 2881 1022 2903 21.
1120 2881 1173 2902 20.
1201 2871 1316 2902 Lucae
1343 2871 1366 2910 Ι,
1393 2869 1447 2901 51.

1849 884 1888 905 10

1851 1164 1887 1196 15

1849 1466 1890 1487 20

1849 2038 1891 2070 30

1849 2327 1889 2360 35

1845 2627 1890 2658 40
