2062 3276
199 246 336 275 senno
358 234 407 292 L]
678 249 869 289 QUARTA
897 248 1023 280 PARS.

200 354 267 403 qui
302 355 460 403 publice
493 354 639 403 accipit
672 355 861 395 alienum,
895 354 1064 390 iniustus
1089 363 1146 390 est
1170 354 1236 402 qui
1267 355 1317 390 ad
1350 355 1510 391 laudem

199 412 260 449 sui
305 413 524 449 committit
569 415 652 449 Deo
699 422 782 450 tam
834 411 1093 448 manifestum
1150 412 1420 455 mendacium,
1475 421 1512 448 et

199 471 356 507 adulter
379 470 447 519 qui
481 483 523 507 ex
557 470 747 519 religione
780 470 967 507 affidatus
1002 469 1088 506 miti
1122 478 1158 506 et
1191 470 1332 506 humili
1366 483 1513 518 sponso

199 528 365 565 ecclesie
397 528 519 565 abicit
551 528 687 576 iugum
721 528 852 576 ipsurn
887 540 1006 564 suave
1040 537 1077 564 et
1101 528 1334 564 consederat
1357 540 1397 564 se
1421 528 1513 576 iugo

167 591 183 624 5
199 586 323 635 patris
348 586 559 631 mendacii,
593 587 661 623 sed
683 586 808 623 tercio
832 587 1035 634 adaugens
1060 585 1261 622 maliciam
1286 585 1513 622 inordinate

200 653 364 681 accusat
397 644 638 693 proximum,
673 645 767 680 dum
801 643 1005 692 subiungit
1037 643 1140 680 sicut
1173 643 1237 680 hic
1260 643 1512 692 publicanus,

199 712 236 739 et
269 704 369 739 bene
401 703 576 749 inchoat,
621 702 718 738 false
758 702 907 739 mediat
940 711 977 739 et
1009 701 1273 747 incaritative,
1321 701 1415 751 quia
1449 715 1513 739 ac-

199 760 413 807 cusatorie,
460 769 683 806 consumat,
732 769 769 797 et
811 760 867 797 sic
912 770 1053 809 peccat
1098 760 1138 796 in
1183 759 1429 808 sapienciam
1477 769 1513 796 et

200 819 543 856 benevolenciam.

146 892 184 912 10
256 879 303 913 Et
335 877 410 913 ista
444 886 501 913 est
538 877 648 914 scola
686 876 812 925 patris
857 876 1057 914 mendacii
1103 877 1280 913 colorate
1324 876 1513 925 incipere,

197 943 240 971 ut
272 934 452 972 versucia
485 947 655 983 sequens
688 935 912 972 coloracius
946 936 1229 971 abscondatur.
1265 935 1380 971 Unde
1413 934 1515 971 sicut

198 992 294 1029 dicit
317 994 424 1029 Beda
446 993 485 1029 in
509 993 812 1030 Commentario
836 994 1085 1042 quadruplex
1118 1001 1175 1030 est
1208 1005 1331 1041 genus
1364 992 1515 1029 iactan-

198 1051 269 1097 cie,
303 1051 436 1100 primo
476 1053 638 1100 quando
678 1053 873 1099 superbus
917 1051 1114 1100 presumit
1146 1063 1185 1087 se
1219 1063 1263 1087 ex
1295 1063 1335 1088 se
1369 1052 1515 1087 habere

199 1109 364 1157 aliquid,
418 1111 594 1146 secundo
640 1111 802 1158 quando
847 1110 993 1146 fatetur
1037 1122 1077 1146 se
1122 1110 1269 1146 habere
1321 1109 1515 1158 quicquid

146 1168 320 1206 15habet
353 1169 401 1204 de
434 1170 518 1205 Deo
552 1169 620 1204 sed
654 1180 697 1204 ex
730 1181 801 1204 suo
836 1167 981 1204 merito
1015 1169 1268 1216 precedente,
1304 1176 1341 1203 et
1363 1176 1516 1203 utrum—

199 1238 276 1274 que
308 1226 476 1262 istorum
518 1235 574 1263 est
609 1225 822 1263 manifesta
866 1225 1136 1274 blasphemia3
1182 1225 1307 1262 tercio
1353 1227 1515 1274 quando

200 1283 296 1320 false
329 1283 492 1320 simulat
523 1297 563 1320 se
596 1285 744 1321 habere
777 1285 927 1321 bonurn
964 1285 1072 1332 quod
1105 1297 1186 1320 non
1220 1285 1359 1326 habet:
1405 1293 1442 1320 et
1475 1284 1515 1319 in

199 1341 276 1377 isto
309 1341 472 1378 iactavit
505 1355 545 1379 se
578 1342 652 1379 iste
690 1342 919 1391 phariseus3
967 1351 1003 1378 et
1036 1351 1181 1391 quarto
1227 1343 1389 1391 quando
1423 1355 1513 1378 cum

200 1400 412 1436 mendacio
445 1401 619 1437 iactandi
654 1400 830 1438 detrahit
861 1400 974 1437 fratri
1007 1413 1079 1437 suo
1113 1409 1150 1437 et
1183 1400 1223 1436 in
1245 1400 1321 1437 ista
1354 1400 1515 1437 malicia

143 1474 184 1495 20
199 1457 428 1506 geminavit.

258 1518 364 1553 Inter
404 1516 541 1553 omnia
585 1526 717 1553 autem
757 1516 860 1553 vicia
903 1525 1116 1565 peccatum
1163 1516 1289 1565 magis
1333 1516 1515 1553 oracioni

201 1574 447 1612 contrarium
493 1588 643 1624 pompa
686 1575 748 1612 vel
792 1574 992 1612 iactancia
1036 1574 1307 1612 elemosinarii
1342 1575 1413 1611 Dei
1459 1583 1516 1611 est

201 1641 239 1669 et
294 1634 344 1670 ad
400 1633 701 1681 impetrandum
753 1633 922 1681 petitum
977 1632 1170 1681 inepcior,
1231 1633 1364 1682 primo
1421 1633 1515 1681 quia

202 1692 307 1728 Luce
346 1693 396 1738 10,
434 1692 477 1727 51
524 1693 571 1728 de
611 1694 696 1728 Deo
739 1691 836 1728 dicit
889 1700 1016 1728 mater
1060 1703 1132 1728 sua
1179 1693 1288 1740 quod
1341 1691 1516 1741 despexit

144 1754 185 1786 25
200 1750 386 1799 superbos
407 1757 531 1786 mente
553 1751 682 1786 cordis
704 1750 775 1794 sui,
808 1749 864 1786 sic
897 1762 992 1797 ergo
1026 1751 1237 1798 despectus
1271 1758 1328 1786 est
1357 1749 1516 1798 ineptus

202 1807 421 1856 impetrare
474 1807 689 1857 quicquam
731 1821 752 1844 a
786 1807 980 1855 Domin03
1033 1809 1210 1844 secundo
1263 1807 1357 1856 quia
1410 1811 1516 1844 Deus

201 1865 312 1902 novit
344 1865 482 1902 omnia
528 1865 670 1902 intima
715 1866 960 1914 peccatoris3
1006 1866 1096 1902 ideo
1131 1879 1327 1914 pompare
1361 1865 1435 1902 sibi
1468 1867 1516 1902 de

202 1925 341 1960 adesse
374 1923 575 1960 iusticiam
609 1937 631 1960 a
667 1926 750 1960 Deo
783 1925 1106 1970 accomodatam,
1154 1924 1185 1960 si
1226 1937 1305 1972 qua
1337 1924 1514 1970 infuerit,

200 1981 357 2018 videtur
402 1994 486 2018 esse
529 1981 855 2030 indignacionem
902 1982 1077 2019 divinam
1126 1981 1345 2019 incurrere.
1400 1983 1516 2019 Unde

144 2045 186 2077 30
202 2040 347 2076 Psalm.
382 2041 553 2086 CXL110,
589 2050 610 2076 2
646 2040 793 2077 dicitur
824 2041 876 2077 ad
908 2042 1014 2077 hunc
1046 2052 1227 2077 sensum:
1261 2041 1348 2077 Non
1382 2041 1515 2091 iustifi-

199 2098 351 2134 cabitur
381 2098 417 2134 in
450 2106 652 2148 conspectu
685 2106 749 2136 tuo
782 2099 903 2135 omnis
935 2099 1079 2147 vivens,
1110 2098 1263 2135 scilicet
1295 2111 1376 2135 non
1411 2111 1454 2135 ex
1476 2111 1516 2135 se

270 2265 290 2284 ι.
311 2255 387 2283 DG:
407 2257 534 2292 accepit.
608 2255 632 2284 3.
648 2257 720 2292 qui;
739 2257 810 2284 herc
824 2257 900 2284 ends
915 2257 965 2284 the
982 2257 1129 2284 [tambetli
1147 2256 1340 2292 manuscript
1360 2265 1388 2284 n.
1405 2256 1437 2284 23
1453 2257 1515 2290 (H).

201 2299 226 2326 7.
242 2292 286 2319 A:
303 2293 335 2318 et
345 2291 389 2318 sic
403 2291 496 2323 bene,·
515 2292 555 2318 ib.
572 2291 646 2318 DG:
663 2292 807 2323 meditat,-
828 2293 873 2319 A:
889 2292 1006 2319 mediat
1019 2292 1199 2325 caritative;
1218 2292 1258 2319 ib.
1274 2292 1367 2327 quia:
1386 2293 1430 2319 A:
1446 2300 1516 2328 qua.

202 2334 239 2353 12.
267 2326 340 2353 DG:
368 2329 625 2358 commentatore,-
654 2327 693 2353 ib.
721 2327 991 2366 Athquatriplex;
1021 2327 1061 2354 ib.
1088 2327 1113 2354 D
1141 2327 1170 2354 in
1201 2335 1315 2362 marg:
1345 2327 1517 2354 Secundum

199 2360 316 2388 Bedam
330 2360 524 2396 quadruplex
540 2369 635 2388 ‘renus
649 2364 808 2388 zactcmcze.
867 2361 903 2389 15.
921 2362 993 2388 DG:
1014 2361 1105 2388 lmhet
1118 2362 1212 2389 dere.
1271 2362 1309 2389 18.
1327 2363 1372 2389 A:
1415 2362 1517 2389 nando

201 2396 296 2435 deest.
331 2430 336 2435 Ι
370 2403 412 2431 19.
428 2395 502 2423 DG:
524 2381 677 2423 afetralzat.
714 2431 720 2435 ι
745 2403 791 2423 20.
807 2396 880 2424 DG:
901 2397 1111 2432 geminancia.
1177 2404 1217 2428 21,
1233 2404 1275 2424 22.
1292 2397 1365 2424 DG:
1387 2370 1518 2424 gite-r-

201 2432 354 2457 zactancza
376 2434 470 2457 deest.
526 2438 569 2458 22.
591 2431 823 2464 clenzoszmzrii;
842 2431 914 2458 DG:
938 2432 1065 2459 clarum.
1121 2438 1164 2466 22,
1179 2431 1223 2459 23.
1240 2431 1314 2459 DG:
1335 2434 1382 2458 est
1393 2431 1515 2459 sibiati.

201 2472 248 2500 24,
269 2465 311 2492 25.
332 2464 436 2492 Recte:
464 2465 613 2505 dispersit
629 2466 787 2500 superbos.
868 2465 909 2493 25.
931 2465 1005 2493 DG:
1027 2466 1136 2503 igitur.
1210 2467 1256 2494 26.
1279 2466 1322 2493 G:
1343 2467 1516 2502 quicquam.

201 2507 245 2535 27,
274 2500 320 2527 28.
350 2499 424 2527 DG:
453 2500 509 2527 sib:
536 2500 573 2527 de
598 2500 722 2528 iusticia
750 2509 769 2527 α
796 2501 862 2528 Deo
887 2501 1099 2528 accomodata.
1231 2508 1278 2535 29.
1306 2502 1350 2528 A:
1381 2501 1516 2528 incurre.

201 2542 248 2570 29,
270 2533 315 2562 30.
336 2534 410 2562 DG:
431 2533 511 2562 Nam
531 2535 643 2562 Psalm.
717 2534 763 2562 30.
785 2536 829 2563 G:
853 2535 978 2563 CXLIV.
1052 2535 1091 2563 31.
1113 2536 1156 2563 A:
1178 2536 1235 2563 sed
1254 2544 1324 2563 non.

277 2651 326 2673 12.
360 2641 411 2672 Cf.
444 2641 539 2673 Beda
571 2642 605 2672 in
640 2642 754 2674 Lucae
785 2642 860 2683 Ev„
894 2653 967 2684 cap.
993 2643 1110 2683 XVIII,
1142 2642 1202 2674 lib.
1221 2643 1263 2675 V.
1291 2643 1384 2685 Opp.
1412 2644 1517 2683 (Edit.

203 2687 327 2719 Colon.
352 2686 450 2729 1688)
476 2695 561 2719 torn.
580 2689 623 2728 V,
649 2699 727 2731 pag.
756 2690 837 2732 392:
873 2690 1031 2728 Quatuor
1062 2696 1142 2720 sunt
1168 2690 1302 2731 species
1321 2713 1328 2721 .
1348 2713 1355 2721 .
1375 2713 1382 2721 .
1403 2713 1410 2721 .
1438 2700 1517 2721 cum

202 2734 335 2765 bonurn
362 2740 421 2765 aut
446 2744 464 2765 a
490 2735 688 2776 semetipsis
715 2735 843 2767 habere
878 2746 914 2767 se
941 2736 1135 2775 aestimant,
1168 2742 1226 2767 aut
1251 2736 1278 2767 si
1306 2736 1370 2767 sibi
1398 2737 1517 2767 datum

203 2780 353 2823 desuper
385 2781 539 2820 credunt,
572 2791 636 2823 pro
670 2782 741 2813 suis
773 2793 809 2814 se
840 2781 907 2814 hoc
940 2783 1116 2824 accepisse
1149 2783 1280 2814 meritis
1312 2789 1435 2824 putant
1460 2789 1518 2813 aut

203 2834 293 2858 certe
320 2837 399 2858 cum
425 2828 552 2858 iactant
577 2838 613 2859 se
631 2827 759 2860 habere
778 2830 873 2870 quod
892 2839 961 2860 non
978 2828 1109 2860 habent
1127 2836 1185 2860 aut
1203 2829 1375 2871 despectis
1395 2830 1517 2860 ceteris

203 2874 423 2916 singulariter
448 2874 558 2905 videri
587 2882 756 2916 appetunt
780 2874 909 2907 habere
936 2876 1032 2917 quod
1060 2875 1200 2907 habent.

1540 871 1624 899 Four
1643 872 1741 899 forms
1762 871 1797 898 of

1591 907 1742 941 boasiing.
