2062 3276
193 250 244 285 80

190 950 258 978 Men
281 948 383 976 attend
406 953 456 975 too

256 984 347 1012 much
369 988 399 1010 to

224 1020 338 1048 human
359 1019 428 1055 law,

192 1703 292 1730 which
309 1703 334 1730 is
350 1712 364 1730 a
377 1712 465 1731 snare

222 1738 257 1765 of
273 1739 323 1765 the
343 1739 435 1766 devil.

777 257 1000 290 JOHANNIS
1017 258 1204 290 WYC1.1F
1223 259 1478 292 SERMONUM
1570 246 1723 304 [SERMO
1743 258 1794 286 IX.

481 362 628 399 nostris
661 364 908 412 temporibus
941 366 1013 402 hec
1045 365 1259 402 infidelitas
1298 368 1406 415 quod
1437 369 1601 404 verbum
1636 368 1796 405 Domini

482 420 523 456 in
573 421 651 458 fide
697 422 895 470 scripture
945 423 1124 471 graciose
1176 423 1370 472 scriptum
1417 426 1715 474 contempnitur
1760 435 1796 463 et

481 478 649 515 tradicio
688 480 864 516 humana
903 481 1181 518 infidelitatem
1222 482 1381 530 sapiens
1421 483 1627 530 exaltatur,
1660 497 1796 532 ymmo

481 538 604 585 (quod
643 538 732 585 plus
773 545 843 582 est)
883 539 980 575 fides
1019 539 1215 587 scripture
1253 549 1460 588 tamquam
1496 542 1668 578 heretica
1702 555 1795 578 con—

482 596 723 642 dempnatur
746 604 783 631 et
806 597 1070 633 catholicatus
1098 597 1266 645 perfidia
1287 598 1533 634 Antichristi.
1569 601 1669 635 Cum
1703 612 1796 648 ergo
1814 604 1830 636 5

481 653 593 688 homo
640 653 730 688 vivit
773 654 1032 702 spiritualiter
1076 655 1112 690 in
1158 656 1261 691 omni
1304 657 1419 692 verbo
1471 657 1572 705 quod
1616 659 1797 706 procedit

482 711 528 745 de
560 723 627 746 ore
658 711 745 755 Dei,
780 711 872 759 quia
905 716 962 757 (ut
1003 712 1099 749 dicit
1129 714 1361 761 Apostolus>
1409 714 1444 750 in
1475 715 1563 764 fide
1607 716 1691 751 vivo
1717 715 1800 765 filii

479 768 568 811 Dei,
606 781 686 804 non
726 778 783 805 est
822 769 969 806 mirum
1009 770 1040 806 si
1080 770 1195 806 multi
1236 771 1290 807 sic
1330 781 1506 808 errantes
1539 772 1616 808 sint
1649 773 1796 809 mortui

479 825 678 867 infideles;
714 836 750 863 et
774 827 878 863 basis
912 828 1027 864 huius
1060 829 1263 865 seminarii
1295 829 1465 865 infidelis
1497 830 1681 867 videntur
1714 844 1797 867 esse

478 884 620 920 fratres
655 884 721 932 qui
755 886 1033 922 adulterantur
1065 887 1319 923 communius
1351 889 1516 924 verbum
1550 888 1636 925 Dei.
1817 904 1855 924 10

537 944 592 977 Ex
631 941 707 978 isto
747 942 852 979 enim
893 944 1107 981 meditacio
1141 945 1211 981 Dei
1252 945 1550 993 contempnitur
1583 955 1620 983 et
1653 946 1797 983 exerci-

478 999 583 1035 tacio
616 999 657 1035 in
689 1000 773 1048 lege
813 1003 1000 1049 humana,
1036 1015 1111 1051 que
1145 1004 1192 1039 de
1224 1003 1329 1039 facto
1369 1013 1425 1040 est
1464 1004 1523 1040 lex
1555 1004 1704 1053 iniqua,
1739 1004 1797 1040 in-

480 1057 651 1104 ducitur,
683 1067 720 1094 et
742 1058 798 1095 sic
820 1060 948 1107 legem
973 1060 1044 1097 Dei
1069 1073 1145 1109 que
1168 1063 1483 1109 condempnaret
1504 1071 1641 1099 nostra
1674 1075 1797 1110 opera

481 1124 601 1163 atque
638 1116 760 1152 vitam
802 1130 844 1153 ex
884 1119 1171 1154 consuetudine
1210 1120 1316 1155 mala
1355 1119 1519 1168 antiqua
1553 1120 1796 1168 despicimus

483 1183 519 1209 et
542 1174 737 1210 novitates
763 1176 960 1212 coloratas
994 1189 1015 1212 a
1039 1177 1208 1224 dyabolo
1242 1179 1526 1224 approbamus.
1562 1180 1638 1214 Lex
1661 1188 1794 1214 autem
1817 1183 1853 1215 15

482 1241 623 1268 nature
668 1245 758 1268 cum
803 1233 889 1281 lege
933 1234 1075 1270 morali
1123 1235 1314 1282 evangelii
1365 1236 1465 1271 foret
1514 1236 1714 1272 sufficiens
1760 1245 1796 1272 et

482 1290 722 1326 tradiciones
755 1291 830 1327 alie
864 1304 906 1328 ex
940 1292 1166 1328 maioritate
1200 1292 1361 1329 honoris
1395 1294 1587 1329 mundani
1621 1304 1656 1330 et
1685 1295 1796 1330 lucro

481 1348 765 1395 temporalium
790 1349 1016 1386 introducte
1040 1359 1130 1386 sunt
1154 1351 1409 1397 despiciende
1433 1361 1639 1399 tamquam
1665 1352 1796 1388 anime

479 1418 693 1442 venenose:
729 1408 814 1451 Que
848 1420 940 1455 ergo
974 1421 1069 1444 cura
1102 1410 1149 1443 de
1182 1410 1266 1456 lege
1296 1409 1456 1452 Christi,
1492 1409 1585 1446 dicit
1618 1411 1674 1446 lex
1708 1410 1796 1446 talis

481 1464 597 1499 fallax
620 1477 722 1512 pape
745 1466 805 1501 vel
829 1466 987 1511 cesaris,
1005 1467 1100 1501 dum
1126 1467 1252 1502 fidelis
1277 1468 1395 1502 habet
1411 1480 1569 1503 sensum
1594 1468 1791 1515 integrum
1814 1483 1855 1503 20

480 1522 577 1569 legis
617 1523 700 1558 Dei.
748 1524 815 1558 Illa
861 1524 965 1559 enim
1012 1525 1069 1559 lex
1114 1524 1210 1560 dicit
1253 1526 1368 1572 plene
1414 1525 1506 1573 quid
1553 1535 1589 1561 et
1628 1526 1797 1574 qualiter

482 1581 603 1615 homo
637 1582 753 1616 debet
786 1584 1005 1617 secundum
1031 1582 1102 1617 Dei
1138 1583 1429 1630 beneplacitum
1463 1584 1621 1630 operari
1655 1593 1691 1619 et
1722 1584 1796 1620 alie

481 1638 721 1674 tradiciones
754 1642 960 1675 onerando
993 1640 1262 1676 consciencias
1295 1642 1466 1677 reddunt
1496 1642 1676 1678 homines
1709 1643 1797 1689 plus

482 1696 700 1743 perplexos,
748 1697 838 1733 ideo
881 1711 961 1734 non
1007 1708 1097 1734 sunt
1144 1698 1218 1734 nisi
1264 1708 1346 1734 rete
1391 1699 1562 1746 dyaboli.
1612 1702 1659 1735 Et
1706 1713 1795 1736 cum

482 1755 738 1791 conversacio
779 1755 951 1791 hominis
991 1757 1103 1792 daret
1143 1756 1389 1792 evidenciam
1429 1766 1510 1793 tam
1556 1757 1628 1793 sibi
1674 1771 1795 1805 quam
1814 1761 1854 1793 25

481 1812 568 1848 aliis
607 1815 714 1860 quod
753 1813 803 1849 sit
846 1823 966 1861 caput
1007 1823 1074 1850 aut
1113 1816 1339 1850 membrum
1374 1816 1422 1850 de
1461 1815 1626 1851 ecclesia
1659 1825 1796 1851 sancta

480 1870 566 1913 Dei,
617 1884 697 1906 non
750 1871 895 1907 mirum
948 1873 995 1908 de
1041 1873 1203 1919 prelatis
1248 1873 1393 1908 nostris
1438 1883 1519 1909 tam
1565 1873 1730 1910 distorte
1775 1886 1797 1910 a

481 1928 639 1964 Christo
682 1929 904 1966 viventibus
949 1930 980 1965 si
1025 1930 1167 1966 callide
1210 1930 1250 1966 in
1294 1931 1620 1978 desperacionem
1667 1931 1797 1967 finalis

480 1986 761 2034 impenitencie
794 1988 1051 2023 inducuntur.
1087 1988 1197 2024 Sicut
1236 1988 1340 2024 enim
1382 1998 1492 2036 gutte
1525 1989 1676 2036 priores
1710 2002 1797 2037 pre-

481 2054 624 2091 parant
657 2047 706 2080 ad
740 2046 981 2082 fraccionem
1016 2045 1159 2093 lapidis
1193 2055 1229 2083 et
1261 2046 1403 2083 ultima
1436 2056 1548 2095 gutta
1581 2056 1706 2093 cavat,
1741 2047 1795 2084 sic
1813 2052 1854 2084 30

481 2112 645 2150 peccata
683 2104 777 2140 talia
816 2104 855 2140 in
894 2104 1025 2140 medio
1064 2103 1142 2140 vite
1183 2104 1356 2140 hominis
1395 2105 1543 2141 usitata
1581 2114 1796 2153 preparant

481 2162 531 2195 ad
576 2162 901 2208 desperacionem
949 2162 1109 2197 finalem
1155 2171 1192 2198 et
1240 2175 1283 2198 ex
1327 2162 1402 2198 illis
1441 2162 1622 2199 diabolus
1666 2163 1793 2210 ipsam

480 2218 633 2254 facilius
656 2219 884 2255 introducit.
918 2220 1033 2256 Vivat
1057 2232 1150 2267 ergo
1184 2221 1304 2256 homo
1331 2230 1469 2268 (quam
1493 2221 1607 2268 plene
1631 2221 1793 2261 sufficit)
1811 2249 1861 2279 FO
1865 2249 1886 2280 l

482 2277 740 2313 conloimiter
771 2278 846 2325 legi
882 2277 952 2313 Dei
993 2287 1030 2313 et
1064 2279 1208 2313 habeat
1247 2290 1361 2325 perse
1390 2275 1392 2329 Ι
1422 2287 1624 2314 vetantem
1658 2280 1795 2315 volun·
1812 2292 1892 2337 29911

481 2342 603 2369 tatem
644 2334 683 2369 in
723 2336 808 2382 lege
840 2336 906 2371 illa
939 2335 1069 2371 standi
1102 2335 1140 2371 in
1173 2335 1252 2371 xita
1285 2336 1514 2372 detensione
1548 2346 1584 2372 et
1617 2336 1795 2384 publica-
1812 2341 1851 2374 35

482 2391 607 2435 cione‚
642 2401 678 2428 et
711 2393 863 2429 tollitu1
895 2393 1052 2429 occasio
1087 2394 1338 2440 desperandi.

539 2451 653 2485 Unde
696 2451 852 2486 videtur
902 2451 997 2486 mihi
1050 2453 1157 2499 quod
1208 2451 1435 2488 introducte
1487 2452 1794 2489 adinvenciones

482 2516 563 2543 tam
597 2507 637 2543 in
670 2508 864 2556 religiosis
888 2522 1008 2557 quam
1033 2509 1218 2545 humanis
1241 2510 1394 2557 legibus
1418 2511 1513 2546 dant
1541 2511 1792 2546 occasionem

552 2629 575 2656 5.
598 2630 625 2656 Ι-
650 2630 674 2657 C
675 2639 721 2657 um
742 2631 770 2665 i„
768 2631 843 2657 itur
864 2643 865 2654 κ
875 2636 902 2658 ct
923 2632 1217 2667 passi1ni.1o
1240 2631 1263 2659 E
1282 2632 1311 2658 in
1335 2640 1421 2667 marg
1443 2632 1556 2660 :Basis
1573 2633 1734 2660 seminarii
1750 2633 1794 2660 in-

472 2664 537 2699 fid
533 2665 638 2691 licitis
647 2666 690 2700 s'r
691 2653 782 2692 τίνας.
881 2675 914 2696 11
936 2667 1240 2694 12D12·e·.txe›cit7
1237 2667 1277 2692 io
1298 2668 1391 2694 deest
1490 2676 1517 2694 15
1548 2669 1592 2695 A:
1621 2676 1680 2703 que
1699 2669 1792 2694 deest.

483 2707 528 2731 :2.4
550 2699 573 2726 E
594 2700 622 2725 iu
645 2708 740 2733 marg.
752 2710 756 2726 :
784 2700 982 2728 'Imitcionex
1000 2710 1058 2736 que
1076 2705 1194 2728 sunti-
1191 2705 1229 2727 ’et
1249 2702 1371 2728 iiab'olt.
1462 2701 1506 2729 32.
1523 2690 1555 2729 Ι·
1575 2702 1793 2737 (dmsperacm—

482 2742 548 2760 mm
560 2733 688 2767 smalem
709 2735 744 2761 d
739 2740 807 2763 est:
838 2736 877 2761 ib.
902 2736 925 2761 Ι·
954 2744 992 2762 ex
1011 2736 1083 2762 ntis.
1185 2735 1228 2764 32,
1254 2735 1290 2762 3
1313 2736 1380 2763 Ι)Ε
1409 2740 1439 2763 et
1458 2753 1488 2756 —
1509 2737 1680 2764 introducit
1698 2737 1792 2763 deest.

482 2767 525 2795 3¹3
548 2762 618 2795 Db:
646 2770 673 2795 lt
674 2778 715 2803 ge
733 2770 854 2802 s;t1nd1·
879 2771 921 2796 A:
942 2770 1080 2797 standum
1101 2770 1290 2806 defensione.
1363 2770 1453 2805 3713
1472 2771 1503 2798 in
1525 2779 1620 2806 marg.
1632 2781 1637 2798 :
1667 2770 1793 2798 Occasu)

483 2789 691 2838 despem‘ovzdt.
748 2803 953 2839 3s.1:quam
974 2806 1015 2832 in.

552 2874 583 2906 6.
610 2875 728 2907 Matth.
755 2875 810 2916 lv,
835 2887 868 2917 4.
966 2888 995 2919 7.
1024 2877 1098 2909 Gal.
1126 2876 1163 2918 ΙΙ,
1192 2887 1245 2910 20.
