2062 3276
191 278 269 313 268
771 285 993 317 JOHANNIS
1013 285 1196 317 WYCLIF
1215 285 1470 317 SERMONtm
1504 271 1657 329 [SERMO
1678 281 1788 310 xxm.

199 399 271 427 Like
293 399 451 435 Scriptum
478 390 673 428 extraneis
707 404 726 428 a
761 391 975 440 scriptura,
1016 391 1127 428 abuti
1167 391 1254 439 ipso
1293 392 1344 427 ad
1384 391 1466 427 eius
1504 392 1786 439 voluptuosam

200 434 440 505 Spssfkssfflffig„
477 448 763 496 ostensionem,
804 458 840 486 et
872 449 929 487 sic
963 462 984 486 a
1016 462 1166 498 sponso
1207 450 1415 486 excludere
1453 449 1593 486 florem
1634 449 1716 486 eius
1751 459 1788 487 et

202 505 404 567 cassaissggg'gffivs
419 509 449 531 to
475 508 649 544 fructum
696 507 763 555 qui
804 516 860 544 est
899 509 1028 544 honor
1061 508 1131 545 Dei
1172 516 1208 544 et
1249 507 1456 545 conversio
1499 506 1696 556 proximi?
1740 510 1789 545 Et

408 561 414 567 ”
476 565 571 614 quid
617 574 675 601 est
720 565 759 602 in
798 565 1027 603 sinceritate
1066 566 1175 614 loqui
1215 565 1290 602 nisi
1329 565 1369 602 in
1409 566 1517 602 clara
1560 565 1788 602 intencione

474 624 581 660 nude
614 632 651 659 et
683 632 775 672 apte
807 624 919 672 loqui
959 624 1169 661 veritatem
1210 636 1286 672 que
1325 623 1510 660 edificat?
1555 632 1649 660 tunc
1683 623 1821 661 enim5

475 681 707 729 predicator
751 682 930 731 loquitur
970 694 1012 719 ex
1046 685 1130 718 Deo
1170 691 1206 719 et
1252 694 1334 718 non
1379 683 1427 718 de
1473 681 1669 718 extraneis
1714 681 1788 718 im-

475 739 771 787 pertinentibus
804 741 854 777 ad
887 741 1056 776 salutem
1097 739 1243 783 anime,
1290 749 1326 776 et
1360 752 1450 776 cum
1485 741 1679 776 honorem
1715 739 1787 777 Dei

476 798 594 833 habet
633 797 913 846 principaliter
951 811 1020 846 pre
1059 798 1186 835 oculis
1218 799 1267 834 ad
1306 797 1547 846 gignendum
1582 797 1786 835 Christum

476 854 515 891 in
548 854 684 892 anima
717 869 865 904 sponse
897 868 979 902 sue,
1013 869 1094 892 non
1127 855 1292 892 dubium
1327 856 1422 904 quin
1456 868 1594 892 coram
1629 858 1712 892 Deo
1747 855 1787 891 in

475 913 636 950 Christo
681 914 878 962 loquitur:
925 926 1061 951 coram
1097 917 1181 950 Deo
1220 914 1383 963 quidem
1423 922 1459 950 et
1492 927 1573 950 non
1617 915 1788 951 latenter
1808 929 1846 950 ιο

475 984 587 1008 more
626 972 796 1008 adulteri
836 972 876 1008 in
921 972 1076 1020 angulis
1116 972 1315 1009 falsitatis.
1370 974 1411 1008 In
1452 971 1612 1008 Christo
1659 971 1785 1008 eciam

474 1029 653 1078 loquitur
703 1030 787 1079 (qui
840 1040 897 1067 est
949 1031 1013 1066 lux
1066 1031 1221 1076 mundi)
1273 1039 1484 1078 tamquam
1536 1029 1660 1066 nichil
1713 1029 1787 1066 sibi

474 1088 657 1124 conscius
703 1097 740 1125 et
786 1101 866 1124 non
911 1088 951 1124 in
995 1088 1170 1125 tenebris
1223 1097 1497 1137 peccatorum.
1550 1089 1631 1125 Nec
1679 1096 1808 1124 caret*

473 1145 675 1194 scriptura
719 1155 857 1183 nostra
902 1147 1139 1195 eloquencia
1183 1146 1257 1183 sibi
1298 1145 1444 1191 debita,
1491 1145 1593 1183 sicut
1632 1145 1788 1194 egregie

474 1204 651 1241 declarat
697 1206 836 1241 beatus
868 1204 1114 1253 Augustinus
1146 1206 1217 1241 IV0
1252 1206 1300 1241 de
1332 1204 1526 1241 Doctrina
1559 1203 1788 1241 Christiana
1808 1209 1843 1241 15

474 1275 561 1310 cap.
586 1264 677 1298 VIO:
718 1263 907 1307 Quereret
929 1263 1106 1312 forsitan
1139 1264 1278 1312 aliquis
1310 1270 1439 1298 utrum
1464 1270 1641 1299 auctores
1665 1262 1791 1300 nostri

473 1332 634 1368 quorum
679 1321 824 1370 scripta
878 1321 1059 1357 divinitus
1101 1322 1289 1370 inspirata
1342 1333 1522 1357 canonem
1574 1321 1680 1356 nobis
1726 1333 1788 1356 sa-

472 1378 684 1414 luberrima
717 1379 948 1415 auctoritate
968 1380 1168 1428 fecerunt,
1200 1380 1389 1428 sapientes
1429 1379 1692 1414 tantummodo
1724 1385 1789 1414 aut

472 1436 591 1472 eciam
631 1437 846 1485 eloquentes
884 1438 1131 1486 nuncupandi
1172 1445 1271 1475 sunt.
1326 1437 1410 1486 Que
1453 1438 1602 1486 quidem
1644 1437 1787 1485 questio

471 1495 577 1543 apud
599 1507 658 1530 me
680 1495 803 1544 ipsum
827 1503 861 1531 et
884 1496 990 1544 apud
1011 1508 1074 1531 eos
1097 1496 1161 1544 qui
1182 1508 1328 1531 mecum
1362 1496 1465 1544 qnod
1498 1495 1581 1531 dico
1613 1495 1784 1531 senciunt
1805 1509 1846 1530 πυ

461 1552 659 1600 facillime
690 1553 866 1589 solvitur.
903 1554 1003 1588 Nam
1037 1554 1100 1589 ubi
1130 1566 1194 1589 eos
1226 1554 1416 1603 intelligo,
1455 1553 1555 1589 sicut
1588 1553 1640 1588 eis
1672 1552 1789 1589 nichil

471 1610 698 1659 sapiencim,
732 1612 782 1646 ita
816 1611 934 1647 eciam
969 1611 1086 1647 nichil
1118 1612 1358 1660 eloquencius
1390 1611 1484 1646 mihi
1506 1611 1631 1647 videri
1646 1618 1786 1659 potest.

472 1668 525 1704 Et
563 1669 685 1704 audeo
731 1670 858 1706 dicere
902 1682 1031 1705 omnes
1068 1671 1132 1718 qni
1174 1677 1275 1705 recte
1321 1670 1541 1719 intelligunt
1579 1669 1680 1717 quod
1718 1668 1790 1717 ipsi

474 1727 683 1774 loquuntur
721 1727 836 1762 simul
867 1727 1087 1777 intelligere
1117 1740 1180 1763 eos
1213 1740 1286 1763 non
1319 1728 1434 1763 aliter
1467 1727 1571 1775 loqui
1602 1727 1786 1762 debuisse.

473 1784 578 1819 Sicut
623 1786 721 1821 enim
767 1793 822 1821 est
865 1786 1083 1834 eloquencia
1122 1798 1192 1834 que
1231 1786 1358 1836 magis
1402 1792 1539 1821 etatem
1584 1784 1844 1821 iuvenilenz25

473 1843 590 1879 decet.
635 1850 764 1891 estque
801 1843 978 1882 senilem:
1021 1855 1086 1880 nec
1138 1844 1212 1879 iani
1253 1844 1411 1879 dicenda
1457 1850 1511 1879 est
1558 1842 1789 1891 eloquencia,

472 1901 506 1936 si
531 1912 699 1949 persone
731 1914 803 1936 non
837 1909 1030 1951 congruat
1063 1902 1291 1950 eloquentis:
1335 1902 1384 1936 ita
1424 1908 1479 1937 est
1518 1901 1680 1949 quedam
1720 1912 1790 1949 que

471 1970 622 1994 summa
671 1960 904 1995 auctoritate
957 1960 1061 1995 viros
1113 1960 1364 2010 dignissimos
1407 1960 1598 2008 planeque
1641 1958 1790 1994 divinos

473 2017 590 2052 decet.
623 2017 712 2053 Hac
743 2017 819 2066 ipsi
851 2018 969 2053 locuti
999 2025 1099 2061 sunt,
1133 2030 1198 2054 nec
1231 2018 1334 2067 ipsos
1367 2018 1472 2053 decet
1505 2017 1579 2052 alia
1603 2028 1670 2052 nec
1691 2016 1788 2052 alios

472 2075 569 2123 ipsa.
619 2075 771 2118 Quanto
816 2076 913 2111 enim
962 2076 1114 2111 videtur
1158 2076 1355 2118 humilior,
1401 2083 1505 2110 tanto
1549 2074 1671 2110 alcius
1714 2086 1786 2110 non
1804 2078 1846 2111 30

473 2133 698 2168 ventositate
742 2134 811 2169 sed
853 2134 1048 2169 soliditate
1092 2134 1343 2169 transcendit.
1399 2134 1481 2169 Hec
1525 2131 1785 2179 Augustinus,

472 2189 634 2226 Utinam
662 2191 922 2227 ecclesiastici
946 2191 1073 2227 nostri
1098 2190 1278 2227 moderni
1303 2190 1359 2227 sic
1383 2199 1569 2238 saperent
1593 2191 1641 2225 de
1663 2189 1786 2238 scrip-

471 2257 574 2294 tura,
620 2257 715 2285 tunc
748 2249 852 2285 enim
888 2249 1018 2285 forent
1052 2250 1168 2297 longe
1201 2250 1334 2297 plures
1374 2248 1525 2297 pugiles
1564 2256 1788 2296 pugnantes

471 2305 512 2342 in
551 2318 696 2354 campo
730 2307 949 2355 spiritualis
991 2307 1138 2344 milicie
1179 2320 1267 2344 cum
1302 2306 1435 2355 gladio
1468 2306 1632 2354 spiritus
1665 2318 1786 2354 quam

471 2372 563 2401 sunt
597 2365 733 2401 mod0.
1804 2369 1843 2401 '33

540 2543 564 2562 2.
582 2534 656 2561 DH:
679 2534 926 2562 ostentacionem.
982 2534 1007 2562 3.
1022 2535 1065 2561 A:
1086 2534 1208 2569 proxim
1220 2534 1262 2561 ‹!·.
1319 2542 1348 2567 4,
1364 2533 1388 2561 5.
1404 2534 1449 2561 A:
1470 2534 1576 2560 nisi—
1591 2533 1676 2568 loqui
1693 2532 1787 2559 deest.

471 2578 499 2601 4.
517 2569 590 2596 DG:
612 2570 674 2596 nisi
686 2570 774 2596 clara
790 2569 972 2596 intencione.
1055 2569 1079 2596 5.
1094 2569 1140 2596 A:
1160 2568 1331 2603 edificacio.
1406 2568 1432 2594 6.
1450 2568 1492 2595 D:
1513 2576 1573 2594 non
1588 2568 1625 2595 de
1639 2570 1789 2594 extranea

471 2603 532 2631 sibi
549 2605 596 2631 vel
615 2604 782 2631 extraneis.
850 2604 876 2631 8.
898 2604 941 2630 G:
959 2612 1028 2639 per.
1097 2611 1137 2630 10.
1159 2603 1232 2630 Do:
1254 2603 1348 2638 loqui.
1418 2604 1513 2630 11.A:
1534 2602 1624 2629 modo
1642 2601 1788 2629 adulteri.

473 2638 508 2666 15.
530 2638 606 2665 AG:
628 2639 733 2666 beatus
752 2638 853 2668 deest:
874 2638 915 2666 ib.
932 2638 975 2666 D:
996 2641 1106 2674 quarto
1127 2637 1222 2665 deest.
1291 2646 1329 2673 17.
1352 2637 1424 2664 DG:
1445 2638 1599 2672 scriptura
1622 2637 1679 2663 Dei
1695 2637 1788 2675 intus.

474 2681 513 2707 17,
536 2672 574 2700 18.
597 2672 669 2700 DG:
698 2674 942 2701 saluberrimum.
1051 2680 1092 2708 ¹9·
1114 2672 1187 2700 DG:
1215 2672 1310 2700 eciam
1331 2672 1425 2699 deest.
1533 2679 1579 2699 20.
1600 2671 1684 2706 quod
1701 2670 1789 2710 dico,-

473 2708 547 2734 DG:
575 2708 821 2742 quodamnzodo;
845 2707 890 2735 H:
919 2715 955 2735 ex
976 2708 1053 2735 Deo.
1160 2714 1199 2734 21.
1227 2708 1324 2741 Aug:
1355 2714 1416 2734 non
1441 2707 1538 2734 solum
1559 2706 1653 2733 nichil
1672 2708 1719 2733 est
1734 2713 1788 2732 ets.

472 2741 515 2769 25.
537 2743 582 2769 A:
603 2742 647 2769 sic
668 2743 756 2770 enim.
861 2743 906 2769 26.
928 2743 971 2770 H:
993 2750 1083 2778 quam
1106 2749 1161 2777 pro
1182 2745 1227 2768 est
1244 2750 1312 2777 que.
1411 2749 1456 2776 27.
1477 2741 1522 2768 H:
1543 2740 1673 2776 quedam
1693 2740 1787 2767 deest.

472 2784 517 2811 27,
539 2778 587 2803 28.
608 2777 650 2803 H:
675 2785 734 2812 quo
755 2785 882 2804 summa.
955 2776 999 2804 28.
1022 2776 1094 2803 l'iG:
1114 2776 1208 2811 plane
1227 2776 1328 2811 qual:
1354 2776 1393 2803 ib.
1415 2775 1520 2803 ADG:
1541 2775 1689 2803 dominos,

550 2907 597 2938 15.
625 2908 657 2937 S.
686 2908 774 2947 Aug.
802 2910 892 2949 Opp.
922 2915 1004 2938 tom.
1033 2907 1085 2946 111,
1112 2917 1189 2948 pag.
1219 2907 1239 2942 Ι,
1269 2916 1345 2948 pag.
1372 2905 1427 2948 (37.
