2062 3276
235 241 371 270 SERMO
391 230 460 287 u]
718 245 909 283 QUARTA
937 244 1063 275 PARS.

748 427 942 470 SERMO
975 428 1039 468 LI.

293 526 443 561 Surdos
463 525 563 574 fecit
595 525 732 561 audire
763 532 798 560 et
830 531 955 560 mutos
987 523 1100 572 loqui.
1134 522 1259 559 Marci
1285 524 1388 567 V110,
1426 523 1489 569 37.

293 585 459 620 Constat
482 595 524 620 ex
547 583 648 619 serie
671 581 864 630 evangelii
883 582 1089 630 quomodo
1110 582 1293 618 Salvator
1317 593 1395 616 non
1419 581 1547 616 solum

1754 243 1827 275 401

1577 585 1682 613 Christ
1703 585 1829 612 showed

1571 621 1711 647 miracles
1733 624 1763 647 to
1783 621 1834 647 the

236 641 433 678 edificavit
455 642 620 677 Judeam
646 639 847 677 miraculis
869 641 937 676 sed
960 647 1096 688 gentes
1120 648 1284 684 exteras,
1318 647 1361 674 ut
1382 639 1547 686 Tyrum,
1565 655 1703 682 Gentiles
1721 663 1753 682 as
1771 655 1838 681 well

204 700 426 736 §Sidonem
461 709 497 735 et
530 708 677 735 terram
702 698 964 746 Decapole08‚
998 711 1020 734 a
1053 697 1196 746 quibus
1225 696 1410 733 ordinate
1443 695 1549 732 venit

236 759 285 794 ad
331 769 441 793 mare
484 758 732 794 transeundo
775 757 1008 793 Jerusalem.
1062 755 1217 792 Dicitur
1261 763 1394 791 autern
1441 755 1549 803 quod

237 814 377 852 Galilei
422 816 482 851 vel
526 824 662 863 gentes
705 815 903 850 adducunt
946 814 1018 850 sibi
1054 826 1264 863 personam
1309 813 1470 848 surdam
1517 819 1552 848 et

236 880 380 910 mutam
405 881 443 909 ut
466 881 644 918 sanetur;
675 873 739 922 qui
759 872 1052 922 apprehendens
1075 884 1158 907 eum
1182 883 1356 907 seorsum
1380 884 1401 906 a
1425 871 1552 916 turba,

236 932 337 968 misit
382 931 526 981 digitos
568 944 658 967 suos
701 931 737 966 in
781 931 980 966 auriculas
1024 930 1102 966 eius
1145 937 1179 965 et
1218 941 1391 978 expuens
1428 928 1554 978 tetigit

183 1001 221 1021 10
236 990 410 1040 linguam
433 989 512 1025 eius
534 997 568 1025 et
582 989 792 1039 suspiciens
814 989 849 1024 in
873 989 994 1024 celum
1013 987 1212 1038 ingemuit,
1237 988 1386 1023 dicens:
1412 987 1553 1035 Essem,

237 1048 338 1097 quod
381 1055 436 1083 est
479 1048 646 1097 aperire.
693 1047 745 1082 Et
788 1047 918 1083 statim
965 1054 1099 1096 aperte
1137 1053 1224 1081 sunt
1261 1057 1377 1081 aures
1409 1045 1488 1081 eius
1520 1051 1554 1080 et

237 1106 403 1142 solutum
437 1113 491 1141 est
526 1106 717 1142 vinculum
753 1105 884 1155 lingue
916 1105 994 1140 eius
1027 1111 1061 1141 et
1094 1104 1322 1152 loquebatur
1354 1110 1467 1140 recte.
1503 1102 1555 1138 Et

233 1164 408 1214 precepit
439 1163 492 1200 eis
514 1176 558 1199 ne
580 1164 642 1200 cui
662 1164 842 1199 dicerent.
876 1163 928 1198 Et
951 1175 993 1199 eo
1011 1163 1103 1212 plus
1120 1162 1375 1211 predicabant
1397 1162 1554 1210 factum

238 1230 271 1258 et
305 1223 483 1257 mirando
517 1222 724 1258 dixerunt:
766 1222 870 1257 Bene
908 1220 1034 1256 omnia
1065 1220 1188 1269 fecit,·
1225 1227 1259 1256 et
1291 1220 1433 1255 surdos
1454 1219 1555 1268 fecit

186 1280 221 1312 15
237 1281 376 1316 audire
407 1288 441 1315 et
465 1287 589 1316 mutos
611 1280 724 1328 loqui.
761 1280 990 1316 Secundum
1015 1279 1163 1315 Bedam
1189 1277 1228 1314 in
1252 1276 1556 1314 Commentario

238 1339 381 1374 surdus
430 1337 502 1374 iste
547 1346 583 1374 et
629 1347 762 1374 mutus
805 1337 935 1385 signat
980 1349 1103 1385 genus
1148 1338 1367 1372 humanum
1409 1349 1431 1372 a
1465 1337 1555 1370 Jesu

239 1397 449 1442 salvatum,
484 1395 551 1444 qui
575 1396 711 1432 exierit
735 1397 782 1431 de
811 1395 957 1431 finibus
980 1395 1074 1442 Tyri
1107 1396 1199 1437 (hoc
1229 1403 1299 1439 est,
1335 1395 1382 1430 de
1411 1393 1556 1430 timore

238 1455 297 1491 vel
331 1454 566 1502 superfluo),
601 1455 764 1502 quando
787 1454 907 1490 exivit
930 1466 951 1489 a
976 1454 1094 1488 Patre
1116 1460 1150 1488 et
1174 1453 1272 1488 venit
1296 1452 1335 1487 in
1360 1453 1554 1488 mundum

240 1517 295 1557 (ut
335 1511 514 1560 loquitur
553 1511 799 1559 evangelium
832 1512 919 1548 Joh.
953 1512 1074 1557 XV10‚
1110 1511 1190 1556 28).
1243 1511 1303 1546 Ad
1337 1509 1555 1546 Dominum

183 1581 224 1602 20
240 1570 344 1607 enim
384 1570 557 1619 pertinet
596 1570 729 1616 timor,
775 1579 812 1606 et
851 1570 1069 1606 secundum
1117 1568 1369 1605 divinitatem
1411 1567 1559 1604 dicitur

240 1628 644 1677 supersubstancialis
689 1637 726 1665 et
770 1628 892 1664 flexus
943 1640 1063 1675 super
1113 1627 1289 1675 singulas
1338 1635 1556 1671 creaturaS,

240 1687 332 1736 quia
373 1687 536 1723 Genesis
576 1689 624 1732 10,
667 1696 687 1722 2
730 1686 895 1722 dicitur:
943 1686 1112 1735 Spiritus
1156 1685 1317 1721 Domini
1347 1685 1560 1733 ferebatur

239 1758 357 1795 super
401 1757 532 1794 aquas.
588 1746 703 1781 Unde
748 1745 966 1781 secundum
1021 1743 1271 1780 divinitatem
1323 1742 1558 1779 nominatur

238 1803 440 1842 terribilis.

183 1867 223 1899 25
296 1862 414 1898 Venit
461 1870 594 1898 autem
641 1873 710 1908 per
748 1869 933 1897 naturam
974 1859 1197 1908 angelicam
1245 1858 1557 1905 ministrantem,

241 1932 318 1969 que
351 1921 449 1956 bene
482 1919 606 1955 Sidon
639 1918 786 1955 dicitur
819 1919 909 1955 (hoc
943 1926 1000 1954 est
1033 1918 1140 1954 salus
1171 1918 1231 1954 vel
1264 1918 1431 1963 tacens),
1465 1916 1558 1965 quia

242 1979 405 2016 celestes
439 1976 602 2026 spiritus
635 1985 727 2013 sunt
759 1977 799 2012 in
824 1977 951 2013 salute
973 1977 1032 2013 vel
1056 1975 1304 2012 beatitudine
1329 1974 1557 2012 confirmati

242 2046 279 2073 et
325 2037 364 2072 in
407 2035 486 2073 vita
532 2034 845 2083 contemplativa
884 2043 1042 2070 tacente
1081 2035 1139 2070 vel
1178 2033 1337 2070 ociante
1376 2033 1559 2070 beatifice

242 2094 443 2143 occupati.
479 2096 552 2129 Per
586 2093 738 2129 medios
770 2106 862 2129 vero
896 2092 993 2129 fines
1028 2092 1278 2140 Decapoleos
1311 2091 1432 2139 venit,
1467 2091 1560 2140 quia

186 2158 227 2189 30
242 2165 312 2201 per
335 2151 635 2189 universitatem
657 2153 854 2199 graduum
880 2150 1044 2187 humani
1068 2150 1235 2198 generis.
1270 2152 1370 2186 Nam
1402 2159 1562 2198 septua-

242 2211 352 2259 ginta
385 2212 465 2247 duo
498 2212 645 2258 gradus
679 2218 945 2246 numerantur
971 2211 1076 2246 Luce
1101 2210 1170 2245 IVO
1199 2210 1248 2245 ab
1271 2210 1400 2245 Adam
1434 2220 1562 2256 usque

243 2271 293 2306 ad
332 2269 558 2314 Christum3
604 2268 748 2316 quibus
793 2268 954 2304 additus
1000 2267 1232 2304 octonarius
1277 2275 1561 2314 generatorum

243 2327 442 2375 posterius
475 2327 760 2363 salvandorum
796 2335 832 2362 et
866 2326 1054 2362 denarius
1087 2324 1358 2362 universitatis
1385 2324 1564 2373 angelice

245 2397 335 2421 cum
369 2384 634 2432 generacione
667 2384 865 2432 spirituali
889 2393 1076 2420 natorum
1104 2396 1145 2420 ex
1170 2386 1253 2420 Deo
1280 2383 1432 2419 semine
1455 2382 1563 2420 verbi

188 2445 227 2479 35
245 2443 317 2479 Dei
357 2443 487 2479 decies
530 2444 668 2479 decern
711 2442 891 2479 civitates
930 2441 1150 2479 constituit.
1184 2441 1301 2477 Venit
1341 2450 1473 2478 autem
1515 2442 1565 2477 ad

317 2586 336 2605 1.
360 2577 384 2604 D
406 2577 434 2604 in
458 2585 571 2611 marg:
594 2577 755 2604 Dominica
776 2582 819 2604 12.
911 2584 935 2602 2,
957 2578 1001 2603 A:
1024 2576 1154 2603 Surdus.
1239 2584 1267 2608 4.
1290 2575 1363 2602 DG:
1387 2578 1420 2602 ut
1443 2575 1567 2610 Tytum,·

248 2612 287 2639 D:
314 2612 419 2646 Tytum
440 2615 478 2639 et.
575 2620 601 2646 7.
625 2613 667 2638 G:
691 2610 785 2639 Galii.
886 2619 923 2638 12.
945 2612 1021 2638 AG:
1043 2614 1073 2637 et
1093 2611 1195 2637 before
1216 2610 1398 2645 loquebatur
1418 2609 1565 2641 omitte-<12

246 2648 287 2674 ib.
315 2648 358 2674 A:
391 2650 473 2674 recte
498 2647 592 2673 deest.
736 2646 772 2673 15.
800 2646 874 2673 DC:
910 2646 1094 2673 Commento.
1240 2645 1280 2672 18.
1309 2644 1352 2671 G:
1383 2645 1438 2680 qui
1464 2644 1566 2671 exivit.

247 2690 289 2709 22.
319 2683 363 2709 A:
398 2681 452 2717 qui
481 2681 614 2709 Genesis.
749 2680 791 2708 23.
822 2680 896 2708 DG:
933 2681 1056 2708 dict'lur.
1193 2679 1235 2707 25.
1267 2680 1311 2707 A:
1341 2679 1565 2715 evangelicam.

247 2724 292 2751 29.
314 2717 387 2778 [l)(j:
410 2716 578 2751 occupari;
604 2716 643 2743 ib.
665 2717 709 2743 A:
731 2716 927 2751 Decapolios.
1008 2714 1051 2742 33.
1073 2715 1117 2742 G:
1139 2717 1169 2742 et
1186 2714 1304 2742 domus.
1379 2713 1425 2747 34.
1449 2714 1491 2741 G:
1513 2722 1566 2749 ge-

247 2759 323 2779 nera
339 2759 359 2778 ι.

322 2834 348 2854 1.
375 2823 504 2865 Gospel
532 2823 586 2855 for
618 2821 686 2854 [2ιιι
711 2824 852 2866 Sunday
879 2822 966 2854 after
991 2822 1139 2866 Trinity.
1237 2832 1268 2864 7.
1296 2822 1399 2853 Marci
1415 2821 1486 2861 VII,
1515 2821 1567 2854 32.

254 2880 303 2911 14.
331 2870 382 2901 Cf.
410 2871 526 2901 Bedae
553 2871 585 2900 in
615 2870 729 2901 Lucae
756 2870 830 2909 Exn,
856 2870 877 2900 l.
905 2880 932 2900 c.
960 2879 1037 2911 pag.
1062 2867 1174 2912 143l4.

243 2948 274 3032 S
1389 2925 1429 2956 2¹}

1571 699 1604 717 as
1625 695 1654 716 ιο
1676 690 1727 717 tlie
1747 689 1838 716 Jews.

1640 1339 1780 1375 Mystical

1612 1374 1756 1408 meaning
1775 1373 1809 1400 of

1663 1408 1756 1445 Tyre.

1655 1862 1773 1898 Sydon,

1590 2096 1647 2122 and
1673 2094 1852 2130 Decapolis.
