2062 3276
214 299 237 330 4
245 289 265 321 b
274 289 295 321 (ᾗ

213 814 315 842 Three
340 815 430 842 kinds
451 814 486 841 of

214 850 283 876 vain
293 850 486 877 confidence:

229 893 249 911 1.
271 885 301 911 in
322 892 379 911 our
398 892 469 911 own

276 920 425 954 strength,

240 1980 264 1999 2.
287 1972 316 1999 in
338 1972 465 2002 friends,

796 292 1019 323 iollANle
1040 291 1223 321 WYCLIF
1243 290 1500 321 SERMONLTM
1561 276 1712 333 [SERMO
1735 285 1812 312 ΗΧ-

503 406 634 434 reatus
677 397 865 445 proprius
902 398 1079 433 retardat
1116 409 1189 432 nos
1227 409 1307 432 non
1348 396 1476 432 solum
1517 408 1539 431 a
1577 395 1810 431 benefacere

502 458 570 492 sed
602 469 624 492 a
656 456 786 492 facere
820 457 968 492 bonum
1002 468 1115 503 opus.
1151 455 1336 491 Secundo
1371 466 1413 490 ex
1438 454 1512 489 hoc
1536 454 1642 501 quod
1675 465 1812 489 sumus

504 514 572 550 filii
596 513 667 549 Dei
700 526 913 562 possumus
946 513 1183 561 simpliciter
1207 512 1409 549 confidere
1438 511 1477 547 in
1510 519 1623 558 patre
1655 520 1812 554 nostro;

503 573 553 608 ad
599 584 721 620 quam
768 571 1061 608 confidenciam
1107 569 1421 619 presupponitur
1467 570 1574 617 quod
1619 570 1813 605 habemus

504 630 642 683 fidenis
658 630 913 676 catholicam,
948 642 1024 678 que
1047 642 1137 665 cum
1160 629 1208 665 sit
1231 635 1383 664 mortua
1406 627 1486 663 sine
1509 627 1614 663 bonis
1637 627 1815 675 operibus
1832 626 1848 658 5

502 689 722 731 secun'dum
762 689 922 724 beatum
960 688 1154 723 Jacobum
1196 688 1292 734 (Jac.
1328 688 1381 722 110
1422 689 1546 733 cap.0,
1587 681 1665 735 17),
1706 693 1815 732 patet

503 736 612 794 quod
644 755 805 793 oportet
836 759 909 782 nos
943 746 1089 781 addere
1123 752 1235 780 actus
1269 744 1422 780 filiales.

560 806 629 839 Est
679 813 811 840 autem
859 803 1001 850 triplex
1044 815 1147 839 vana
1187 801 1438 838 confidencia
1477 799 1814 849 degenerancium

502 860 690 907 filiorum,
724 861 855 909 prima
887 873 967 909 qua
998 861 1117 896 stulte
1150 859 1365 896 confiditur
1398 859 1438 894 in
1460 858 1691 895 fortitudine
1715 866 1752 894 et
1775 858 1815 893 in

500 918 646 955 virtute
679 919 857 967 propria,
892 931 969 967 que
1002 926 1197 966 quantum
1232 918 1281 953 sit
1314 930 1416 953 vana
1449 925 1485 952 et
1518 916 1669 964 fragilis
1701 924 1815 952 notat
1836 929 1874 949 10

503 977 671 1013 historia
717 979 764 1013 de
810 976 969 1013 miseria
1009 975 1258 1012 condicionis
1297 976 1472 1011 humane
1512 983 1549 1011 et
1589 973 1815 1011 communis

502 1093 603 1129 vires
642 1094 818 1129 humane
859 1102 895 1129 et
927 1092 1007 1128 vita
1041 1101 1098 1128 est
1131 1092 1287 1128 brerior
1320 1104 1440 1140 quam
1474 1091 1640 1135 solebat,
1678 1103 1815 1137 ymmo

504 1152 629 1200 (quod
663 1152 751 1199 plus
785 1154 854 1195 est)
889 1164 977 1187 cum
1014 1150 1189 1199 quelibet
1223 1158 1407 1186 creatura
1430 1148 1479 1184 sit
1502 1148 1813 1186 instrumentum

504 1209 575 1246 Dei
601 1218 636 1245 et
661 1210 882 1246 secundum
908 1209 1149 1257 prophetam
1174 1210 1263 1244 Ysa.
1288 1209 1356 1253 XO,
1390 1207 1431 1243 15
1469 1207 1591 1243 homo
1622 1206 1671 1242 sit
1701 1205 1814 1254 quasi
1836 1208 1871 1240 15

502 1281 614 1303 serra
655 1267 739 1313 bei,
787 1276 896 1315 patet
941 1268 1050 1315 quod
1094 1279 1214 1303 nemo
1259 1274 1389 1314 potest
1428 1265 1644 1313 quicquam
1684 1264 1815 1300 facere

504 1325 576 1361 nisi
616 1334 657 1361 ut
698 1334 879 1361 movetur
918 1338 939 1361 a
974 1328 1057 1361 Deo
1090 1324 1157 1372 qui
1191 1337 1281 1360 cum
1314 1323 1405 1360 forti
1440 1332 1508 1359 aut
1541 1321 1675 1367 debili,
1714 1322 1815 1359 sicut

503 1383 576 1419 sibi
616 1384 758 1431 placet,
801 1383 894 1419 facit
926 1383 1151 1419 victoriam.
1193 1382 1314 1430 Igitur
1347 1382 1387 1417 in
1421 1380 1573 1417 artifice
1607 1381 1813 1428 regulante

503 1450 540 1478 et
573 1455 654 1477 non
686 1441 726 1477 in
760 1441 1039 1487 instrumento,
1085 1440 1196 1477 cuius
1230 1449 1359 1476 totum
1395 1452 1480 1476 esse
1519 1448 1556 1475 et
1595 1440 1693 1475 bene
1733 1451 1815 1475 esse

504 1501 703 1547 dependet
727 1512 771 1536 ex
795 1499 960 1545 artifice,
986 1501 1176 1535 debemus
1194 1498 1406 1535 confidere.
1432 1496 1663 1533 pulcritudo
1688 1496 1814 1532 eciam
1834 1509 1875 1530 20

504 1567 540 1594 et
574 1557 792 1605 longevitas
838 1567 930 1593 sunt
968 1557 1063 1594 satis
1103 1557 1308 1593 instabiles
1331 1558 1421 1592 Ysa.
1456 1557 1558 1600 XL0‚
1594 1557 1636 1591 6:
1683 1554 1817 1590 Omnis

504 1628 596 1651 caro
624 1617 784 1663 fennm3
830 1617 992 1664 quando
1032 1624 1164 1652 autem
1207 1613 1476 1662 prescinditur
1514 1614 1615 1649 falce
1654 1611 1815 1649 Domini

505 1673 652 1709 decidit
691 1674 764 1710 flos
798 1682 835 1709 et
868 1673 1071 1709 residuum
1106 1672 1311 1721 putrescit.
1353 1673 1497 1717 Quoad
1531 1670 1813 1718 longevitatem

505 1731 804 1768 consideremus
844 1731 1098 1778 pestilencias
1137 1743 1180 1766 ex
1212 1731 1360 1766 infecto
1393 1741 1483 1765 aere
1518 1738 1701 1765 causatas
1742 1728 1816 1767 ‹in-

503 1790 607 1825 fecto
641 1789 730 1826 dico
763 1789 893 1825 verbis
927 1788 1240 1834 contumeliosis,
1276 1787 1489 1836 superfluis
1522 1796 1559 1823 et
1592 1786 1753 1831 dolosis)
1779 1795 1815 1822 et
1833 1788 1872 1820 25

505 1847 783 1884 combinemus
817 1847 1053 1883 brevitatem
1082 1847 1160 1883 vite
1183 1855 1319 1882 nostre
1344 1844 1581 1882 miserabilis
1606 1853 1643 1881 et
1665 1844 1815 1880 incerte

506 1914 541 1941 et
573 1905 798 1941 videbimus
831 1905 1048 1941 stulticiam
1083 1905 1122 1941 in
1155 1905 1240 1952 ipsa
1275 1904 1489 1940 confidere.

563 1965 748 2000 Secunda
776 1976 879 2000 vana
902 1963 1153 1999 confidencia
1177 1971 1234 1999 est
1257 1975 1335 2010 qua
1359 1961 1577 1998 confiditur
1605 1961 1645 1996 in
1669 1961 1813 2001 amico,

506 2022 553 2057 de
598 2034 677 2069 qua
720 2021 889 2057 Jeremie
928 2023 1067 2066 XVHO,
1112 2022 1151 2057 5:
1197 2020 1431 2056 M'czledictzts
1475 2019 1539 2068 qui
1581 2018 1736 2068 confidit
1778 2018 1814 2054 in

506 2080 656 2115 homine
694 2087 728 2115 et
763 2080 873 2128 ponit
911 2092 1066 2115 carnem
1100 2079 1135 2114 in
1168 2078 1368 2114 brachium
1401 2090 1525 2113 suum.
1568 2076 1676 2112 Licet
1710 2075 1814 2112 enim
1833 2080 1874 2112 30

505 2137 621 2173 nobis
662 2137 865 2173 confidere
904 2137 944 2173 in
984 2136 1144 2173 homine
1184 2137 1256 2172 sub
1291 2134 1526 2172 habitudine
1559 2147 1638 2182 qua
1671 2134 1816 2170 instru-

506 2204 686 2231 mentum
711 2195 783 2231 Dei
817 2204 873 2231 est
906 2194 973 2242 qui
1008 2207 1051 2231 ex
1083 2194 1230 2231 nostris
1262 2194 1415 2230 meritis
1445 2201 1577 2229 movet
1610 2191 1815 2228 hominem

505 2255 555 2289 ad
594 2252 709 2289 nobis
749 2252 1093 2289 benefaciendum.
1141 2253 1218 2288 Sed
1256 2251 1323 2288 illa
1362 2260 1419 2287 est
1456 2250 1654 2286 instabilis
1694 2249 1816 2286 confi-

505 2311 645 2347 dencia
679 2319 715 2346 et
737 2311 852 2347 valde
886 2323 955 2358 per
988 2310 1186 2349 accidens,
1220 2309 1435 2345 terminata
1468 2307 1744 2356 principaliter
1767 2308 1815 2343 ad

506 2369 724 2405 Dominum
760 2368 799 2404 in
833 2381 911 2416 quo
946 2368 1223 2416 principaliter
1247 2367 1475 2404 confiditur.
1511 2367 1576 2402 Ille
1600 2379 1693 2414 ergo
1715 2378 1815 2402 vane
1833 2368 1871 2401 35

507 2426 674 2462 confidit
698 2426 765 2474 qui
790 2426 1070 2474 principaliter
1094 2425 1260 2462 confidit
1284 2425 1323 2461 in
1347 2433 1549 2470 creatura3
1573 2437 1666 2460 nam
1684 2424 1814 2460 solum

505 2484 546 2520 in
580 2486 664 2521 Deo
704 2493 761 2521 est
794 2485 850 2521 sic
884 2484 1169 2521 confidendum
1205 2496 1274 2531 per
1308 2483 1485 2519 medium
1526 2495 1606 2530 quo
1646 2481 1816 2518 fideliter

505 2542 699 2578 servimus
738 2542 812 2578 sibi
853 2542 1021 2579 servicio
1061 2542 1184 2578 filiali.
1230 2544 1330 2578 Nam
1371 2542 1493 2578 homo
1532 2548 1663 2588 potest
1701 2539 1816 2576 nobis

506 2600 675 2637 deficere
716 2602 849 2648 quoad
890 2609 1061 2648 tempus,
1103 2601 1235 2648 quoad
1277 2600 1408 2635 locum
1453 2607 1489 2635 et
1522 2599 1656 2646 quoad
1690 2596 1816 2646 quali-

573 2720 600 2744 4.
632 2711 673 2737 D:
704 2711 879 2738 Habeamus.
1000 2712 1027 2737 13.
1059 2710 1132 2737 DG:
1161 2709 1226 2737 Jac.
1258 2709 1351 2736 deest.
1473 2718 1500 2745 9.
1532 2709 1558 2735 A
1589 2709 1617 2735 in
1649 2716 1761 2741 marg:
1792 2715 1815 2734 1.

504 2754 533 2781 9,
562 2755 602 2773 io.
632 2747 675 2773 A:
705 2749 734 2772 et
764 2747 885 2773 virtute.
1018 2744 1055 2772 13.
1087 2746 1237 2777 lzzcnzane;
1266 2745 1314 2771 llic
1343 2744 1464 2771 verbum
1494 2743 1646 2771 izi-cidisse
1673 2746 1815 2777 apparel.

506 2782 545 2808 ιζ).
568 2781 683 2807 Codd:
711 2788 817 2807 sarra.
898 2788 938 2815 ις).
960 2779 1001 2806 D:
1030 2780 1060 2806 in
1082 2780 1175 2806 deest.
1255 2787 1292 2806 '.*1.
1314 2780 1358 2806 A:
1387 2782 1417 2805 et
1435 2779 1535 2812 ἀρε-ἥς
1563 2778 1602 2805 ib.
1626 2778 1668 2804 G.-
1695 2777 1763 2804 l'sa.
1784 2777 1815 2804 L.

504 2816 546 2842 1›:
572 2815 622 2842 IV.
703 2814 745 2842 2‘3.
768 2816 810 2842 A:
839 2814 1072 2846 dec1‘d1'tdeest;
1100 2814 1140 2841 ib.
1162 2814 1204 2840 D:
1232 2814 1510 2849 longam'mr'talem.
1583 2821 1630 2845 24.
1652 2813 1692 2840 25.
1715 2812 1757 2839 G:
1785 2812 1815 2839 1'11

495 2850 589 2885 sizcto
612 2850 701 2877 verbo
722 2849 801 2876 dico.
876 2850 922 2876 26.
946 2849 1017 2876 DG:
1047 2849 1274 2877 conzhureznux:
1302 2849 1339 2875 ib.
1362 2850 1405 2875 A:
1428 2847 1603 2874 musei-lali&
1678 2854 1720 2881 27.
1744 2846 1815 2873 DG:

504 2887 534 2911 et
547 2885 639 2911 deest.
704 2885 748 2911 23.
765 2885 792 2911 A
808 2884 836 2910 in
853 2892 965 2919 marg:
991 2891 1025 2912 2³:
1044 2884 1083 2910 ib.
1100 2884 1173 2910 DG:
1196 2883 1288 2917 quia:
1307 2884 1347 2910 ib.
1363 2884 1388 2910 A
1403 2893 1407 2909 ς
1420 2882 1580 2918 stenditur.
1642 2881 1681 2909 31.
1699 2882 1740 2908 l).-
1762 2881 1815 2908 sul>

502 2919 711 2946 similitudine.
787 2917 826 2946 35.
848 2919 921 2945 DG:
944 2919 1055 2953 igitur.
1128 2918 1170 2944 32.
1193 2918 1235 2946 G:
1259 2918 1364 2944 Deum.

1833 1011 1907 1042 Fol.

503 1035 687 1083 experien
716 1031 721 1088 1
751 1034 811 1073 cia
857 1036 904 1071 de
956 1033 1200 1082 pestilenciis
1246 1042 1283 1070 et
1327 1032 1628 1069 infirmitatibus
1672 1031 1815 1080 quibus
1833 1056 1913 1098 ³4¹⁴

2056 366 2062 377 -=
2053 288 2062 342 aaa·
2052 253 2062 268 Λ.
2054 204 2062 234 >11
