2062 3276
261 248 396 276 senno
418 239 514 296 XVI]
745 253 934 292 QUARTA
963 253 1089 285 PARS.

261 361 372 396 brum
408 359 583 396 nobilius
616 369 653 396 et
685 372 916 408 perversum
951 368 1008 396 est
1043 361 1091 396 ab
1125 360 1388 397 ordinacione
1422 369 1459 397 et
1483 374 1575 398 con-

258 418 490 454 versacione
525 418 686 465 Christi,
728 431 821 466 crgo
855 418 986 466 ipsum
1021 427 1078 455 est
1113 431 1270 455 versum
1305 419 1344 455 in
1379 419 1575 464 deterius;

259 476 298 512 in
332 476 445 512 cuius
486 475 842 512 confirmacionem
890 485 1102 525 peccatum
1148 476 1405 513 luciferinum
1452 479 1575 525 (quod

259 542 315 570 est
338 531 541 584 superbia)
574 534 614 570 in
647 534 732 570 istis
764 534 956 582 ypocritis
991 534 1116 583 magis
1150 544 1301 583 regnat.
1337 534 1449 572 Sicut
1483 549 1575 583 ergo

225 591 398 628 5lucifer
430 600 574 628 natura
606 591 790 640 superior
822 592 950 628 factus
984 601 1043 629 est
1076 594 1224 629 demon
1246 593 1485 641 perversior,
1519 594 1576 630 sic

258 649 668 698 proporcionabiliter
701 658 758 686 est
791 651 839 686 de
873 651 992 687 clero.
1035 652 1128 687 Ideo
1160 651 1318 687 videtur
1350 651 1457 688 istud
1492 664 1575 688 esse

258 709 490 753 tenendum,
525 721 615 744 curn
653 709 848 755 dyabolus
880 721 1088 756 nunquam
1122 708 1368 757 presumpsit
1391 708 1574 757 accipere

258 765 487 814 potenciam
522 766 607 813 Dei,
653 766 898 814 sapienciam
931 767 1051 803 Verbi
1085 766 1170 813 Dei,
1210 768 1272 804 vel
1311 766 1572 804 clemenciam

257 824 431 872 Spiritus
465 824 613 860 Sancti.
649 823 754 860 Dicit
788 824 891 860 enim
926 837 1031 873 papa
1067 825 1250 873 explicite
1274 825 1354 862 sive
1377 825 1574 873 implicite

204 893 241 913 10
256 884 363 930 quod
397 891 528 930 potest
551 883 822 931 quodcunque
847 891 1059 930 peccatum
1084 883 1302 930 remittere,
1327 883 1359 919 si
1384 892 1574 932 peccator

256 953 327 988 per
360 940 573 989 pecuniam
608 940 681 976 sibi
716 940 955 977 satisfecerit
989 942 1122 989 quoad
1158 943 1299 977 Deum.
1336 942 1384 977 Et
1417 950 1575 978 tantam*

256 998 532 1035 extollenciam
567 999 761 1046 dyabolus
790 1011 870 1035 non
900 999 1144 1047 presumpsit
1168 1000 1302 1047 quoad
1326 998 1573 1048 sapienciam

255 1056 376 1093 Verbi
401 1056 485 1093 Dei.
511 1056 641 1104 Fingit
665 1058 772 1105 quod
796 1057 916 1093 habet
937 1070 1007 1105 per
1031 1057 1161 1094 claves
1186 1057 1353 1094 ecclesie
1377 1057 1571 1094 noticiam

256 1117 303 1152 de
336 1115 490 1151 viatore
524 1115 704 1163 quolibet
737 1114 769 1150 si
802 1114 852 1151 sit
885 1115 1182 1164 predestinatus
1216 1117 1266 1152 ad
1298 1115 1471 1164 gloriam
1511 1117 1572 1153 vel

202 1173 464 1222 15prescitus‚
511 1172 605 1221 quia
638 1172 807 1209 absolvit
840 1185 930 1210 eum
964 1173 1004 1210 in
1038 1187 1133 1211 casu
1172 1186 1193 1210 a
1232 1186 1334 1222 pena
1369 1182 1406 1210 et
1440 1175 1571 1223 culpa,

255 1241 292 1268 et
335 1241 430 1268 tunc
476 1240 534 1268 est
580 1231 897 1279 predestinatus3
943 1232 1034 1269 ideo
1079 1232 1181 1269 sicut
1221 1231 1296 1269 scit
1330 1234 1571 1270 antecedens

254 1290 311 1326 sic
343 1289 417 1326 scit
450 1298 487 1326 et
520 1301 783 1338 consequens,
818 1299 854 1326 et
888 1302 958 1338 per
989 1291 1093 1327 viam
1136 1290 1571 1328 excommunicacionis

253 1349 314 1384 vel
347 1347 617 1384 anathematis
651 1347 724 1384 scit
759 1350 806 1384 de
845 1348 924 1384 alio
965 1350 1073 1396 quod
1116 1357 1173 1385 est
1213 1349 1422 1397 prescitus.
1468 1351 1568 1386 Nam

254 1406 294 1442 in
327 1406 397 1442 tali
431 1405 691 1442 absolucione
723 1406 783 1442 vel
816 1406 890 1443 scit
923 1408 1031 1455 quod
1063 1407 1130 1443 illa
1166 1407 1374 1444 absolucio
1399 1416 1456 1444 est
1477 1421 1569 1445 vera

197 1473 238 1494 20
254 1473 373 1513 atque
405 1463 585 1512 legitima
617 1464 679 1500 vel
710 1476 792 1499 non
825 1464 910 1501 scit.
948 1464 988 1501 Si
1021 1477 1102 1502 non
1134 1465 1221 1511 scit,
1271 1478 1361 1502 cum
1401 1478 1482 1502 non
1521 1466 1570 1502 sit

254 1522 447 1559 articulus
494 1521 586 1558 fidei
631 1533 704 1558 nec
749 1522 822 1559 sibi
876 1525 1133 1571 sperandum,
1188 1523 1446 1572 presumpcio
1492 1537 1570 1572 qua

254 1589 457 1617 assecurat
503 1580 626 1616 alium
673 1592 754 1616 esse
800 1581 1028 1617 absolutum
1076 1595 1098 1618 a
1137 1584 1221 1618 Deo
1270 1591 1327 1619 est
1360 1581 1570 1620 luciferina

253 1639 453 1688 superbia,
489 1639 586 1675 dans
619 1638 858 1686 generaliter
891 1639 1074 1676 fidelibus
1109 1640 1381 1678 diffidenciam
1416 1640 1568 1689 aliquid

253 1699 300 1734 de
334 1710 405 1733 sua
444 1695 703 1733 absolucione
742 1698 803 1733 vel
834 1697 964 1734 verbis
998 1700 1106 1746 quod
1140 1698 1311 1735 absolvit
1344 1700 1507 1735 Petrum
1548 1712 1569 1735 a

194 1754 234 1786 25
253 1755 419 1792 crimine
464 1748 739 1803 promissoriis
785 1755 1072 1792 confitendum.
1134 1756 1174 1793 Si
1223 1757 1328 1794 enirn
1373 1769 1446 1794 nec
1496 1757 1570 1794 scit

251 1827 323 1851 nec
364 1813 490 1850 credit
528 1825 600 1849 nec
639 1822 773 1861 sperat
807 1816 914 1862 quod
948 1814 1117 1851 absolvit
1150 1817 1310 1851 Petrum
1346 1828 1367 1851 a
1401 1815 1568 1852 crimine

251 1873 458 1921 quomodo
492 1871 623 1920 ipsum
659 1871 854 1908 certificat
888 1874 996 1920 quod
1029 1872 1084 1909 sic
1117 1873 1238 1910 facit?
1272 1873 1313 1910 Si
1337 1882 1470 1910 autem
1495 1873 1569 1910 scit

251 1931 358 1979 quod
397 1929 453 1966 sic
493 1928 662 1966 absolvit
696 1931 872 1975 Petrum,
917 1940 1012 1967 tunc
1057 1930 1131 1967 scit
1176 1933 1284 1980 quod
1324 1934 1429 1968 Deus
1477 1940 1568 1968 ante

252 1988 389 2024 mundi
435 1987 640 2024 exordium
690 1987 822 2035 ipsum
869 1988 1158 2036 predestinavit
1206 1991 1255 2026 ad
1300 1990 1484 2038 gloriam,
1531 1999 1567 2026 et

193 2046 234 2077 30
251 2059 341 2083 cum
375 2046 480 2083 istud
505 2045 554 2082 sit
577 2045 891 2082 secretissimum
917 2047 988 2083 Dei
1014 2047 1240 2094 consilium,
1276 2048 1331 2084 sic
1354 2049 1462 2097 quod
1485 2060 1566 2084 non

250 2113 380 2154 potest
414 2106 472 2151 (ut
505 2103 774 2141 communiter
807 2103 969 2156 dicitur)
1015 2105 1189 2154 prescito
1224 2106 1564 2154 dampnacionem

249 2176 360 2200 suam
397 2171 488 2200 ante
534 2171 704 2199 mortem
749 2164 974 2211 ostendere,
1018 2164 1176 2201 videtur
1219 2166 1326 2213 quod
1371 2164 1565 2213 quidlibet

249 2221 358 2258 aliud
392 2229 600 2258 causatum
634 2233 656 2257 a
690 2220 818 2257 causis
851 2221 1036 2258 secundis
1084 2223 1185 2259 foret
1225 2223 1451 2260 evidencius
1490 2222 1563 2259 sibi

248 2288 402 2317 notum.

192 2336 231 2370 35
308 2339 385 2374 Sed
418 2337 524 2374 dicat
547 2337 578 2373 si
602 2336 677 2373 scit
701 2338 861 2386 quando
886 2339 1025 2374 Petrus
1060 2338 1268 2386 morietur,
1303 2341 1466 2388 quando
1491 2339 1564 2376 erit

249 2396 332 2432 dies
364 2394 503 2432 iudicii
533 2395 595 2431 vel
627 2394 723 2443 quid
755 2395 795 2431 in
828 2395 965 2433 animo
999 2396 1148 2445 cogitat
1181 2397 1237 2434 sic
1275 2398 1459 2446 opinans,
1506 2410 1564 2434 re-

249 2467 340 2491 vera
373 2453 467 2502 quia
500 2453 699 2501 ignoravit
731 2453 1060 2502 impugnanciam
1101 2455 1161 2491 sui
1194 2456 1411 2492 adversarii
1436 2465 1472 2493 et
1496 2457 1564 2492 ad-

248 2512 454 2549 versitates
506 2524 596 2548 suas
651 2511 816 2559 futuras,
872 2512 1078 2549 manifeste
1130 2513 1280 2550 indicat
1332 2515 1440 2563 quod
1487 2515 1563 2551 hoc

318 2657 339 2682 1,
360 2656 383 2676 2.
406 2648 474 2676 DE:
496 2649 715 2679 conversione,-
733 2647 758 2675 E
778 2649 910 2676 correxit
930 2649 959 2676 in
982 2657 1078 2684 marg.
1135 2658 1163 2682 4.
1186 2650 1228 2677 D:
1251 2653 1396 2678 reffnant.
1452 2651 1476 2679 5.
1493 2651 1563 2679 DE:

247 2686 292 2710 est
312 2684 404 2710 deest.
468 2683 495 2711 3.
516 2683 555 2710 E:
572 2684 678 2719 patris
699 2683 770 2717 Dei;
790 2685 835 2711 A:
857 2684 917 2711 Dei
933 2684 991 2711 sui.
1054 2693 1088 2712 11.
1110 2684 1176 2712 DE:
1199 2685 1260 2712 sihi
1277 2671 1371 2713 cfeest.
1429 2694 1466 2713 12.
1488 2686 1513 2713 E
1533 2686 1563 2713 in

249 2727 362 2752 marg:
385 2719 469 2754 Papa
478 2719 556 2780 glus·
570 2719 723 2753 presumit
740 2718 881 2755 dyabolo.
903 2727 934 2752 ι,-
961 2719 1000 2746 ib.
1022 2719 1092 2747 DE:
1119 2720 1342 2751 excellenciam.
1416 2728 1463 2748 20.
1486 2721 1510 2748 l)
1532 2721 1562 2748 in

249 2761 345 2787 marg.
367 2762 452 2788 sup.:
502 2761 558 2780 ave
577 2753 637 2780 ista
657 2753 739 2780 dicta
758 2753 795 2781 de
813 2754 950 2781 clavibus
970 2754 1105 2787 ecclesie,
1125 2754 1163 2781 de
1181 2754 1378 2782 absolucione
1396 2759 1427 2783 et
1445 2763 1562 2783 excom-

247 2788 508 2815 municacionibux
527 2790 557 2815 et
574 2787 612 2815 de
631 2787 738 2823 officio
777 2796 845 2823 ape.
927 2796 970 2815 22.
993 2788 1033 2815 E:
1060 2789 1128 2816 ideo
1149 2792 1202 2816 θεῖ,
1289 2789 1330 2817 23.
1352 2790 1421 2817 DE:
1441 2790 1564 2825 aliquid

247 2822 341 2850 deest.
465 2822 506 2849 25.
527 2822 567 2849 E:
594 2822 731 2855 confiden
757 2831 814 2850 um.
934 2824 978 2849 28.
1000 2824 1024 2850 E
1044 2823 1073 2850 in
1096 2832 1209 2858 marga
1236 2825 1298 2852 Hic
1316 2828 1450 2852 venatur
1466 2833 1559 2860 papa.

246 2855 289 2919 ἐξ,
310 2856 378 2920 ἑὲ,
396 2857 554 2919 Lgljuod
582 2857 703 2892 quidem
734 2857 777 2885 ad
806 2861 983 2891 caumlum;
1014 2857 1054 2885 E:
1087 2859 1245 2894 quodlibet
1273 2859 1362 2887 aliud
1392 2863 1560 2886 causatum.

481 2894 549 2919 icat.
622 2891 666 2928 37.
688 2891 757 2919 DE:
786 2892 870 2929 quod
888 2893 1059 2930 ignoravit.

1791 247 1861 283 133

1642 716 1708 744 The
1729 717 1812 752 pope

1624 751 1725 778 shows
1746 760 1832 780 more

1619 787 1834 822 presumption

1598 821 1671 848 than
1692 821 1743 848 the
1764 822 1854 856 devil,

1589 855 1619 883 in
1635 856 1798 891 pretendin
1834 861 1864 884 to

1602 891 1693 918 know
1716 891 1796 918 whct
1822 900 1854 920 er

1625 934 1694 953 men
1715 926 1777 954 will
1800 927 1835 954 be

1607 961 1698 988 saved
1720 969 1755 989 οι·
1775 961 1846 989 lost.

1587 2345 1620 2372 In
1641 2349 1769 2373 matters
1790 2347 1856 2374 that

1602 2387 1657 2407 can
1680 2381 1715 2407 be
1736 2381 1835 2408 tested

1591 2414 1626 2442 he
1647 2415 1780 2443 exhibits
1801 2425 1840 2443 110

1659 2450 1771 2485 special

1624 2485 1807 2520 prescience.
