2062 3276
240 290 374 318 samio
397 281 489 338 ιη]
719 296 910 334 QUARTA
938 297 1064 328 PARS.
1757 292 1808 336 48
1823 304 1832 326 ¹

238 400 329 436 etin
352 400 525 437 mirabili
549 402 699 449 populo
714 401 818 439 viam
841 401 1065 439 sanctitatis
1089 415 1134 440 ac
1160 403 1251 440 fidei
1275 405 1548 442 constanciam

146 492 209 524 Fol
238 459 502 508 exemplabat.

141 516 221 579 343}
294 518 349 553 Ex
383 516 474 554 hinc
507 516 610 554 enim
646 516 867 554 recitantur
895 513 900 569 Ι
928 516 1007 554 vite
1040 527 1273 555 sanctorum
1308 519 1348 556 in
1382 521 1550 558 ecclesia

236 584 279 611 ut
311 587 383 612 nos
417 576 467 612 ad
500 574 775 612 imitacionem
809 587 949 611 eorum
983 575 1164 612 vivamus
1198 577 1471 615 conformiter.
1507 578 1548 615 Si

204 630 341 669 5enim
386 634 475 670 loco
519 632 750 681 penalitatis
794 632 970 670 vivamus
1015 634 1269 683 voluptuose,
1315 636 1421 683 passi
1461 637 1550 685 plus

235 700 398 740 propter
453 690 601 727 ventris
660 690 875 739 ingluviem
939 705 1059 741 quam
1112 701 1277 741 propter
1340 693 1550 741 ieiunium,

236 748 470 786 martirizati
495 758 659 797 propter
682 749 832 786 furtum
855 751 915 787 vel
938 750 1230 799 prodicionem,
1255 760 1350 788 tunc
1374 751 1552 800 patimur

234 815 399 855 propter
432 819 609 853 carnem,
646 808 841 844 mundum
874 808 954 845 sive
978 808 1185 846 diabolum
1215 817 1252 846 et
1275 822 1356 846 non
1386 819 1552 860 propter

234 864 451 901 Christum.

182 930 220 951 ¹0
291 925 454 970 Iterum,
493 923 525 960 si
563 932 647 960 tota
689 923 848 960 locucio
881 937 927 962 ac
961 924 1158 973 cogitacio
1192 934 1330 963 nostra
1362 925 1411 963 sit
1445 926 1551 964 circa
1571 931 1626 958 Let
1647 939 1682 958 118
1704 931 1764 970 buy
1785 932 1835 959 the

233 981 485 1030 temporalia,
519 991 562 1018 ut
585 981 715 1018 evenit
740 983 954 1019 mundanis
980 983 1084 1020 cirea
1106 983 1196 1020 lites
1220 993 1257 1020 et
1281 983 1550 1022 dissensiones
1585 967 1823 1036 pearipggegreat

232 1039 499 1087 studentibus,
545 1049 640 1076 tunc
673 1053 756 1077 non
789 1040 960 1077 colimus
994 1043 1122 1078 Deum
1158 1043 1226 1079 sed
1259 1043 1461 1090 seculum3
1511 1052 1549 1080 et

233 1097 394 1145 iterum,
427 1097 458 1134 si
490 1111 571 1135 non
605 1098 875 1135 convertimus
908 1099 1050 1136 fratres
1083 1101 1133 1137 ad
1167 1100 1286 1137 fidem
1312 1100 1458 1138 Christi
1481 1103 1550 1138 sed

233 1155 496 1204 pervertimus
530 1157 580 1192 ad
613 1156 733 1193 fidem
767 1156 889 1193 seculi
923 1158 1170 1195 consolando
1204 1158 1390 1196 inimicos
1421 1159 1550 1196 crucis

181 1209 397 1261 15Christi,
430 1223 526 1251 tunc
557 1227 640 1251 non
673 1215 908 1252 edificamus
942 1217 992 1253 ad
1025 1216 1194 1265 gloriam
1228 1218 1296 1253 sed
1329 1217 1470 1266 pocius
1500 1219 1550 1255 ad

232 1272 460 1309 iehennam.
506 1274 555 1309 Et
593 1272 633 1309 in
672 1273 756 1309 istis
789 1273 911 1310 timeo
953 1274 1074 1311 michi
1113 1284 1150 1311 et
1189 1275 1311 1312 michi
1350 1275 1549 1313 similibus

232 1332 340 1380 quod
374 1332 508 1379 plures
540 1340 724 1367 nostrum
761 1340 994 1369 mercantur
1025 1332 1067 1369 in
1099 1333 1275 1382 negociis
1299 1333 1549 1371 secularibus

232 1388 485 1437 adquirendo
530 1389 767 1426 thesaurum
813 1402 914 1438 pene
967 1400 1174 1439 perpetue,
1229 1403 1306 1440 que
1353 1391 1445 1429 licet
1499 1392 1549 1428 sit

231 1446 427 1495 preciosa,
468 1447 563 1496 quia
602 1447 718 1493 iusta,
760 1461 782 1484 a
821 1450 904 1485 Deo
942 1448 1097 1486 inflicta
1141 1451 1190 1486 ad
1235 1449 1548 1498 pulcritudinem

175 1510 216 1532 20
230 1504 417 1552 universi,
453 1505 557 1542 cedit
580 1514 715 1542 tamen
745 1506 888 1555 punito
921 1508 972 1543 ad
1005 1508 1227 1556 dampnum
1260 1521 1417 1545 summe
1450 1508 1550 1557 fugi-

231 1563 321 1600 bile.
361 1563 580 1600 Videamus
625 1576 718 1612 ergo
767 1564 863 1613 quid
908 1565 1087 1613 patimur
1130 1574 1295 1615 propter
1329 1566 1547 1611 Christum,

231 1635 352 1670 quam
388 1623 528 1659 devote
561 1622 734 1658 colimus
766 1622 897 1671 ipsum
932 1624 992 1660 vel
1033 1625 1160 1673 (quod
1194 1624 1366 1661 maxime
1399 1627 1549 1674 ponde-

231 1681 401 1716 randum
449 1684 519 1725 est)
565 1689 761 1729 quantum
807 1681 1043 1719 edificamus
1087 1682 1149 1718 vel
1192 1695 1386 1731 augemus
1432 1697 1549 1720 suum

230 1738 438 1787 populum,
489 1751 580 1775 cum
628 1738 761 1776 clerici
806 1748 993 1776 tenentur
1037 1742 1181 1777 docere
1225 1742 1347 1778 verbo
1394 1750 1430 1778 et
1469 1742 1550 1779 vita

175 1791 357 1844 25legem
392 1796 541 1833 Christi
575 1809 695 1845 quam
729 1810 885 1834 summe
925 1799 1134 1846 ponderat.
1180 1800 1258 1835 Sed
1298 1799 1416 1836 hodie
1449 1800 1550 1836 forte

230 1863 288 1890 est
319 1854 360 1890 in
393 1854 572 1900 ecclesia,
606 1854 710 1892 sicut
732 1855 806 1892 fuit
828 1864 1009 1904 tempore
1032 1857 1216 1905 Apostoli
1247 1857 1387 1894 exhinc
1417 1857 1549 1894 flentis

230 1914 339 1960 quod
372 1921 464 1948 sunt
497 1913 630 1961 plures
662 1914 806 1950 inimici
835 1915 961 1950 crucis
999 1914 1149 1951 Christi
1178 1914 1246 1963 qui
1289 1924 1430 1952 contra
1462 1928 1550 1965 per-

230 1983 371 2006 sonam
425 1983 538 2007 suam
595 1972 907 2008 confederantur
959 1985 1051 2009 cum
1104 1971 1194 2009 filiis
1241 1973 1381 2010 mundi
1426 1982 1548 2022 atque

231 2027 400 2073 diaboli3
454 2041 535 2065 non
588 2029 643 2066 sic
686 2029 897 2075 carissimi,
946 2032 1015 2067 sed
1059 2030 1321 2079 negociemur
1364 2040 1407 2068 ut
1456 2045 1547 2069 cum

175 2082 216 2113 30
230 2086 418 2123 omnibus
441 2087 556 2123 bonis
579 2087 726 2124 nostris
750 2087 994 2124 fluxibilibus
1027 2097 1065 2125 et
1087 2088 1248 2126 inventa
1280 2102 1359 2126 una
1393 2103 1550 2138 marga-

230 2144 308 2181 rita
339 2146 430 2190 (hoc
454 2153 511 2182 est
533 2145 699 2182 veritate
723 2145 915 2193 caritatis)
951 2159 1234 2195 comparemus
1258 2160 1346 2184 eam
1371 2160 1418 2184 eo
1441 2149 1550 2197 quod

230 2215 303 2250 pro
336 2202 403 2239 illa
435 2204 520 2240 sola
552 2204 779 2252 comparari
812 2213 942 2253 potest
967 2213 1075 2241 terra
1097 2204 1334 2251 vivencium,
1370 2206 1445 2243 hoc
1478 2215 1548 2251 est,

231 2269 376 2297 natura
391 2261 524 2298 divina
548 2271 744 2310 perpetuo
769 2271 805 2298 et
820 2262 1017 2299 stabiliter
1040 2265 1088 2300 ab
1113 2263 1248 2300 anima
1271 2263 1548 2309 inhabitanda,

231 2318 334 2355 sicut
356 2327 462 2356 terra
485 2333 607 2368 quam
639 2320 806 2357 terimus
836 2329 894 2357 est
917 2321 1059 2358 stabile
1092 2321 1369 2358 habitaculum
1402 2322 1550 2359 nostris

177 2371 215 2403 ³5
233 2376 482 2425 corporibus,
507 2387 688 2426 respectu
712 2378 823 2415 cuius
847 2378 1114 2416 habitacionis
1141 2391 1304 2428 presens
1329 2379 1409 2417 vita
1438 2392 1550 2417 secu-

232 2434 325 2471 laris
349 2443 512 2484 propter
534 2435 617 2472 eius
639 2436 940 2474 instabilitatem
976 2449 1085 2474 mare
1120 2437 1279 2485 dicitur,
1314 2446 1351 2474 et
1384 2447 1551 2487 propter

232 2492 490 2530 securitatem
527 2493 633 2530 illius
673 2504 777 2531 terre
809 2494 1033 2532 vivencium
1075 2508 1215 2532 omnes
1249 2495 1319 2531 filii
1353 2496 1547 2544 predesti-

232 2551 414 2588 nacionis
465 2551 655 2589 continue
700 2562 944 2590 mercantur.
997 2554 1199 2590 Debemus
1243 2566 1337 2601 ergo
1384 2554 1549 2602 diligere

233 2610 455 2645 secundum
490 2609 690 2658 triplicem
725 2611 896 2648 formam
929 2623 1006 2660 que
1030 2612 1197 2648 docetur
1219 2611 1386 2648 Matthei
1409 2614 1548 2658 XX110‚

173 2666 288 2704 40sic
336 2669 444 2716 quod
488 2667 612 2704 nichil
656 2668 869 2717 diligamus
915 2677 1024 2706 extra
1066 2669 1212 2718 ipsum,
1260 2669 1384 2707 nichil
1428 2683 1550 2718 supra

302 2809 336 2828 11.
358 2800 402 2828 G:
423 2804 454 2828 et
471 2803 579 2830 evenit.
637 2803 677 2830 16.
699 2804 742 2831 A:
764 2804 825 2831 mei
840 2803 999 2831 similibus.
1055 2812 1094 2838 ¹7·
1117 2803 1161 2832 G:
1182 2794 1351 2839 martyrum
1365 2807 1548 2832 mercantur.

232 2842 278 2868 24-
302 2835 345 2863 G:
367 2837 434 2863 vite.
509 2845 552 2872 27.
574 2839 618 2865 A:
639 2841 669 2865 et
686 2841 764 2865 sunt.
838 2837 883 2866 38.
905 2838 949 2865 G:
971 2839 1196 2867 mercabantur.

304 2929 358 2961 27.
384 2919 471 2951 Phil.
499 2921 552 2960 ΙΙΙ,
575 2919 625 2952 18.

1371 2981 1407 3012 31
