2062 3276
241 272 375 303 senno
396 261 508 320 xvir]
725 274 917 315 QUARTA
943 274 1069 307 ems.
1760 260 1841 316 '145

242 383 478 419 merendum
503 382 553 419 sit
576 382 723 430 gracia,
749 391 902 418 certum
920 391 977 418 est
993 383 1102 430 quod
1119 381 1286 418 ecclesia
1301 382 1556 430 triumphans

241 442 426 478 hortatur
456 453 530 477 nos
563 452 607 476 ne
638 441 673 476 in
708 452 869 476 vacuum
893 440 990 476 hanc
1013 439 1089 476 Dei
1108 440 1287 490 graciam
1312 440 1554 489 recipiamus.

298 498 434 535 Primo
468 510 562 546 ergo
594 497 751 534 videtur
784 510 827 534 ex
860 497 1044 534 unicordi
1079 497 1187 545 regni
1220 497 1348 534 nostri
1383 498 1555 534 concilio
1600 508 1667 536 The
1688 510 1807 537 counci1

239 556 377 593 omnia
416 555 657 604 temporalia
702 555 741 591 in
788 568 909 592 manu
956 563 1115 592 mortua
1163 568 1246 592 esse
1292 557 1341 592 ad
1390 568 1553 592 manum
1578 544 1837 613 ’Ἕξοᾚξηῐὲιῇξοξζῖι

206 614 342 662 §regis
376 622 413 651 et
445 613 636 651 secularis
670 613 823 650 brachii
864 613 1078 661 capienda3
1125 614 1201 650 hoc
1248 613 1352 650 enirn
1398 614 1556 650 videtur
1598 613 1627 640 in
1651 612 1817 641 mor'tmain

239 673 328 721 plus
362 671 688 720 participativum
725 670 855 708 meriti
890 671 1000 719 regni
1041 671 1169 708 nostri
1215 684 1335 720 quam
1382 671 1413 708 si
1459 684 1556 720 pau·
1578 649 1840 711 mtorlhaengx‘mgs

240 730 360 767 lative
393 742 463 779 per
496 742 631 778 regem
665 729 920 778 singulariter
953 729 1056 766 foret
1089 730 1253 766 facturn.
1300 732 1348 766 Et
1394 729 1555 766 interim

241 797 452 825 moneatur
486 796 593 824 totus
627 788 754 825 clerus
794 787 1127 836 possessionatus,
1173 787 1204 824 si
1243 787 1343 824 sciat
1382 788 1555 834 obicere,

239 846 336 895 quin
369 846 425 883 sic
458 847 575 883 debet
609 847 656 883 de
689 845 952 883 ordinacione
985 845 1134 883 Christi
1180 845 1264 882 fieri
1310 845 1418 882 iuxta
1450 847 1557 894 leges

187 903 412 953 1oduplicis
450 903 694 949 testamenti,
742 913 779 940 et
825 904 1095 952 prestantibus
1143 903 1357 940 duodecim
1404 904 1557 952 legibus

240 962 312 999 Dei
352 961 540 1011 expositis
578 962 618 998 in
655 962 822 1010 vulgari,
868 974 1034 1010 regnum
1082 971 1248 1011 propter
1286 962 1407 998 talem
1448 962 1557 999 abla-

240 1020 395 1058 cionem
441 1033 522 1058 non
566 1021 685 1057 debet
739 1032 822 1057 esse
873 1021 1132 1057 solummodo
1185 1020 1435 1068 inculpatum
1489 1021 1557 1056 sed

239 1087 406 1128 propter
438 1077 777 1116 rectificacionem
824 1077 918 1115 cleri
964 1079 1185 1115 secundum
1231 1079 1359 1126 legem
1393 1077 1557 1114 Domini

241 1138 593 1181 commendatum;
647 1145 685 1173 et
737 1149 827 1173 cum
881 1136 986 1173 idem
1040 1136 1090 1173 sit
1135 1139 1262 1173 Deum
1310 1136 1474 1184 diligere
1521 1145 1558 1172 et

186 1197 223 1229 15
241 1195 406 1244 diligere
438 1195 566 1243 legem
600 1207 727 1241 suam,
770 1194 938 1243 experiri
972 1207 1186 1243 possumus
1220 1195 1251 1231 si
1285 1194 1395 1243 regni
1429 1194 1557 1231 nostri

239 1253 370 1290 incole
413 1254 502 1302 plus
548 1253 717 1301 diligunt
760 1261 937 1289 stercora
982 1252 1223 1301 temporalia
1267 1255 1359 1289 Jesu
1403 1261 1555 1298 nostro,

240 1311 334 1361 quia
366 1324 448 1348 non
481 1311 646 1348 dubium
680 1310 737 1347 illi
770 1319 862 1347 sunt
895 1311 1105 1348 manifeste
1136 1312 1332 1359 ydolatre‚
1367 1310 1461 1360 quia
1491 1309 1556 1347 isti

240 1369 529 1406 rectificacioni
562 1369 659 1417 legis
693 1368 856 1405 Domini
890 1370 1167 1406 adversantur.

299 1429 418 1474 Quod
451 1427 483 1464 si
516 1427 658 1464 fratres
690 1427 751 1464 vel
784 1427 851 1463 alii
884 1436 1034 1464 secrete
1080 1427 1295 1464 consulunt
1341 1428 1389 1464 ad
1439 1427 1554 1463 huius
1624 1435 1691 1463 The
1713 1439 1791 1462 sccts

183 1498 224 1519 20
239 1485 333 1522 facti
367 1485 600 1534 oppositum
634 1494 801 1534 propter
834 1486 974 1531 multa,
1008 1485 1170 1523 videant
1201 1484 1554 1522 conversacionem
1589 1470 1833 1532 shffilgngetgm

239 1543 446 1592 propriam
481 1543 839 1592 exproprietariam
874 1557 994 1592 quam
1034 1553 1077 1580 ut
1110 1543 1316 1580 imitentur
1350 1543 1554 1580 Christum
1578 1541 1772 1603 ΠΠῙΕΞΞΕἏῙΕΞ
1791 1549 1847 1567 can

240 1601 409 1638 similius
442 1611 698 1650 acceperunt.
745 1604 792 1638 Et
839 1614 930 1638 cum
977 1614 1143 1650 regnum
1177 1615 1258 1638 non
1293 1602 1410 1638 debet
1442 1601 1556 1638 novis
1630 1611 1794 1646 scriptural

241 1660 358 1697 sectis
391 1659 707 1697 infundabilibus
747 1669 784 1696 et
830 1659 1059 1708 specialiter
1104 1661 1151 1697 de
1198 1660 1304 1696 clero
1351 1659 1556 1708 superfluo
1638 1650 1783 1673 warram.

241 1718 413 1764 onerari,
461 1718 544 1755 istis
578 1718 696 1755 sectis
730 1719 847 1755 debet
880 1717 1031 1766 iniungi
1065 1719 1242 1755 secundo
1281 1718 1342 1754 vel
1388 1718 1557 1754 fundare

146 1766 227 1835 3006¹;
242 1776 348 1825 ipsas
382 1776 599 1814 efficaciter
627 1772 632 1830 Ι
662 1776 701 1812 in
734 1775 934 1824 scriptura
966 1777 1026 1812 vel
1059 1778 1108 1813 ab
1143 1775 1407 1813 onustacione
1446 1774 1557 1823 regni

239 1834 450 1883 illegitima
503 1835 717 1880 declinare,
770 1833 827 1871 sic
878 1834 1064 1871 videlicet
1116 1836 1224 1883 quod
1277 1843 1362 1871 tota
1408 1833 1556 1871 Christi

239 1892 450 1930 ordinacio
484 1893 524 1929 in
557 1905 628 1929 sua
661 1892 830 1929 ecclesia
864 1901 1059 1941 quantum
1094 1893 1267 1941 populus
1312 1892 1459 1928 sufficit
1507 1893 1558 1928 ad

240 1950 465 1999 primevum
491 1960 639 1988 statum
665 1950 900 1987 innocencie
925 1950 1056 1987 debite
1081 1951 1131 1987 sit
1154 1952 1331 1987 redacta.
1366 1951 1444 1986 Sed
1469 1949 1556 1998 quis

241 2021 285 2045 ex
317 2018 430 2057 parte
464 2008 535 2045 Dei
569 2009 667 2045 illud
701 2008 956 2057 propositum
990 2009 1242 2057 increparet?
1294 2010 1459 2045 Certum
1501 2016 1558 2044 est

183 2069 225 2101 30
240 2069 363 2116 quod,
387 2079 477 2104 cum
502 2067 542 2103 in
566 2066 726 2104 Christo
758 2080 839 2103 non
871 2066 949 2103 sint
982 2074 1037 2103 est
1070 2075 1105 2103 et
1137 2080 1223 2114 non,
1258 2068 1380 2103 homo
1410 2066 1450 2103 in
1474 2066 1558 2113 lege

239 2137 310 2162 sua
340 2138 422 2162 non
454 2124 627 2162 inveniet
659 2124 908 2162 contrarium
942 2125 1034 2161 huic
1067 2125 1187 2162 facto.
1235 2126 1354 2171 Quod
1388 2124 1420 2160 si
1453 2124 1558 2172 leges

238 2183 300 2220 vel
333 2192 442 2220 carte
475 2184 650 2220 humane
683 2183 762 2220 sint
794 2183 833 2219 in
867 2183 1116 2220 contrarium
1151 2184 1335 2231 allegam,
1370 2182 1475 2219 idem
1501 2191 1559 2218 est

239 2243 466 2290 ponderare
518 2242 617 2279 tales
670 2241 890 2278 instancias
943 2250 980 2278 et
1033 2243 1259 2290 ponderare
1312 2240 1558 2277 tradiciones

240 2300 450 2336 hominum
485 2309 522 2337 et
563 2312 718 2337 errores
763 2299 952 2348 antiquos
998 2299 1144 2336 cesaris
1191 2300 1252 2336 vel
1298 2300 1557 2336 seductorum

184 2359 224 2393 35
241 2366 497 2395 mortuorum
531 2370 553 2395 a
586 2358 786 2407 probabili
820 2367 1036 2406 propterea
1081 2359 1397 2406 dampnatorum
1436 2370 1558 2406 supra

240 2415 544 2453 ordinacionem
580 2429 701 2465 quam
736 2415 860 2453 edidit
891 2418 1004 2453 Jesus
1044 2425 1192 2452 noster.
1239 2417 1357 2462 Quod
1403 2416 1435 2451 si
1482 2416 1557 2452 ele-

239 2473 448 2511 vacionem
483 2474 613 2511 crucis
647 2487 751 2523 pape
783 2473 965 2511 obiciunt
1011 2483 1048 2510 et
1093 2473 1557 2511 excommunicacionem

241 2545 354 2569 suam
389 2545 479 2569 curn
504 2532 682 2569 censuris
704 2532 804 2578 aliis,
840 2532 1075 2569 benedictus
1099 2532 1294 2569 Dominus
1318 2531 1385 2581 qui
1410 2531 1557 2568 detexit

241 2598 324 2627 tam
357 2590 538 2639 graciose
572 2590 656 2627 eius
688 2590 902 2628 versucias.
957 2592 1066 2627 Idem
1100 2590 1206 2627 enim
1241 2599 1298 2627 est
1331 2589 1396 2626 isti
1430 2590 1559 2626 inten-

183 2649 335 2691 40dere
381 2657 418 2685 et
462 2648 754 2686 Antichristum
799 2648 960 2686 Christo
1005 2657 1143 2685 nostro
1184 2650 1268 2685 Deo
1315 2657 1351 2685 et
1397 2648 1560 2684 homine

311 2778 336 2798 2.
357 2771 401 2798 A:
424 2779 480 2798 nos
498 2786 532 2790 —
551 2771 736 2807 recipiamus
756 2771 850 2799 deest.
937 2780 978 2804 14.
1000 2773 1045 2799 A:
1067 2775 1095 2799 et
1114 2771 1250 2799 dilinere
1269 2771 1363 2798 deest.
1456 2771 1491 2799 15.
1514 2772 1558 2798 A:

242 2806 344 2834 nostri
363 2806 461 2834 twice.
544 2807 584 2833 16.
607 2808 651 2834 A:
672 2808 843 2834 stercorum
864 2807 1075 2842 temporalium
1086 2816 1096 2837 ‚·
1115 2807 1155 2833 ib.
1170 2791 1195 2834 ἓ
1214 2806 1243 2833 in
1269 2814 1380 2841 marg:
1402 2806 1450 2843 De
1470 2806 1561 2833 dilec-

242 2840 330 2869 cione
349 2840 437 2877 legis.
524 2840 564 2868 25.
587 2840 654 2868 DE:
676 2840 851 2876 efficacller
870 2842 971 2873 deest:
993 2842 1033 2868 ib.
1050 2841 1118 2869 DE:
1140 2846 1301 2877 onustare„
1376 2845 1420 2867 20.
1443 2840 1559 2867 codd*

242 2875 286 2902 sic
306 2876 396 2903 valet.
522 2875 568 2903 30.
590 2875 614 2902 E
633 2876 662 2903 in
686 2884 781 2911 marg.
822 2876 866 2903 De
886 2880 931 2903 est
948 2880 976 2903 et
995 2884 1065 2903 non.
1192 2876 1234 2904 35.
1256 2877 1328 2903 AD:
1350 2883 1443 2911 supra
1465 2876 1559 2902 deest.

241 2908 278 2947 39
311 2910 351 2938 E:
378 2913 439 2938 tam
458 2911 609 2948 gloriose.

1385 2969 1422 2989 10
