2062 3276
205 903 242 923 10

206 1773 221 1794 Ι.)

253 257 387 285 smnio
408 246 515 302 x1.11.]
736 258 927 297 QUARTA
956 257 1081 288 PARS.

256 369 422 404 reddere
458 369 539 402 Deo
581 365 872 402 contricionem
914 372 952 399 et
984 361 1290 398 recidivacionis
1324 360 1566 407 pre-cariem-

256 438 358 462 nem.
402 426 602 461 Debemus
643 422 746 459 enim
788 423 835 458 de
874 420 1112 457 necessitate
1152 418 1292 455 salutis
1333 418 1485 454 conteri
1520 418 1567 453 de

256 483 480 520 commissis
520 491 612 518 ante
654 479 978 528 assumpcionem
1019 477 1147 514 hostie
1187 484 1433 521 consecrate,
1474 474 1569 523 quia

256 541 370 578 aliter
414 542 463 577 ad
512 541 733 587 dampnum
776 547 959 573 nostrum
1006 536 1134 584 ipsam
1184 534 1413 582 recipimus.
1465 535 1567 569 Nam

256 599 339 636 sine
373 597 621 635 contricione
646 599 750 632 Deus
772 608 854 632 non
878 593 1046 631 remittit
1069 602 1106 630 et
1130 593 1216 641 ipso
1238 605 1320 628 non
1342 591 1569 628 remittente

255 671 337 693 non
375 657 478 694 valet
516 654 735 692 sacerdotis
769 652 988 689 absolucio.
1023 654 1071 687 Et
1103 651 1193 688 ideo
1223 650 1354 698 primo
1387 649 1567 685 omnium

256 723 415 764 oportet
447 722 702 762 peccatorem
735 711 810 748 sibi
843 711 1073 748 satisfacere
1106 709 1365 746 conterendo.

314 773 455 809 Differt
488 780 621 807 autem
664 769 859 806 contricio
892 771 940 805 ab
975 767 1200 813 attricione,
1240 766 1334 815 quia
1374 764 1568 802 contritus

257 833 373 879 plene
408 831 516 866 dolet
550 831 597 865 de
631 828 812 877 quolibet
844 836 1012 876 peccato
1047 835 1083 863 et
1116 827 1164 862 de
1188 824 1367 874 qualibet
1400 823 1570 860 circum-

257 889 410 925 stancia
433 896 688 936 aggravante.
723 886 834 923 Sicut
869 885 972 921 enirn
999 887 1104 920 Deus
1138 892 1195 920 est
1219 883 1359 931 plenus
1383 881 1570 918 dominus

258 946 445 991 universi,
487 946 542 982 ita
580 944 749 993 requirit
789 956 832 980 ex
871 942 1006 979 debito
1047 943 1155 991 quod
1194 953 1365 989 peccans
1405 939 1445 975 in
1479 951 1569 975 eum

259 1006 375 1053 plene
409 1005 544 1040 doleat
578 1005 624 1039 de
659 1002 839 1051 quolibet
872 1000 1089 1038 commisso
1123 999 1162 1035 in
1196 1012 1301 1044 eum,
1335 997 1429 1046 quia
1465 1010 1571 1033 com-

258 1062 464 1111 placencia
489 1063 537 1098 de
561 1072 802 1110 quocunque
825 1068 991 1108 peccato
1014 1059 1075 1095 vel
1098 1056 1408 1094 circumstancia
1431 1067 1572 1103 aggra-

258 1130 375 1158 vante
423 1120 653 1156 attestando
687 1117 964 1155 inobediencie
1003 1115 1207 1165 peccantis
1251 1114 1426 1151 ostendit
1465 1114 1572 1163 quod

227 1182 342 1216 §non
380 1178 513 1215 debite
554 1178 661 1214 dolet
694 1178 763 1213 sed
803 1177 951 1224 gaudet
985 1177 1032 1211 de
1071 1173 1291 1211 offensione
1325 1172 1396 1209 Dei
1431 1181 1467 1208 et
1500 1184 1573 1220 per

260 1249 509 1285 consequens
542 1248 646 1272 novo
671 1243 837 1283 peccato
862 1246 981 1282 super
1004 1232 1215 1281 antiquum
1238 1230 1420 1267 veniente
1444 1229 1574 1278 dupli-

260 1305 323 1332 cat
356 1295 550 1331 offensam
583 1293 668 1330 Dei.
701 1295 847 1329 Ymmo
880 1292 912 1328 si
945 1293 1045 1328 bene
1077 1289 1333 1339 prospicitur,
1369 1301 1459 1325 cum
1492 1300 1573 1324 non

261 1355 416 1390 deletur
438 1361 648 1401 peccatum
673 1351 757 1388 sine
782 1349 1022 1399 penitencia,
1055 1361 1128 1385 nec
1152 1350 1256 1384 Deus
1287 1355 1418 1396 potest
1442 1347 1573 1382 delere

260 1425 383 1448 unum
418 1419 628 1459 peccatum
664 1409 837 1446 hominis
872 1408 1043 1444 mortale
1076 1406 1151 1443 nisi
1185 1407 1315 1442 deleat
1349 1404 1572 1453 quodlibet,

260 1479 370 1519 patet
403 1471 511 1517 quod
544 1477 704 1516 oportet
736 1476 990 1515 peccatorem
1013 1466 1213 1502 volentem
1247 1464 1411 1512 aliquod
1435 1474 1576 1510 pecca-

261 1538 345 1565 tum
393 1526 534 1564 donari
573 1526 754 1574 penitere
800 1526 847 1561 de
893 1523 1087 1573 quolibet.
1132 1525 1222 1559 Non
1266 1522 1370 1558 enim
1421 1521 1576 1557 deletur

263 1586 432 1622 mortale
455 1585 539 1621 sine
572 1584 771 1621 infusione
795 1583 941 1631 gracie,
975 1594 1046 1618 nec
1080 1580 1302 1617 infunditur
1326 1579 1461 1628 gracia
1484 1591 1573 1615 cum

265 1643 437 1689 mortali,
483 1642 574 1679 ideo
615 1650 775 1691 oportet
815 1640 1021 1690 quodlibet
1061 1640 1193 1676 delere
1230 1639 1291 1675 vel
1323 1638 1492 1683 nullum,
1539 1645 1576 1673 et

264 1715 334 1751 per
373 1713 623 1750 consequens
662 1709 823 1749 oportet
863 1698 1155 1736 contricionem
1197 1709 1281 1734 esse
1313 1697 1489 1745 plenam,
1539 1703 1575 1731 et

230 1762 245 1795 5
263 1761 353 1797 ideo
378 1761 495 1796 debet
518 1758 713 1796 contritus
732 1759 880 1794 molere
905 1766 1070 1806 peccata
1085 1768 1156 1792 sua
1179 1764 1386 1804 tamquam
1404 1754 1575 1803 paleam,

233 2066 252 2083 U

266 1819 392 1855 furfur
423 1818 484 1854 vel
517 1817 689 1854 scoriam
722 1817 824 1852 inter
847 1815 1015 1864 lapides,
1040 1827 1212 1862 quorum
1236 1813 1420 1862 superior
1445 1820 1576 1848 motus

266 1877 316 1913 sit
349 1875 627 1913 consideracio
661 1876 709 1911 de
748 1874 959 1911 severitate
992 1872 1138 1918 divina,
1178 1872 1386 1920 quomodo
1419 1870 1576 1906 intuens

267 1934 404 1971 omnia
437 1935 559 1971 corda
593 1943 630 1970 et
663 1931 993 1969 circumstancias
1027 1930 1159 1979 operis
1192 1930 1337 1966 limitat
1370 1928 1455 1965 sine
1488 1940 1576 1975 per-

267 2005 458 2030 sonarum
493 1991 733 2040 accepcione
766 2003 910 2039 penam
945 1988 1246 2026 acerbissimam
1280 1987 1356 2024 nisi
1388 1995 1577 2034 peccator

269 2051 331 2088 hic
364 2051 568 2087 fructuose
602 2049 792 2098 peniteat.
840 2047 1005 2084 Inferior
1038 2055 1171 2083 autern
1210 2045 1310 2094 lapis
1344 2046 1460 2081 debet
1494 2056 1576 2080 esse

269 2122 359 2146 area
400 2117 659 2156 peccatorum
695 2120 867 2156 quorum
909 2105 1072 2142 cuilibet
1105 2106 1221 2141 debet
1261 2103 1577 2151 correspondere

269 2166 554 2215 compunccio3
588 2174 625 2202 et
657 2166 759 2202 inter
792 2166 865 2201 hos
899 2165 998 2200 duos
1031 2163 1184 2211 lapides
1217 2171 1427 2211 peccatum
1463 2162 1579 2197 debet

269 2224 437 2271 conteri,
486 2224 542 2261 sic
587 2225 695 2272 quod
739 2224 850 2259 nulla
895 2235 988 2270 pars
1033 2229 1241 2257 remaneat
1285 2220 1460 2268 integra3
1505 2231 1578 2255 nec

268 2285 396 2321 solum
422 2284 470 2319 de
502 2281 732 2318 substancia
756 2280 888 2330 operis
920 2279 1075 2328 peccati
1099 2280 1167 2315 sed
1191 2280 1238 2315 de
1261 2276 1580 2315 circumstanciis

235 2343 386 2378 §debet
420 2342 541 2377 homo
576 2341 712 2376 dolere
751 2348 788 2376 et
821 2351 892 2387 per
933 2349 1181 2386 consequens
1215 2348 1402 2373 amovere
1440 2347 1580 2372 omnes

269 2398 598 2436 circumstancias
632 2406 908 2446 aggravantes,
946 2396 1040 2445 quia
1073 2395 1187 2431 aliter
1219 2407 1300 2431 non
1332 2395 1415 2430 vult
1448 2393 1581 2429 effica-

269 2458 366 2495 citer
389 2469 510 2494 sanus
533 2456 630 2495 fieri.
645 2459 746 2493 Nam
771 2455 1002 2492 febricitans
1027 2453 1089 2490 cui
1114 2452 1264 2490 dictum
1285 2462 1343 2489 est
1366 2465 1387 2489 a
1402 2451 1581 2500 sapiente

339 2612 358 2631 1.
375 2604 418 2630 A:
441 2603 507 2630 Deo
528 2603 629 2635 deestg
650 2602 690 2629 ib.
705 2601 730 2629 D
752 2603 781 2629 in
804 2610 919 2635 marg:
943 2601 1112 2628 Contricio.
1186 2607 1247 2632 1‚2.
1269 2599 1292 2625 G
1308 2608 1314 2625 x
1330 2598 1581 2634 precaucionem.

267 2649 297 2672 4.
319 2637 423 2665 ADG:
453 2638 550 2673 ipsam
578 2637 672 2664 deest.
763 2638 791 2664 6.
812 2635 887 2663 DG:
914 2636 1052 2663 remissio
1077 2635 1140 2662 sive
1164 2633 1339 2666 absolucio;
1367 2634 1407 2661 ib.
1428 2632 1533 2660 DGH:
1556 2635 1585 2659 et

269 2675 363 2700 deest.
482 2681 508 2707 7.
537 2672 578 2699 D:
602 2673 803 2707 peccatores;
838 2671 877 2698 ib.
900 2670 943 2698 G:
971 2669 1189 2698 convertendo.
1301 2668 1328 2696 8.
1356 2668 1381 2695 D
1408 2668 1437 2695 in
1466 2675 1579 2701 marg:

270 2706 459 2744 Differencia
485 2708 565 2734 inter
591 2706 812 2734 contricionem
838 2708 869 2733 et
893 2706 1100 2732 altricionem.
1192 2712 1232 2731 10.
1254 2702 1298 2730 H:
1325 2703 1464 2730 dominus
1488 2702 1582 2729 deest.

271 2741 308 2769 13.
330 2741 372 2770 H:
395 2742 443 2781 vel
462 2741 697 2777 complacencz'a.
816 2749 854 2775 ¹7-
877 2741 901 2767 b
923 2740 952 2767 in
975 2748 1088 2775 marg:
1111 2737 1179 2766 Non
1201 2738 1322 2765 deletur
1342 2746 1433 2765 unum
1453 2736 1583 2764 mortale

269 2778 336 2804 sine
356 2777 412 2803 reli
436 2784 484 2803 ιιο.
568 2783 608 2810 ις).
630 2774 788 2812 Dthzisi
804 2776 918 2802 doleat.
1006 2781 1117 2808 1[›-—22.
1139 2773 1182 2800 H:
1204 2773 1266 2800 nisi
1281 2788 1314 2792 —
1335 2773 1467 2799 mortale
1486 2771 1580 2798 deest.

270 2821 316 2845 24.
340 2811 394 2838 DG
437 2821 442 2837 :
464 2813 495 2838 et
514 2810 610 2838 deest.
682 2813 728 2837 20.
751 2809 853 2837 DGH:
873 2817 1020 2837 scot-eam.
1094 2808 1138 2836 28.
1160 2807 1235 2835 DG:
1255 2808 1322 2835 sine
1341 2808 1436 2834 deest.

339 2886 371 2915 δ’.
399 2883 450 2914 Cf.
478 2884 587 2914 Serm.
614 2893 692 2924 pars
717 2883 740 2922 I,
770 2881 850 2921 2833
879 2881 915 2920 ΙΙ,
947 2880 1018 2920 138,
1053 2882 1130 2923 ¹393
1158 2880 1210 2919 Ill,
1239 2878 1291 2918 213,
1321 2889 1373 2920 27.

1640 771 1807 797 Dixit-renco

1655 806 1788 832 between

1602 840 1766 868 contrition
1787 839 1846 866 and

1650 875 1796 902 attrition.

1587 1351 1758 1379 Remission
1783 1356 1862 1377 must

1589 1387 1624 1414 be
1642 1387 1676 1413 of
1690 1387 1725 1413 :ill
1747 1386 1809 1412 sin<
1828 1394 1863 1412 ιη·

1684 1430 1742 1448 ΠΟΙΙ
1749 1430 1772 1448 <J-
