2062 3276
151 265 228 312 378
732 273 955 305 JOHANNIS
974 273 1159 304 WYCLIF
1179 273 1435 305 SERMONUM
1470 260 1620 317 [SERMO
1641 270 1749 298 XLvl.

437 380 578 416 ordine
617 379 665 416 sit
703 380 917 427 agendum.
971 379 1280 428 Disrumpamus
1319 378 1439 426 igitur
1474 379 1630 416 vincula
1667 379 1748 427 iugi

438 436 588 473 diaboli
622 446 658 474 et
699 439 918 474 habeamus
963 437 1165 485 simplices
1208 449 1346 473 sensus
1391 449 1474 473 non
1517 438 1638 473 boum
1677 439 1746 474 sed

438 497 589 543 absque
622 496 711 532 felle
743 497 891 532 latente
922 495 1160 531 intrinsecus
1193 496 1485 531 columbarum.
1762 521 1823 553 FO,

148 559 192 599 3=2¹
213 559 343 595 Excuse,
365 561 415 587 the
495 553 638 590 Tercio
672 563 709 590 et
740 553 1016 602 principaliter
1060 553 1150 590 dico
1195 554 1303 602 quod
1344 553 1596 589 ambulantes
1624 548 1629 604 Ι
1658 562 1746 600 post
1763 545 1841 601 3312

149 595 237 656 ζῖιιέξὲ
250 603 284 655 {f
308 601 424 657 [fsgffiffi
440 624 599 648 carnem
635 621 725 648 sunt
759 611 930 649 maxime
963 611 1181 648 bestialiter
1213 610 1401 659 elongati.
1436 610 1512 659 Ipsi
1537 610 1641 647 enim
1665 613 1779 647 non5

157 664 232 692 after
253 664 302 691 the
323 665 407 692 flesh.
437 670 566 706 solum
612 679 794 706 emerunt
838 669 1057 706 extrinseca
1098 683 1119 706 a
1158 670 1302 718 quibus
1336 682 1404 717 per
1434 669 1540 705 vices
1573 669 1746 717 separati

437 727 583 776 raptim
626 728 761 765 vident
807 727 980 773 celestia,
1026 729 1094 764 sed
1128 728 1280 763 ducunt
1314 740 1475 764 carnem
1509 727 1548 763 in
1581 739 1742 764 uxorem

436 795 472 822 et
505 786 670 823 sociam.
724 788 816 822 Ideo
856 785 994 822 dicunt
1038 785 1275 833 simpliciter
1318 785 1498 833 negative
1532 786 1639 833 quod
1672 798 1744 821 non

428 851 593 894 possunt
624 845 763 881 venire.
801 845 904 880 Caro
941 843 1047 880 enirn
1081 853 1137 879 est
1169 843 1293 880 hostis
1326 856 1481 880 summe
1515 843 1743 890 continuus,

434 915 523 939 cum
558 915 638 939 non
670 911 800 951 potest
833 914 905 950 pro
938 911 1120 950 tempore
1152 901 1212 938 vie
1245 901 1347 938 sicut
1386 903 1559 937 mundus
1593 911 1629 938 et
1661 901 1743 938 dia-
1763 916 1801 937 10

432 961 545 997 bolus
569 963 617 997 ab
641 960 805 997 homine
837 960 1029 1008 separari.
1064 961 1178 996 Unde
1207 959 1299 996 licet
1321 959 1547 1007 specialiter
1579 969 1743 1008 temptet

433 1020 482 1055 ad
515 1019 648 1067 gulam
683 1027 801 1067 atque
846 1018 1058 1064 luxuriam,
1103 1027 1237 1054 tamen
1281 1018 1384 1053 inter
1427 1030 1565 1053 omnes
1610 1019 1742 1054 hostes

432 1077 643 1113 ardencius
676 1085 846 1125 temptat
873 1078 922 1113 ad
947 1076 1162 1113 avariciam
1186 1085 1306 1124 atque
1327 1075 1535 1112 accidiam.
1571 1077 1742 1121 Quando

433 1135 537 1171 enim
584 1148 677 1172 caro
722 1134 880 1172 effrenis
925 1144 981 1171 est
1027 1134 1226 1182 impotens
1259 1135 1308 1170 ad
1341 1142 1453 1170 actus
1492 1135 1582 1182 gule
1622 1142 1742 1182 atque

164 1198 338 1236 sensuality
359 1200 397 1227 in'
431 1193 596 1239 luxurie,
642 1202 685 1229 ut
725 1202 832 1241 patet
871 1192 910 1228 in
943 1192 1102 1229 senibus
1135 1201 1255 1240 atque
1289 1191 1516 1240 decrepitis,
1561 1201 1656 1228 tunc
1688 1192 1741 1229 vi-
1762 1196 1798 1228 15

152 1234 402 1297 tcgldaxaggsejctetigrffi
430 1261 593 1299 goratur
631 1251 670 1287 in
710 1252 764 1288 eis
808 1251 981 1288 avaricia
1025 1260 1145 1299 atque
1190 1250 1356 1287 accidia.
1409 1249 1607 1295 Avaricia‚
1648 1250 1741 1299 quia

227 1304 317 1331 §¹0⁰2
430 1310 518 1358 plus
551 1309 694 1346 timent
728 1311 835 1358 quod
869 1309 1108 1357 temporalia
1132 1308 1186 1344 eis
1211 1307 1345 1356 egenis
1369 1307 1555 1344 deficient
1578 1317 1741 1356 propter

428 1367 715 1416 impotenciam
749 1367 849 1404 lucri
882 1376 1001 1415 atque
1029 1366 1219 1403 custodie.
1254 1369 1415 1411 Iterum,
1439 1379 1529 1402 curn
1552 1366 1630 1403 sint
1653 1367 1740 1415 plus

430 1425 682 1462 melancolici
714 1438 787 1462 nec
821 1425 925 1462 circa
959 1434 1070 1462 actus
1103 1424 1287 1473 proprios
1322 1425 1545 1460 mundanos
1569 1424 1740 1470 solliciti,

428 1496 588 1520 necesse
622 1493 679 1520 est
714 1493 885 1520 mentem
923 1496 1059 1520 eorum
1101 1483 1205 1519 circa
1250 1482 1491 1530 temporalia
1534 1482 1798 1529 solicita1·i,2o

429 1542 522 1590 quia
556 1542 660 1578 circa
693 1542 759 1578 illa
792 1551 883 1578 sunt
917 1541 1132 1578 fortissime
1164 1540 1372 1577 habituati.
1406 1542 1460 1576 Ex
1484 1541 1626 1590 quibus
1649 1554 1739 1577 cum

428 1600 673 1648 impotencia
718 1600 898 1648 corporis
943 1612 1102 1636 necesse
1136 1609 1192 1636 est
1224 1608 1266 1635 ut
1297 1598 1484 1647 gignatur
1517 1599 1671 1636 accidia
1704 1608 1740 1635 et

427 1671 498 1706 per
530 1658 634 1695 idem
669 1658 745 1694 tria
778 1667 943 1706 peccata
976 1657 1201 1706 spiritualia
1235 1670 1280 1693 ac
1314 1657 1526 1703 diabolica,
1573 1667 1609 1694 et
1648 1657 1740 1693 hinc

427 1729 540 1752 senes
573 1717 823 1752 delectantur
856 1716 895 1752 in
929 1729 1079 1764 pompa
1112 1724 1148 1751 et
1181 1715 1308 1763 gloria
1341 1728 1411 1751 sua
1444 1715 1648 1763 preterita,
1682 1715 1739 1751 in-

427 1774 560 1810 vident
606 1774 909 1822 denigrantibus
956 1774 1103 1810 famam
1150 1773 1383 1821 preteritam
1431 1782 1467 1809 et
1511 1773 1738 1809 irascuntur
1755 1776 1793 1808 25

428 1832 799 1869 contradicentibus
832 1845 901 1869 sue
935 1831 1150 1868 sentencie.
1186 1833 1278 1867 Ideo
1301 1831 1493 1879 precipua
1518 1831 1737 1879 prudencia

427 1891 529 1926 foret
574 1903 818 1938 congregare
859 1903 972 1927 arma
1003 1890 1196 1926 virtutum
1231 1889 1374 1938 quibus
1408 1891 1529 1926 homo
1564 1889 1737 1926 finaliter

427 1948 558 1985 obviet
592 1948 647 1984 illi
681 1948 799 1994 hosti,
845 1949 938 1996 quia
970 1961 1043 1985 nec
1077 1949 1250 1984 mundus
1283 1960 1356 1984 nec
1390 1947 1573 1984 diabolus
1607 1957 1736 1995 potest

426 2006 610 2043 ultimate
643 2006 880 2043 convincere
912 2006 986 2042 nisi
1021 2006 1224 2043 mediante
1255 2005 1424 2042 victoria
1457 2006 1573 2042 huius
1598 2006 1734 2042 hostis.

485 2064 710 2101 Carnalitas
744 2065 879 2113 itaque
913 2064 975 2101 cui
1010 2064 1118 2101 racio
1163 2064 1485 2112 inseparabiliter
1525 2064 1737 2112 colligatur
1753 2068 1794 2099 30

426 2123 556 2159 reddit
588 2123 791 2159 hominem
828 2122 998 2159 maxime
1031 2122 1274 2170 negativum,
1310 2135 1398 2158 cum
1425 2135 1536 2158 mens
1561 2122 1736 2158 ebriatur

426 2181 464 2216 in
499 2181 566 2217 illa
611 2181 715 2217 facta
759 2181 959 2229 impotens
992 2182 1041 2217 ad
1074 2181 1332 2217 senciendum
1367 2180 1540 2226 celestia,
1574 2189 1611 2216 et
1644 2180 1736 2217 hinc

426 2238 608 2274 diabolus
662 2239 871 2286 temptavit
924 2238 1126 2274 hominem
1182 2251 1252 2286 per
1300 2251 1477 2274 uxorem.
1531 2240 1735 2274 Moverent

425 2305 558 2333 autem
592 2297 714 2333 timor
739 2305 774 2333 et
798 2309 912 2333 amor
935 2298 985 2333 ad
1009 2298 1256 2332 evadendum
1291 2298 1365 2332 hoc
1399 2297 1541 2344 duplex
1575 2309 1735 2333 consor-

426 2355 546 2400 cium,
590 2355 714 2391 timor
757 2354 956 2391 sentencie
990 2354 1061 2390 Dei
1106 2354 1277 2391 terrifice
1322 2367 1399 2402 qua
1444 2354 1588 2390 dicitur
1627 2356 1735 2403 quod
1752 2356 1791 2389 35

425 2425 543 2449 nemo
587 2413 764 2450 virorum
810 2412 969 2449 illorum
1017 2412 1191 2461 gustabit
1240 2425 1377 2449 cenam
1424 2425 1536 2449 suam
1584 2422 1619 2448 et
1665 2425 1736 2460 per

426 2483 688 2519 consequens,
734 2484 822 2507 cum
859 2471 993 2507 anima
1026 2470 1203 2507 manebit
1243 2478 1451 2518 perpetuo,
1496 2484 1575 2506 non
1614 2480 1735 2507 restat

424 2529 499 2565 nisi
524 2531 632 2578 quod
655 2530 801 2566 habeat
823 2542 966 2577 penam
992 2538 1227 2577 perpetuam
1251 2530 1581 2576 perhorrendarn.
1612 2531 1735 2565 Amor

425 2596 556 2624 autem
594 2587 852 2624 beatitudinis
894 2596 1070 2623 moveret
1115 2586 1276 2633 sorcius,
1323 2599 1411 2623 cum
1446 2586 1653 2623 beatitudo
1686 2586 1735 2623 sit

492 2719 521 2744 4.
555 2711 599 2737 A:
633 2713 663 2737 et
692 2711 792 2741 deest:
825 2710 864 2737 ib.
898 2710 922 2737 D
956 2711 985 2737 in
1020 2718 1133 2745 marg:
1165 2718 1199 2744 3.
1342 2711 1369 2737 (j.
1403 2709 1476 2737 DG:
1509 2711 1590 2737 illius
1621 2710 1733 2745 quibus.

425 2745 466 2772 16.
488 2744 531 2772 H:
553 2748 646 2780 atque
665 2761 696 2763 —
717 2745 856 2772 avaricia
878 2745 977 2779 deest;
1004 2745 1044 2772 ib.
1067 2744 1109 2772 D:
1136 2748 1167 2772 et
1183 2745 1304 2771 accidia
1314 2755 1324 2777 ;
1348 2745 1387 2771 ib.
1411 2744 1451 2771 D:
1472 2744 1618 2772 Ανανίειά
1640 2744 1734 2772 deest.

424 2787 466 2814 19.
487 2782 532 2807 A:
555 2780 756 2806 malencolici.
831 2788 875 2806 20.
897 2780 939 2806 D:
962 2788 1084 2807 necesse
1103 2795 1135 2798 —
1155 2779 1425 2811 solic1'tarideest;
1447 2779 1486 2806 ib.
1509 2781 1552 2807 A:
1574 2783 1617 2806 est
1636 2780 1733 2806 twice.

423 2822 466 2841 22.
490 2815 532 2841 A:
556 2817 596 2841 ul.
652 2813 690 2841 31.
709 2814 750 2841 H:
773 2814 942 2841 debriatur.
1000 2813 1045 2841 36.
1064 2813 1135 2841 DG:
1157 2814 1294 2841 istorum.
1350 2812 1394 2841 38.
1411 2813 1516 2841 ADG:
1536 2813 1621 2849 quod
1639 2813 1732 2840 deest.

494 2896 526 2928 8.
555 2897 670 2928 Lucae
694 2897 783 2936 XIV,
812 2907 866 2928 20.
