2062 3276
239 233 374 261 suRMo
398 222 504 279 μω]
718 232 907 272 QUARTA
937 231 1062 262 PARS.
1755 219 1836 264 48«)

297 342 374 378 Sed
409 353 497 378 cum
531 339 713 388 superius
747 339 898 375 dictum
934 346 991 374 est
1019 338 1066 373 de
1089 336 1279 374 oracione
1303 337 1436 384 quoad
1460 336 1550 371 sub-

240 399 452 446 stanciam,
486 399 692 448 quomodo
726 395 863 434 oracio
889 395 1093 432 dominica
1127 394 1281 431 excellit
1304 393 1415 439 alias,
1450 392 1550 429 sicut

240 456 537 506 particulariter
556 457 720 493 doctum
745 464 802 493 est
824 454 863 491 in
886 462 1057 502 utraque
1076 452 1280 489 dominica
1298 451 1550 500 precedente,

240 524 420 563 superest
458 527 564 552 nunc
597 526 669 562 pro
708 514 784 550 hoc
823 513 912 548 loco
946 520 983 548 et
1016 520 1198 559 tempore
1232 509 1550 555 discuciendam,

208 573 425 623 §qualiter‚
459 572 526 609 ubi
560 581 597 608 et
629 573 792 620 quando
825 569 962 606 oracio
995 570 1113 606 debet
1148 567 1233 604 fieri
1267 569 1317 604 ad
1350 569 1492 603 Deum.

299 632 443 677 Quoad
475 629 650 679 primum
683 637 793 677 patet
816 629 924 677 quod
958 627 1095 664 oracio
1128 627 1243 662 debet
1278 637 1360 662 esse
1394 626 1550 670 devota,
1568 632 1679 667 Pmycr
1700 635 1781 657 must
1803 631 1837 656 bc·

241 690 523 737 suspendendo
556 699 696 724 omnes
728 687 830 724 vires
865 695 902 723 et
925 684 1152 734 specialiter
1175 683 1438 728 intellectum,
1474 694 1552 718 me·
1574 665 1775 727 ΠΠάξῖᾞξ-’ἓζᾈ
1799 699 1836 735 by

242 747 413 783 moriam
448 755 485 783 et
517 746 765 783 voluntatem
800 745 839 781 in
873 746 1021 790 Deum3
1068 744 1117 780 ad
1152 743 1262 791 quod
1300 753 1462 778 necesse
1496 749 1553 776 est
1574 735 1662 762 other
1682 734 1840 769 thoughts.

243 804 383 841 diverti
417 817 439 841 a
472 803 791 853 cogitacionibus
823 802 945 840 seculi
980 811 1016 839 et
1050 800 1229 838 converti
1263 800 1312 837 ad
1337 798 1554 847 cogitacio-

189 880 227 901 10
242 875 332 899 nem
367 862 439 899 Dei
478 871 515 899 et
554 862 824 911 spiritualium
865 860 988 897 futuri
1027 858 1162 897 seculi.
1210 861 1310 895 Nam
1351 856 1553 894 infinitum

242 920 499 958 indecencius
545 930 602 957 est
641 929 898 969 peccatorem
939 930 1055 955 orare
1094 919 1237 964 Deum,
1284 916 1555 953 convertendo

243 991 283 1016 se
316 980 366 1016 ad
399 978 616 1026 sensibilia,
651 991 771 1027 quam
806 978 907 1014 foret
947 978 1118 1014 adorare
1159 987 1293 1023 regem
1333 983 1554 1019 terrenum,

242 1038 432 1074 vertendo
461 1033 466 1090 Ι
496 1038 659 1073 dorsum
693 1038 743 1073 ad
777 1048 867 1073 eum
901 1044 938 1072 et
972 1033 1165 1071 derisorie
1190 1033 1457 1081 proponendo
1481 1031 1556 1068 sibi

244 1095 436 1141 ludicria3
492 1108 583 1132 nam
634 1094 740 1131 dicte
785 1094 888 1131 vires
933 1102 1025 1130 sunt
1069 1091 1190 1129 facies
1234 1090 1368 1128 anime
1416 1099 1453 1126 et
1499 1089 1556 1126 vis

191 1162 226 1194 15
244 1152 461 1202 respiciens
484 1153 686 1190 sensibilia
710 1152 793 1189 eius
817 1153 996 1189 dorsum.
1031 1153 1079 1187 Et
1102 1148 1370 1187 irreverencia
1393 1147 1558 1197 respicit

245 1211 565 1260 magnitudinem
619 1210 771 1248 domini
824 1209 1034 1247 irreveriti.
1089 1209 1392 1256 Suspendamus
1437 1206 1558 1255 igitur

244 1282 383 1306 sensus
415 1278 575 1307 nostros
608 1278 645 1306 et
679 1269 916 1318 colligamus
947 1267 1050 1305 vires
1083 1265 1285 1304 interioris
1308 1264 1483 1302 hominis
1507 1266 1558 1301 ad

243 1328 460 1365 videndum
483 1330 617 1365 Jesum
641 1336 840 1373 nostrum,
865 1326 960 1375 quia
982 1325 1067 1374 ipse
1090 1323 1293 1374 promittit
1307 1324 1428 1360 Zach.
1447 1325 1495 1369 10,
1516 1323 1557 1359 3:

250 1386 532 1423 Convertimini
560 1387 707 1433 adme,
740 1393 774 1422 et
806 1397 879 1436 ego
912 1391 1120 1421 convertar
1151 1384 1202 1419 ad
1236 1394 1313 1419 vos.
1362 1382 1476 1418 Unde
1510 1382 1558 1417 de

188 1461 229 1482 20
245 1445 392 1481 talibus
433 1444 695 1493 conqueritur
735 1443 934 1480 Dominus
973 1443 1088 1479 Prov.
1123 1443 1174 1492 10,
1207 1451 1272 1487 24,
1309 1441 1357 1476 25
1401 1439 1557 1476 dicens:

253 1503 394 1539 Vocavi
435 1510 471 1538 et
515 1503 707 1546 renuistis,
747 1502 906 1538 extendi
943 1513 1097 1537 manum
1138 1512 1261 1536 meam
1301 1506 1336 1535 et
1376 1510 1447 1534 non
1476 1498 1560 1546 fuit

244 1561 308 1610 qui
337 1561 538 1610 aspiceret,
578 1560 791 1610 despexisti
828 1572 938 1596 omne
977 1558 1175 1595 consilium
1211 1569 1334 1594 meum
1369 1563 1404 1592 et
1434 1556 1558 1592 incre-

240 1619 422 1668 paciones
455 1631 560 1656 meas
592 1618 832 1669 neglexistis.

303 1677 343 1714 Si
377 1686 569 1726 queratur
602 1678 764 1726 quando
797 1677 847 1713 sit
886 1677 1100 1721 orandum,
1140 1682 1250 1723 patet
1291 1685 1334 1709 ex
1375 1672 1560 1709 doctrina
1583 1676 1642 1704 We
1663 1681 1745 1703 must
1766 1684 1840 1711 pray

189 1735 428 1784 25Apostoli
472 1738 498 1774 Ι.
533 1736 671 1772 Thess.
704 1737 772 1781 V0,
814 1747 858 1783 17
912 1735 1019 1782 quod
1058 1733 1138 1769 sine
1182 1731 1476 1775 intermissione,
1522 1739 1560 1767 et
1588 1711 1836 1782 liilcwisipxiiffii

246 1795 431 1832 Salvator
471 1796 575 1831 Luce
614 1795 772 1840 XV1110,
814 1806 850 1829 1:
890 1793 1053 1842 Oportet
1091 1803 1244 1840 semper
1283 1801 1413 1833 orare,
1453 1790 1562 1837 quod

247 1866 405 1901 semper
439 1852 493 1898 fit,
529 1853 624 1888 dum
660 1853 759 1888 bene
791 1851 947 1888 vivitur.

307 1913 450 1957 Quoad
494 1911 628 1947 locum
674 1919 783 1959 patet
821 1910 930 1958 quod
970 1917 1028 1945 est
1068 1906 1334 1956 parrochialis
1374 1905 1555 1942 ecclesia.
1591 1910 1834 1948 Tl1ep1a9efor

252 1971 362 2007 Unde
386 1979 557 2019 quatuor
590 1981 730 2006 causas
764 1977 918 2017 ponunt
951 1968 1137 2003 doctores
1165 1978 1287 2014 quare
1320 1964 1360 2001 in
1393 1963 1561 2001 ecclesia
1590 1944 1842 2016 ξίιῖζζιςιιῗῃῗὲῇ

193 2036 233 2068 '30
249 2028 298 2065 sit
350 2029 568 2065 orandum:
631 2027 765 2064 Prima
818 2039 861 2063 ex
913 2024 1150 2062 obediencia
1203 2022 1328 2060 divini
1380 2022 1561 2059 mandati

251 2087 381 2124 Psalm
418 2087 589 2132 LXV110,
625 2096 697 2134 27:
731 2086 773 2121 In
813 2085 981 2121 ecclesiis
1020 2083 1226 2120 benedicite
1264 2081 1443 2118 Domino.
1487 2083 1563 2117 Im-

250 2146 395 2195 plendo
441 2158 535 2193 ergo
588 2143 767 2181 divinum
821 2151 1056 2192 preceptum
1105 2154 1149 2178 ex
1193 2139 1429 2177 obediencia
1474 2140 1562 2187 plus

252 2216 513 2251 mereremur,
559 2204 735 2240 secundo
779 2202 874 2251 quia
918 2200 1056 2238 oracio
1101 2200 1208 2236 facta
1254 2200 1305 2236 ad
1349 2197 1560 2235 ecclesiam

251 2261 491 2299 laboriosior
529 2274 651 2310 quam
691 2260 800 2297 domi
837 2260 898 2297 vel
937 2260 977 2295 in
1015 2259 1133 2295 lecto.
1180 2260 1228 2294 Et
1267 2256 1323 2294 sic
1357 2269 1402 2293 ea
1436 2255 1563 2293 inten-

195 2325 235 2358 35
253 2321 367 2358 cione
400 2321 504 2358 facta
537 2328 594 2356 est
627 2320 716 2368 plus
749 2318 971 2356 meritoria.
1018 2316 1083 2353 Sic
1123 2316 1228 2353 enim
1264 2315 1563 2353 deambulando

252 2380 302 2416 ad
335 2378 544 2416 ecclesiam
579 2378 881 2415 consideramus
905 2389 996 2413 cum
1020 2375 1217 2423 Apostolo
1241 2375 1340 2410 Heb.
1364 2374 1486 2419 X1110,
1517 2386 1563 2419 14

253 2438 361 2486 quod
399 2449 471 2473 non
510 2437 693 2473 habemus
725 2436 785 2472 hic
817 2442 1031 2471 manentem
1065 2433 1257 2470 civitatem
1289 2432 1358 2469 sed
1377 2433 1564 2480 suturam

254 2495 492 2544 inquirimus,
526 2494 678 2531 scilicet
711 2506 877 2542 regnum
913 2492 1090 2529 celorum
1124 2504 1194 2539 per
1228 2489 1438 2527 ecclesiam
1469 2489 1565 2538 figu-

256 2563 400 2590 ratum.
444 2552 588 2590 Tercio
634 2554 826 2590 habemus
871 2550 1076 2588 incitativa
1120 2548 1263 2586 orandi
1303 2549 1343 2585 in
1383 2548 1565 2594 ecclesia,

195 2626 240 2656 40
255 2625 360 2649 nunc
393 2624 437 2649 ex
470 2620 589 2648 cantu
622 2611 662 2648 in
694 2612 833 2657 choro,
875 2622 980 2646 nunc
1014 2621 1057 2646 ex
1097 2606 1316 2645 devocione
1350 2606 1566 2655 exemplari

256 2672 361 2708 facta
400 2683 422 2708 a
461 2670 610 2718 populo
643 2670 704 2706 vel
737 2669 815 2706 alio
849 2681 950 2705 sono
984 2666 1138 2704 musico
1173 2667 1222 2703 ad
1256 2667 1331 2702 hoc
1365 2674 1472 2714 apto.
1520 2667 1568 2701 Et

257 2737 401 2778 quarto
434 2737 476 2765 ut
508 2728 567 2765 16)(
598 2737 734 2764 nostre
767 2726 998 2764 devocionis
1031 2726 1163 2762 luceat
1204 2724 1487 2770 confratribus,
1530 2731 1569 2759 ut

152 1021 226 1052 Fol.

145 1069 223 1108 344⁹

327 2874 353 2901 ω’.
374 2873 407 2900 ln
429 2880 542 2908 marg:
569 2872 603 2900 A.
683 2871 728 2907 39.
751 2871 845 2899 Cod.:
870 2870 946 2899 Tres
965 2870 1126 2903 lzabemus;
1150 2870 1191 2897 ib.
1213 2869 1309 2897 Cod.:
1337 2869 1497 2897 incitativi.
