2062 3276
166 290 241 326 124

172 461 231 489 and
252 461 283 489 in
305 460 418 489 Christ.

166 923 244 951 This
266 923 424 959 propliecy

176 967 246 994 may
267 959 359 994 apply
381 963 411 985 to

199 993 250 1020 the
270 993 335 1020 first
355 1001 390 1020 οι·

164 1028 279 1055 second
302 1028 424 1055 advent.

740 288 964 320 JOHANNIS
982 286 1167 319 WYCLIF
1187 285 1442 318 SERMONUM
1516 271 1669 330 [SERMO
1689 280 1757 309 XV-

447 396 610 447 angelus
643 395 860 432 testamenti
906 407 1014 444 quem
1060 406 1126 430 vos
1171 393 1295 429 vultis.
1343 394 1444 428 Nam
1490 391 1624 428 statim
1668 400 1759 439 post

446 453 785 499 incarnacionem,
806 453 899 501 quia
923 452 984 489 die
1006 454 1086 498 XL,
1111 451 1321 488 assistebat
1344 450 1525 487 Christus
1547 449 1587 486 in
1608 450 1759 497 templo

445 513 679 558 Jerusalem,
718 520 761 547 ut
794 520 980 559 parentes
1013 510 1073 546 sui
1113 510 1289 546 facerent
1328 509 1548 545 secundum
1594 520 1759 544 consue-

446 570 626 607 tudinem
659 569 755 617 legis
788 582 860 617 pro
894 581 939 604 eo
974 572 1031 613 (ut
1064 576 1174 616 patet
1198 569 1302 603 Luce
1325 569 1385 613 Il).
1420 565 1601 603 Christus
1625 574 1757 602 autem

447 629 519 665 fuit
553 627 783 664 dominator
814 627 967 674 integer
1010 626 1127 661 huius
1170 624 1309 661 mundi
1355 633 1391 660 et
1440 624 1571 671 ipsum
1624 623 1759 659 fideles

446 686 542 734 legis
586 685 728 722 veteris
774 685 850 720 fide
895 684 1031 720 sedula
1076 683 1326 731 quesierunt,
1372 691 1408 718 et
1451 682 1534 729 ipse
1580 680 1760 717 Christus

447 744 519 780 fuit
552 745 716 791 angelus
750 742 919 790 duplicis
952 740 1194 787 testamenti,
1240 753 1330 776 cum
1375 749 1489 788 pater
1527 738 1636 776 misit
1668 751 1759 774 eum

446 812 654 850 tamquam
689 809 894 838 auctorem
929 799 1116 836 divinitus
1150 800 1199 835 ad
1223 807 1436 846 utramque
1459 799 1585 845 legem
1609 797 1759 844 populo

446 860 748 908 publicandum.

506 919 619 954 Unde
664 926 828 965 propter
873 914 1092 951 misterium
1139 913 1432 951 incarnacionis
1485 922 1521 949 et
1565 912 1760 949 novitates

447 976 571 1012 factas
616 975 655 1010 in
690 974 849 1011 Christo
895 972 1084 1009 divinitus
1130 982 1249 1020 atque
1294 971 1525 1008 humanitus
1563 971 1760 1019 propheta

447 1033 501 1070 sic
525 1033 721 1081 loquitur:
752 1033 854 1068 Ecce
877 1031 975 1067 venit
997 1030 1295 1079 presencialiter
1318 1039 1354 1066 et
1377 1029 1602 1066 necessario
1626 1029 1758 1077 quoad

448 1094 590 1128 Deum.
625 1091 677 1127 Et
709 1091 793 1140 quis
823 1089 952 1126 viator
979 1096 1107 1138 potest
1141 1088 1317 1138 cogitare
1350 1088 1447 1124 diem
1472 1088 1660 1123 adventus
1682 1087 1761 1122 eius

447 1150 486 1185 in
521 1162 653 1194 carne,
688 1162 778 1185 cum
812 1146 1099 1196 gloriosissima
1131 1147 1195 1182 lux
1228 1155 1264 1182 et
1298 1145 1572 1182 conclusiones
1605 1156 1760 1181 summe

450 1207 649 1244 mirabiles
673 1208 777 1243 hunc
811 1207 1026 1242 adventum
1051 1204 1212 1240 Domini
1236 1212 1549 1252 consequuntur.
1585 1202 1759 1248 Quidam

449 1275 582 1302 autem
616 1264 841 1312 intelligunt
881 1263 984 1299 diem
1030 1264 1223 1298 adventus
1257 1261 1403 1298 Christi
1448 1263 1497 1298 ad
1542 1261 1660 1297 finale
1703 1260 1762 1296 iu-

449 1323 611 1365 dicium,
658 1336 748 1359 cum
793 1331 961 1369 uterque
1006 1320 1054 1356 sit
1099 1319 1195 1356 satis
1240 1319 1445 1357 mirabilis.
1499 1321 1580 1355 Nec
1631 1318 1760 1354 solum

450 1381 566 1429 pauci
599 1389 794 1417 steterunt
826 1379 867 1415 in
901 1379 976 1415 fide
1010 1388 1046 1414 et
1079 1378 1221 1426 spiritu
1253 1377 1430 1414 videntes
1454 1378 1669 1413 adventum
1693 1388 1761 1412 sue

449 1438 756 1485 incarnacionis,
791 1439 858 1474 sed
893 1437 1117 1485 graciosum
1144 1436 1381 1472 miraculum
1407 1444 1464 1471 est
1486 1436 1594 1483 quod
1618 1434 1761 1482 aliquis

449 1507 523 1534 stet
556 1497 595 1533 in
628 1497 761 1545 gracia
794 1495 924 1532 finalis
957 1494 1313 1542 predestinacionis
1347 1493 1517 1530 videndo
1540 1494 1758 1529 secundum

449 1555 532 1591 eius
565 1556 794 1591 adventum.
849 1555 940 1589 Ideo
973 1551 1103 1600 querit
1136 1553 1332 1600 propheta
1365 1564 1435 1599 per
1468 1552 1631 1587 modum
1666 1562 1761 1598 que-

449 1612 590 1649 stionis
625 1612 837 1648 mirabilis:
872 1612 923 1646 Et
956 1611 1038 1659 quis
1069 1610 1182 1645 stabit
1214 1611 1266 1645 ad
1290 1610 1493 1645 videndum
1517 1609 1633 1645 eum?
1666 1610 1761 1644 Om-

450 1684 517 1707 nes
551 1670 656 1707 enim
691 1669 850 1718 presciti
884 1678 977 1705 tunc
1013 1677 1199 1704 corruent
1243 1677 1451 1715 tamquam
1498 1666 1610 1703 muti.
1656 1665 1762 1702 Finis

449 1738 582 1765 autem
634 1728 884 1776 propinquus
936 1728 1128 1762 adventus
1181 1725 1325 1773 prioris
1378 1725 1450 1761 fuit
1501 1737 1672 1772 purgare
1725 1732 1762 1759 et

450 1788 644 1823 mundare
677 1785 885 1822 ecclesiam
920 1793 1059 1820 contra
1092 1785 1307 1820 adventum
1331 1784 1552 1819 secundum
1577 1795 1647 1830 per
1670 1794 1761 1818 suos
1803 1784 1817 1816 5

449 1845 651 1893 apostolos
714 1853 751 1880 et
812 1844 1065 1891 presbyteros
1127 1850 1344 1889 purgantes
1404 1839 1763 1877 instrumentaliter

404 1917 407 1918 ⁷
450 1902 692 1947 mundiales3
726 1901 815 1937 ideo
846 1900 940 1936 dicit
965 1901 1179 1948 propheta:
1214 1901 1310 1948 Ipse,
1345 1899 1486 1947 inquit,
1521 1899 1630 1947 quasi
1660 1898 1762 1948 ignis

450 1960 620 2011 conflans
653 1968 688 1996 et
721 1959 831 2008 quasi
861 1959 979 1994 herba
1002 1958 1228 2007 fullonum.-
1261 1970 1352 1993 nam
1388 1966 1522 2004 gentes
1556 1965 1593 1992 et
1614 1957 1761 1992 Judeos

450 2019 538 2066 igne
572 2017 750 2054 caritatis
783 2025 974 2065 perpetue
1009 2015 1222 2063 copulavit,
1262 2014 1364 2051 sicut
1404 2016 1484 2051 duo
1523 2015 1626 2050 ferra
1671 2026 1761 2050 cum

450 2086 534 2113 arte
568 2075 697 2112 fabrili
730 2084 767 2111 et
799 2087 919 2122 opere
953 2073 1116 2110 artificis
1156 2082 1246 2109 sunt
1280 2072 1472 2119 conflata;
1519 2072 1621 2108 sicut
1655 2070 1760 2108 enim
1780 2075 1794 2107 'J

450 2135 597 2170 ferrum
633 2134 806 2169 candens
839 2131 942 2180 ignis
976 2131 1122 2167 dicitur
1154 2144 1175 2167 a
1207 2140 1351 2167 natura
1385 2139 1421 2166 et
1454 2130 1645 2178 qualitate
1670 2128 1761 2165 ferri

449 2201 694 2236 extraneum,
719 2191 774 2226 sic
798 2190 978 2226 homines
1003 2189 1190 2225 dicuntur
1205 2188 1385 2225 Christus
1409 2188 1475 2235 qui
1491 2189 1541 2224 ad
1557 2187 1760 2224 Christum

450 2262 520 2298 per
552 2249 729 2297 graciam
763 2257 854 2284 sunt
888 2246 1080 2284 conversi.
1116 2248 1218 2283 Usus
1252 2245 1377 2282 eciam
1411 2245 1484 2281 fuit
1508 2245 1689 2282 Christus
1722 2244 1761 2281 in

449 2306 692 2356 purgacione
726 2306 1001 2354 apostolorum
1047 2305 1169 2341 herba
1213 2304 1393 2340 fulonum
1439 2303 1595 2351 hispida
1639 2315 1759 2351 quam

449 2365 613 2414 quidam
645 2373 789 2401 vocant
822 2363 1039 2409 cardinem,
1080 2362 1173 2410 quia
1206 2370 1370 2409 peccata
1415 2374 1553 2397 eorum
1599 2360 1793 2398 extraxit?

449 2436 518 2471 per
552 2422 722 2470 rigorem
756 2420 979 2469 penitencie
1013 2430 1049 2456 et
1083 2419 1332 2456 ceremonias
1364 2418 1461 2467 legis
1493 2419 1637 2455 veteris
1661 2428 1761 2455 tam-

449 2494 570 2529 quam
605 2490 698 2516 tunc
732 2480 909 2516 maculas
942 2479 981 2515 in
1016 2491 1147 2526 panno
1192 2476 1354 2514 ecclesie
1398 2478 1667 2513 abstrahebat.
1714 2479 1762 2513 Et

450 2538 614 2586 quidam
649 2538 786 2574 dicunt
819 2538 928 2585 quod
961 2536 1085 2584 aliqui
1118 2536 1394 2584 apostolorum
1429 2544 1541 2571 erant
1573 2534 1643 2571 filii
1669 2534 1760 2571 Levi

451 2597 499 2632 ad
532 2595 704 2641 literam,
750 2597 816 2631 sed
849 2594 995 2631 veritas
1028 2603 1086 2630 est
1119 2595 1227 2641 quod
1260 2602 1372 2629 erant
1405 2594 1633 2629 sacerdotes
1665 2592 1761 2641 legis

449 2653 591 2690 veteris
624 2653 690 2701 qui
725 2662 836 2689 erant
869 2652 937 2688 filii
972 2651 1062 2688 Levi
1096 2651 1250 2687 mistice
1284 2650 1454 2698 figurati.

521 2795 561 2819 ιι.
584 2788 627 2814 A:
654 2795 719 2814 cum
740 2787 834 2814 deest.
949 2785 991 2814 23.
1013 2785 1036 2812 E
1057 2786 1086 2813 in
1109 2793 1221 2820 marg:
1250 2784 1334 2812 Finis
1349 2785 1448 2820 primi
1465 2784 1613 2812 adventus
1636 2783 1760 2811 Christi.

451 2821 492 2849 33.
515 2822 568 2849 DE
588 2823 617 2849 in
639 2830 753 2855 marga:
780 2821 884 2848 Herba
895 2821 1054 2857 sulonum.
1128 2819 1174 2855 39.
1195 2821 1239 2847 A:
1263 2827 1323 2855 pet·
1341 2819 1529 2847 sacerdotes.

527 2915 576 2945 12,
609 2905 657 2944 13,
686 2914 738 2944 22,
767 2914 820 2947 27.
847 2904 926 2936 Mal.
953 2904 1005 2937 ΙΙΙ,
1034 2914 1063 2936 2.

1780 925 1818 946 10

1782 1204 1817 1236 15

1779 1794 1794 1815 Ι.)

1775 2664 1820 2694 40
