<?xml version="1.0" encoding="UTF-8"?>
<!DOCTYPE html PUBLIC "-//W3C//DTD XHTML 1.0 Transitional//EN"
    "http://www.w3.org/TR/xhtml1/DTD/xhtml1-transitional.dtd">
<html xmlns="http://www.w3.org/1999/xhtml" xml:lang="en" lang="en">
 <head>
  <title>
</title>
<meta http-equiv="Content-Type" content="text/html;charset=utf-8" />
  <meta name='ocr-system' content='tesseract 3.04.00' />
  <meta name='ocr-capabilities' content='ocr_page ocr_carea ocr_par ocr_line ocrx_word'/>
</head>
<body>
  <div class='ocr_page' id='page_1' title='image "./iohanniswyclifse0704wycl_0437.png"; bbox 0 0 2062 3276; ppageno 0'>
   <div class='ocr_carea' id='block_1_1' title="bbox 174 601 246 698">
    <p class='ocr_par' dir='ltr' id='par_1_1' title="bbox 174 601 246 698">
     <span class='ocr_line' id='line_1_1' title="bbox 230 601 245 633; baseline 0 0"><span class='ocrx_word' id='word_1_1' title='bbox 230 601 245 633; x_wconf 84' lang='lat'><strong>5</strong></span> 
     </span>
     <span class='ocr_line' id='line_1_2' title="bbox 174 648 246 698; baseline 0 -20"><span class='ocrx_word' id='word_1_2' title='bbox 174 648 246 698; x_wconf 73' lang='lat' dir='ltr'>Fol.</span> 
     </span>
    </p>
   </div>
   <div class='ocr_carea' id='block_1_2' title="bbox 167 696 231 727">
    <p class='ocr_par' dir='ltr' id='par_1_2' title="bbox 167 696 231 727">
     <span class='ocr_line' id='line_1_3' title="bbox 167 696 231 727; baseline 0.031 -6"><span class='ocrx_word' id='word_1_3' title='bbox 167 696 231 727; x_wconf 57' lang='grc' dir='ltr'>’,ἶζῖίι</span> 
     </span>
    </p>
   </div>
   <div class='ocr_carea' id='block_1_3' title="bbox 208 902 247 922">
    <p class='ocr_par' dir='ltr' id='par_1_3' title="bbox 208 902 247 922">
     <span class='ocr_line' id='line_1_4' title="bbox 208 902 247 922; baseline 0 0"><span class='ocrx_word' id='word_1_4' title='bbox 208 902 247 922; x_wconf 87' lang='lat'>10</span> 
     </span>
    </p>
   </div>
   <div class='ocr_carea' id='block_1_4' title="bbox 201 2645 246 2675">
    <p class='ocr_par' dir='ltr' id='par_1_4' title="bbox 201 2645 246 2675">
     <span class='ocr_line' id='line_1_5' title="bbox 201 2645 246 2675; baseline 0 -11"><span class='ocrx_word' id='word_1_5' title='bbox 201 2645 246 2675; x_wconf 79' lang='lat'>40</span> 
     </span>
    </p>
   </div>
   <div class='ocr_carea' id='block_1_5' title="bbox 266 246 1090 304">
    <p class='ocr_par' dir='ltr' id='par_1_5' title="bbox 266 246 1090 304">
     <span class='ocr_line' id='line_1_6' title="bbox 266 246 1090 304; baseline 0.008 -19"><span class='ocrx_word' id='word_1_6' title='bbox 266 256 402 286; x_wconf 84' lang='lat' dir='ltr'>SERMO</span> <span class='ocrx_word' id='word_1_7' title='bbox 424 246 517 304; x_wconf 77' lang='lat' dir='ltr'>Lm]</span> <span class='ocrx_word' id='word_1_8' title='bbox 744 261 937 302; x_wconf 80' lang='lat' dir='ltr'><strong>QUARTA</strong></span> <span class='ocrx_word' id='word_1_9' title='bbox 964 262 1090 294; x_wconf 82' lang='lat' dir='ltr'>PARS.</span> 
     </span>
    </p>
   </div>
   <div class='ocr_carea' id='block_1_6' title="bbox 261 367 1582 1750">
    <p class='ocr_par' dir='ltr' id='par_1_6' title="bbox 261 367 1582 1750">
     <span class='ocr_line' id='line_1_7' title="bbox 264 367 1579 414; baseline 0 -10"><span class='ocrx_word' id='word_1_10' title='bbox 264 367 485 404; x_wconf 89' lang='lat' dir='ltr'>trariantur</span> <span class='ocrx_word' id='word_1_11' title='bbox 530 370 613 405; x_wconf 89' lang='lat' dir='ltr'>Deo</span> <span class='ocrx_word' id='word_1_12' title='bbox 658 367 698 404; x_wconf 91' lang='lat' dir='ltr'>in</span> <span class='ocrx_word' id='word_1_13' title='bbox 744 369 1026 404; x_wconf 89' lang='lat' dir='ltr'>mandatorum</span> <span class='ocrx_word' id='word_1_14' title='bbox 1072 367 1345 414; x_wconf 87' lang='lat' dir='ltr'>observancia,</span> <span class='ocrx_word' id='word_1_15' title='bbox 1391 367 1579 404; x_wconf 84' lang='lat' dir='ltr'>edificant</span> 
     </span>
     <span class='ocr_line' id='line_1_8' title="bbox 264 425 1580 474; baseline 0 -13"><span class='ocrx_word' id='word_1_16' title='bbox 264 427 313 462; x_wconf 87' lang='lat' dir='ltr'>ad</span> <span class='ocrx_word' id='word_1_17' title='bbox 336 425 548 463; x_wconf 87' lang='lat' dir='ltr'>iehennam</span> <span class='ocrx_word' id='word_1_18' title='bbox 569 435 606 463; x_wconf 91' lang='lat' dir='ltr'>et</span> <span class='ocrx_word' id='word_1_19' title='bbox 623 427 828 474; x_wconf 88' lang='lat' dir='ltr'>quomodo</span> <span class='ocrx_word' id='word_1_20' title='bbox 847 425 1126 473; x_wconf 77' lang='lat' dir='ltr'>constipantur</span> <span class='ocrx_word' id='word_1_21' title='bbox 1144 438 1166 462; x_wconf 87' lang='lat' dir='ltr'>a</span> <span class='ocrx_word' id='word_1_22' title='bbox 1185 426 1348 462; x_wconf 91' lang='lat' dir='ltr'>diabolo</span> <span class='ocrx_word' id='word_1_23' title='bbox 1365 435 1580 473; x_wconf 83' lang='lat' dir='ltr'>torquente</span> 
     </span>
     <span class='ocr_line' id='line_1_9' title="bbox 264 483 1580 533; baseline -0.001 -13"><span class='ocrx_word' id='word_1_24' title='bbox 264 492 301 520; x_wconf 89' lang='lat' dir='ltr'>et</span> <span class='ocrx_word' id='word_1_25' title='bbox 333 492 507 521; x_wconf 87' lang='lat' dir='ltr'>terrente</span> <span class='ocrx_word' id='word_1_26' title='bbox 540 493 576 520; x_wconf 88' lang='lat' dir='ltr'>et</span> <span class='ocrx_word' id='word_1_27' title='bbox 608 483 835 533; x_wconf 83' lang='lat' dir='ltr'>specialiter</span> <span class='ocrx_word' id='word_1_28' title='bbox 873 483 913 519; x_wconf 90' lang='lat' dir='ltr'>in</span> <span class='ocrx_word' id='word_1_29' title='bbox 954 483 1094 519; x_wconf 91' lang='lat' dir='ltr'>mortis</span> <span class='ocrx_word' id='word_1_30' title='bbox 1133 483 1316 529; x_wconf 85' lang='lat' dir='ltr'>articulo,</span> <span class='ocrx_word' id='word_1_31' title='bbox 1356 483 1580 520; x_wconf 81' lang='lat' dir='ltr'>diceremus</span> 
     </span>
     <span class='ocr_line' id='line_1_10' title="bbox 262 540 1579 589; baseline -0.001 -12"><span class='ocrx_word' id='word_1_32' title='bbox 262 541 382 578; x_wconf 84' lang='lat' dir='ltr'>vitam</span> <span class='ocrx_word' id='word_1_33' title='bbox 417 541 472 578; x_wconf 91' lang='lat' dir='ltr'>sic</span> <span class='ocrx_word' id='word_1_34' title='bbox 506 541 763 578; x_wconf 82' lang='lat' dir='ltr'>affluencium</span> <span class='ocrx_word' id='word_1_35' title='bbox 796 540 1087 589; x_wconf 78' lang='lat' dir='ltr'>temporalibus</span> <span class='ocrx_word' id='word_1_36' title='bbox 1119 554 1198 577; x_wconf 90' lang='lat' dir='ltr'>non</span> <span class='ocrx_word' id='word_1_37' title='bbox 1228 554 1477 589; x_wconf 80' lang='lat' dir='ltr'>prosperam,</span> <span class='ocrx_word' id='word_1_38' title='bbox 1512 542 1579 577; x_wconf 89' lang='lat' dir='ltr'>sed</span> 
     </span>
     <span class='ocr_line' id='line_1_11' title="bbox 263 598 1580 648; baseline -0.001 -13"><span class='ocrx_word' id='word_1_39' title='bbox 263 600 542 648; x_wconf 78' lang='lat' dir='ltr'>dampnosam.</span> <span class='ocrx_word' id='word_1_40' title='bbox 596 602 695 636; x_wconf 89' lang='lat' dir='ltr'>Cum</span> <span class='ocrx_word' id='word_1_41' title='bbox 732 612 825 647; x_wconf 77' lang='lat' dir='ltr'>ergo</span> <span class='ocrx_word' id='word_1_42' title='bbox 858 607 939 635; x_wconf 87' lang='lat' dir='ltr'>tam</span> <span class='ocrx_word' id='word_1_43' title='bbox 974 598 1142 635; x_wconf 82' lang='lat' dir='ltr'>faciliter</span> <span class='ocrx_word' id='word_1_44' title='bbox 1173 608 1306 647; x_wconf 86' lang='lat' dir='ltr'>posset</span> <span class='ocrx_word' id='word_1_45' title='bbox 1339 598 1580 635; x_wconf 87' lang='lat' dir='ltr'>christianus</span> 
     </span>
     <span class='ocr_line' id='line_1_12' title="bbox 263 654 1581 710; baseline -0.002 -16"><span class='ocrx_word' id='word_1_46' title='bbox 263 670 492 705; x_wconf 78' lang='lat' dir='ltr'>preservare</span> <span class='ocrx_word' id='word_1_47' title='bbox 532 669 573 693; x_wconf 92' lang='lat' dir='ltr'>se</span> <span class='ocrx_word' id='word_1_48' title='bbox 611 670 633 693; x_wconf 87' lang='lat' dir='ltr'>a</span> <span class='ocrx_word' id='word_1_49' title='bbox 672 657 710 693; x_wconf 88' lang='lat' dir='ltr'>iu</span> <span class='ocrx_word' id='word_1_50' title='bbox 741 654 744 710; x_wconf 79' lang='grc' dir='ltr'>Ι</span> <span class='ocrx_word' id='word_1_51' title='bbox 775 656 967 694; x_wconf 88' lang='lat' dir='ltr'>ramentis</span> <span class='ocrx_word' id='word_1_52' title='bbox 1007 656 1153 693; x_wconf 81' lang='lat' dir='ltr'>illicitis</span> <span class='ocrx_word' id='word_1_53' title='bbox 1199 665 1236 693; x_wconf 91' lang='lat' dir='ltr'>et</span> <span class='ocrx_word' id='word_1_54' title='bbox 1281 669 1370 693; x_wconf 91' lang='lat' dir='ltr'>cum</span> <span class='ocrx_word' id='word_1_55' title='bbox 1416 665 1581 705; x_wconf 84' lang='lat' dir='ltr'>propter</span> 
     </span>
     <span class='ocr_line' id='line_1_13' title="bbox 263 713 1581 764; baseline 0 -14"><span class='ocrx_word' id='word_1_56' title='bbox 263 715 520 752; x_wconf 80' lang='lat' dir='ltr'>affeccionem</span> <span class='ocrx_word' id='word_1_57' title='bbox 557 715 646 751; x_wconf 83' lang='lat' dir='ltr'>finis</span> <span class='ocrx_word' id='word_1_58' title='bbox 680 715 831 751; x_wconf 90' lang='lat' dir='ltr'>inutilis</span> <span class='ocrx_word' id='word_1_59' title='bbox 864 713 1093 764; x_wconf 82' lang='lat' dir='ltr'>prorumpit</span> <span class='ocrx_word' id='word_1_60' title='bbox 1126 714 1165 750; x_wconf 89' lang='lat' dir='ltr'>in</span> <span class='ocrx_word' id='word_1_61' title='bbox 1197 713 1467 751; x_wconf 86' lang='lat' dir='ltr'>iuramentum</span> <span class='ocrx_word' id='word_1_62' title='bbox 1502 715 1581 750; x_wconf 86' lang='lat' dir='ltr'>tale</span> 
     </span>
     <span class='ocr_line' id='line_1_14' title="bbox 263 773 1578 822; baseline -0.002 -13"><span class='ocrx_word' id='word_1_63' title='bbox 263 773 494 815; x_wconf 77' lang='lat' dir='ltr'>execrabile,</span> <span class='ocrx_word' id='word_1_64' title='bbox 535 775 742 822; x_wconf 84' lang='lat' dir='ltr'>quomodo</span> <span class='ocrx_word' id='word_1_65' title='bbox 782 773 910 821; x_wconf 81' lang='lat' dir='ltr'>diligit</span> <span class='ocrx_word' id='word_1_66' title='bbox 950 775 1076 809; x_wconf 86' lang='lat' dir='ltr'>Deum</span> <span class='ocrx_word' id='word_1_67' title='bbox 1117 773 1152 808; x_wconf 86' lang='lat' dir='ltr'>in</span> <span class='ocrx_word' id='word_1_68' title='bbox 1190 780 1268 808; x_wconf 80' lang='lat' dir='ltr'>tota</span> <span class='ocrx_word' id='word_1_69' title='bbox 1307 773 1450 816; x_wconf 78' lang='lat' dir='ltr'>anima,</span> <span class='ocrx_word' id='word_1_70' title='bbox 1489 785 1578 808; x_wconf 89' lang='lat' dir='ltr'>cum</span> 
     </span>
     <span class='ocr_line' id='line_1_15' title="bbox 261 830 1578 879; baseline -0.001 -13"><span class='ocrx_word' id='word_1_71' title='bbox 261 830 320 866; x_wconf 76' lang='lat' dir='ltr'>vix</span> <span class='ocrx_word' id='word_1_72' title='bbox 353 844 468 868; x_wconf 89' lang='lat' dir='ltr'>amor</span> <span class='ocrx_word' id='word_1_73' title='bbox 492 831 561 867; x_wconf 80' lang='lat' dir='ltr'>Dei</span> <span class='ocrx_word' id='word_1_74' title='bbox 586 831 625 868; x_wconf 92' lang='lat' dir='ltr'>in</span> <span class='ocrx_word' id='word_1_75' title='bbox 649 833 796 879; x_wconf 77' lang='lat' dir='ltr'>angulo</span> <span class='ocrx_word' id='word_1_76' title='bbox 820 831 1049 868; x_wconf 85' lang='lat' dir='ltr'>affeccionis</span> <span class='ocrx_word' id='word_1_77' title='bbox 1079 831 1211 867; x_wconf 88' lang='lat' dir='ltr'>anime</span> <span class='ocrx_word' id='word_1_78' title='bbox 1241 831 1451 879; x_wconf 88' lang='lat' dir='ltr'>reperitur,</span> <span class='ocrx_word' id='word_1_79' title='bbox 1485 831 1578 866; x_wconf 88' lang='lat' dir='ltr'>dum</span> 
     </span>
     <span class='ocr_line' id='line_1_16' title="bbox 261 888 1581 937; baseline -0.001 -13"><span class='ocrx_word' id='word_1_80' title='bbox 261 898 397 926; x_wconf 87' lang='lat' dir='ltr'>tamen</span> <span class='ocrx_word' id='word_1_81' title='bbox 442 889 685 926; x_wconf 87' lang='lat' dir='ltr'>racionabile</span> <span class='ocrx_word' id='word_1_82' title='bbox 736 891 970 926; x_wconf 88' lang='lat' dir='ltr'>mandatum</span> <span class='ocrx_word' id='word_1_83' title='bbox 1013 888 1336 937; x_wconf 76' lang='lat' dir='ltr'>contempnitur?</span> <span class='ocrx_word' id='word_1_84' title='bbox 1381 889 1581 925; x_wconf 86' lang='lat' dir='ltr'>Debemus</span> 
     </span>
     <span class='ocr_line' id='line_1_17' title="bbox 263 947 1580 994; baseline -0.001 -12"><span class='ocrx_word' id='word_1_85' title='bbox 263 947 367 983; x_wconf 89' lang='lat' dir='ltr'>enim</span> <span class='ocrx_word' id='word_1_86' title='bbox 413 949 461 983; x_wconf 91' lang='lat' dir='ltr'>ad</span> <span class='ocrx_word' id='word_1_87' title='bbox 508 948 626 984; x_wconf 86' lang='lat' dir='ltr'>istum</span> <span class='ocrx_word' id='word_1_88' title='bbox 672 961 832 984; x_wconf 90' lang='lat' dir='ltr'>sensum</span> <span class='ocrx_word' id='word_1_89' title='bbox 874 947 1039 994; x_wconf 84' lang='lat' dir='ltr'>diligere</span> <span class='ocrx_word' id='word_1_90' title='bbox 1078 950 1205 983; x_wconf 80' lang='lat' dir='ltr'>Deum</span> <span class='ocrx_word' id='word_1_91' title='bbox 1246 959 1297 983; x_wconf 77' lang='lat' dir='ltr'>ex</span> <span class='ocrx_word' id='word_1_92' title='bbox 1336 954 1414 983; x_wconf 82' lang='lat' dir='ltr'>tota</span> <span class='ocrx_word' id='word_1_93' title='bbox 1452 947 1580 982; x_wconf 81' lang='lat' dir='ltr'>anima</span> 
     </span>
     <span class='ocr_line' id='line_1_18' title="bbox 262 1004 1579 1053; baseline -0.002 -12"><span class='ocrx_word' id='word_1_94' title='bbox 262 1007 369 1053; x_wconf 87' lang='lat' dir='ltr'>quod</span> <span class='ocrx_word' id='word_1_95' title='bbox 403 1005 527 1042; x_wconf 87' lang='lat' dir='ltr'>nichil</span> <span class='ocrx_word' id='word_1_96' title='bbox 559 1005 725 1042; x_wconf 87' lang='lat' dir='ltr'>omnino</span> <span class='ocrx_word' id='word_1_97' title='bbox 759 1018 942 1042; x_wconf 89' lang='lat' dir='ltr'>amemus</span> <span class='ocrx_word' id='word_1_98' title='bbox 975 1014 1107 1052; x_wconf 85' lang='lat' dir='ltr'>preter</span> <span class='ocrx_word' id='word_1_99' title='bbox 1140 1004 1269 1052; x_wconf 86' lang='lat' dir='ltr'>ipsum</span> <span class='ocrx_word' id='word_1_100' title='bbox 1305 1005 1364 1041; x_wconf 86' lang='lat' dir='ltr'>vel</span> <span class='ocrx_word' id='word_1_101' title='bbox 1397 1004 1506 1041; x_wconf 89' lang='lat' dir='ltr'>aliud</span> <span class='ocrx_word' id='word_1_102' title='bbox 1541 1004 1579 1039; x_wconf 91' lang='lat' dir='ltr'>in</span> 
     </span>
     <span class='ocr_line' id='line_1_19' title="bbox 261 1061 1579 1112; baseline -0.002 -13"><span class='ocrx_word' id='word_1_103' title='bbox 261 1063 402 1099; x_wconf 86' lang='lat' dir='ltr'>ordine</span> <span class='ocrx_word' id='word_1_104' title='bbox 436 1065 484 1100; x_wconf 90' lang='lat' dir='ltr'>ad</span> <span class='ocrx_word' id='word_1_105' title='bbox 518 1063 648 1112; x_wconf 84' lang='lat' dir='ltr'>ipsum</span> <span class='ocrx_word' id='word_1_106' title='bbox 674 1063 932 1111; x_wconf 68' lang='lat' dir='ltr'>diligendum,</span> <span class='ocrx_word' id='word_1_107' title='bbox 967 1065 1014 1099; x_wconf 88' lang='lat' dir='ltr'>de</span> <span class='ocrx_word' id='word_1_108' title='bbox 1038 1072 1190 1111; x_wconf 86' lang='lat' dir='ltr'>quanto</span> <span class='ocrx_word' id='word_1_109' title='bbox 1220 1062 1274 1099; x_wconf 89' lang='lat' dir='ltr'>rei</span> <span class='ocrx_word' id='word_1_110' title='bbox 1299 1062 1388 1099; x_wconf 90' lang='lat' dir='ltr'>talis</span> <span class='ocrx_word' id='word_1_111' title='bbox 1412 1061 1579 1099; x_wconf 88' lang='lat' dir='ltr'>dileccio</span> 
     </span>
     <span class='ocr_line' id='line_1_20' title="bbox 262 1121 1580 1169; baseline 0.001 -14"><span class='ocrx_word' id='word_1_112' title='bbox 262 1122 392 1169; x_wconf 83' lang='lat' dir='ltr'>placet</span> <span class='ocrx_word' id='word_1_113' title='bbox 425 1121 512 1157; x_wconf 85' lang='lat' dir='ltr'>sibi.</span> <span class='ocrx_word' id='word_1_114' title='bbox 562 1123 792 1158; x_wconf 86' lang='lat' dir='ltr'>Secundum</span> <span class='ocrx_word' id='word_1_115' title='bbox 828 1122 1064 1158; x_wconf 86' lang='lat' dir='ltr'>mandatum</span> <span class='ocrx_word' id='word_1_116' title='bbox 1100 1121 1171 1157; x_wconf 79' lang='lat' dir='ltr'>Dei</span> <span class='ocrx_word' id='word_1_117' title='bbox 1206 1122 1323 1157; x_wconf 86' lang='lat' dir='ltr'>docet</span> <span class='ocrx_word' id='word_1_118' title='bbox 1357 1122 1465 1169; x_wconf 92' lang='lat' dir='ltr'>quod</span> <span class='ocrx_word' id='word_1_119' title='bbox 1500 1133 1580 1156; x_wconf 91' lang='lat' dir='ltr'>non</span> 
     </span>
     <span class='ocr_line' id='line_1_21' title="bbox 262 1179 1580 1227; baseline -0.002 -12"><span class='ocrx_word' id='word_1_120' title='bbox 262 1180 393 1227; x_wconf 86' lang='lat' dir='ltr'>placet</span> <span class='ocrx_word' id='word_1_121' title='bbox 431 1179 505 1215; x_wconf 88' lang='lat' dir='ltr'>sibi</span> <span class='ocrx_word' id='word_1_122' title='bbox 544 1189 587 1216; x_wconf 90' lang='lat' dir='ltr'>ut</span> <span class='ocrx_word' id='word_1_123' title='bbox 625 1193 759 1216; x_wconf 84' lang='lat' dir='ltr'>nomen</span> <span class='ocrx_word' id='word_1_124' title='bbox 798 1180 878 1215; x_wconf 76' lang='lat' dir='ltr'>eius</span> <span class='ocrx_word' id='word_1_125' title='bbox 914 1179 968 1215; x_wconf 77' lang='lat' dir='ltr'>sic</span> <span class='ocrx_word' id='word_1_126' title='bbox 999 1192 1197 1215; x_wconf 76' lang='lat' dir='ltr'>sumamus</span> <span class='ocrx_word' id='word_1_127' title='bbox 1230 1179 1264 1214; x_wconf 80' lang='lat' dir='ltr'>in</span> <span class='ocrx_word' id='word_1_128' title='bbox 1300 1191 1461 1219; x_wconf 66' lang='lat' dir='ltr'>vanmm</span> <span class='ocrx_word' id='word_1_129' title='bbox 1500 1191 1580 1214; x_wconf 93' lang='lat' dir='ltr'>non</span> 
     </span>
     <span class='ocr_line' id='line_1_22' title="bbox 262 1236 1580 1286; baseline -0.001 -13"><span class='ocrx_word' id='word_1_130' title='bbox 262 1247 430 1284; x_wconf 73' lang='lat' dir='ltr'>negatur</span> <span class='ocrx_word' id='word_1_131' title='bbox 459 1238 555 1286; x_wconf 85' lang='lat' dir='ltr'>quin</span> <span class='ocrx_word' id='word_1_132' title='bbox 589 1238 679 1274; x_wconf 84' lang='lat' dir='ltr'>licet</span> <span class='ocrx_word' id='word_1_133' title='bbox 712 1237 843 1274; x_wconf 88' lang='lat' dir='ltr'>iurare</span> <span class='ocrx_word' id='word_1_134' title='bbox 876 1239 943 1273; x_wconf 86' lang='lat' dir='ltr'>sed</span> <span class='ocrx_word' id='word_1_135' title='bbox 978 1250 1066 1273; x_wconf 90' lang='lat' dir='ltr'>cum</span> <span class='ocrx_word' id='word_1_136' title='bbox 1102 1237 1229 1273; x_wconf 86' lang='lat' dir='ltr'>tribus</span> <span class='ocrx_word' id='word_1_137' title='bbox 1262 1236 1580 1273; x_wconf 85' lang='lat' dir='ltr'>circumstanciis</span> 
     </span>
     <span class='ocr_line' id='line_1_23' title="bbox 262 1294 1578 1344; baseline -0.001 -13"><span class='ocrx_word' id='word_1_138' title='bbox 262 1308 362 1343; x_wconf 84' lang='lat' dir='ltr'>quas</span> <span class='ocrx_word' id='word_1_139' title='bbox 394 1297 590 1344; x_wconf 87' lang='lat' dir='ltr'>propheta</span> <span class='ocrx_word' id='word_1_140' title='bbox 630 1296 800 1344; x_wconf 81' lang='lat' dir='ltr'>explicat</span> <span class='ocrx_word' id='word_1_141' title='bbox 831 1295 1001 1332; x_wconf 90' lang='lat' dir='ltr'>Jeremie</span> <span class='ocrx_word' id='word_1_142' title='bbox 1034 1297 1117 1336; x_wconf 54' lang='grc' dir='ltr'>ΙΨ),</span> <span class='ocrx_word' id='word_1_143' title='bbox 1144 1305 1186 1331; x_wconf 84' lang='lat'>2:</span> <span class='ocrx_word' id='word_1_144' title='bbox 1224 1295 1394 1338; x_wconf 77' lang='lat' dir='ltr'>Jurabis,</span> <span class='ocrx_word' id='word_1_145' title='bbox 1433 1294 1578 1342; x_wconf 89' lang='lat' dir='ltr'>inquit,</span> 
     </span>
     <span class='ocr_line' id='line_1_24' title="bbox 264 1353 1579 1400; baseline 0 -12"><span class='ocrx_word' id='word_1_146' title='bbox 264 1354 354 1389; x_wconf 75' lang='lat' dir='ltr'>vivit</span> <span class='ocrx_word' id='word_1_147' title='bbox 385 1355 577 1390; x_wconf 78' lang='lat' dir='ltr'>Dominus</span> <span class='ocrx_word' id='word_1_148' title='bbox 608 1355 643 1390; x_wconf 87' lang='lat' dir='ltr'>in</span> <span class='ocrx_word' id='word_1_149' title='bbox 678 1355 852 1399; x_wconf 77' lang='lat' dir='ltr'>veritate,</span> <span class='ocrx_word' id='word_1_150' title='bbox 892 1354 928 1389; x_wconf 83' lang='lat' dir='ltr'>in</span> <span class='ocrx_word' id='word_1_151' title='bbox 961 1354 1101 1390; x_wconf 80' lang='lat' dir='ltr'>iudicio</span> <span class='ocrx_word' id='word_1_152' title='bbox 1133 1361 1167 1389; x_wconf 81' lang='lat' dir='ltr'>et</span> <span class='ocrx_word' id='word_1_153' title='bbox 1199 1353 1360 1389; x_wconf 80' lang='lat' dir='ltr'>iusticia.</span> <span class='ocrx_word' id='word_1_154' title='bbox 1407 1354 1579 1400; x_wconf 85' lang='lat' dir='ltr'>Oportet</span> 
     </span>
     <span class='ocr_line' id='line_1_25' title="bbox 263 1410 1581 1460; baseline -0.002 -12"><span class='ocrx_word' id='word_1_155' title='bbox 263 1411 368 1448; x_wconf 87' lang='lat' dir='ltr'>enim</span> <span class='ocrx_word' id='word_1_156' title='bbox 402 1411 599 1449; x_wconf 87' lang='lat' dir='ltr'>iurantem</span> <span class='ocrx_word' id='word_1_157' title='bbox 635 1411 767 1460; x_wconf 84' lang='lat' dir='ltr'>primo</span> <span class='ocrx_word' id='word_1_158' title='bbox 800 1412 1006 1448; x_wconf 85' lang='lat' dir='ltr'>attendere</span> <span class='ocrx_word' id='word_1_159' title='bbox 1044 1420 1086 1447; x_wconf 90' lang='lat' dir='ltr'>ut</span> <span class='ocrx_word' id='word_1_160' title='bbox 1120 1411 1216 1447; x_wconf 87' lang='lat' dir='ltr'>illud</span> <span class='ocrx_word' id='word_1_161' title='bbox 1249 1412 1358 1459; x_wconf 89' lang='lat' dir='ltr'>quod</span> <span class='ocrx_word' id='word_1_162' title='bbox 1396 1410 1499 1447; x_wconf 84' lang='lat' dir='ltr'>iurat</span> <span class='ocrx_word' id='word_1_163' title='bbox 1531 1410 1581 1446; x_wconf 93' lang='lat' dir='ltr'>sit</span> 
     </span>
     <span class='ocr_line' id='line_1_26' title="bbox 261 1469 1582 1517; baseline 0 -12"><span class='ocrx_word' id='word_1_164' title='bbox 261 1482 414 1517; x_wconf 91' lang='lat' dir='ltr'>verum,</span> <span class='ocrx_word' id='word_1_165' title='bbox 461 1471 656 1507; x_wconf 89' lang='lat' dir='ltr'>subducta</span> <span class='ocrx_word' id='word_1_166' title='bbox 700 1470 860 1506; x_wconf 87' lang='lat' dir='ltr'>iurandi</span> <span class='ocrx_word' id='word_1_167' title='bbox 904 1469 1076 1515; x_wconf 85' lang='lat' dir='ltr'>fallacia,</span> <span class='ocrx_word' id='word_1_168' title='bbox 1121 1469 1177 1505; x_wconf 89' lang='lat' dir='ltr'>sic</span> <span class='ocrx_word' id='word_1_169' title='bbox 1227 1470 1335 1517; x_wconf 88' lang='lat' dir='ltr'>quod</span> <span class='ocrx_word' id='word_1_170' title='bbox 1380 1481 1453 1517; x_wconf 83' lang='lat' dir='ltr'>pro</span> <span class='ocrx_word' id='word_1_171' title='bbox 1497 1477 1582 1505; x_wconf 90' lang='lat' dir='ltr'>toto</span> 
     </span>
     <span class='ocr_line' id='line_1_27' title="bbox 264 1527 1582 1575; baseline 0 -12"><span class='ocrx_word' id='word_1_172' title='bbox 264 1529 415 1564; x_wconf 91' lang='lat' dir='ltr'>mundo</span> <span class='ocrx_word' id='word_1_173' title='bbox 436 1529 628 1565; x_wconf 84' lang='lat' dir='ltr'>salvando</span> <span class='ocrx_word' id='word_1_174' title='bbox 649 1541 728 1564; x_wconf 91' lang='lat' dir='ltr'>non</span> <span class='ocrx_word' id='word_1_175' title='bbox 750 1528 900 1564; x_wconf 88' lang='lat' dir='ltr'>iuraret</span> <span class='ocrx_word' id='word_1_176' title='bbox 924 1527 1192 1564; x_wconf 84' lang='lat' dir='ltr'>mendacium.</span> <span class='ocrx_word' id='word_1_177' title='bbox 1217 1528 1386 1575; x_wconf 85' lang='lat' dir='ltr'>Oportet</span> <span class='ocrx_word' id='word_1_178' title='bbox 1407 1528 1582 1563; x_wconf 86' lang='lat' dir='ltr'>secundo</span> 
     </span>
     <span class='ocr_line' id='line_1_28' title="bbox 262 1585 1582 1634; baseline -0.001 -13"><span class='ocrx_word' id='word_1_179' title='bbox 262 1587 371 1634; x_wconf 87' lang='lat' dir='ltr'>quod</span> <span class='ocrx_word' id='word_1_180' title='bbox 394 1599 555 1624; x_wconf 86' lang='lat' dir='ltr'>necesse</span> <span class='ocrx_word' id='word_1_181' title='bbox 577 1587 627 1623; x_wconf 89' lang='lat' dir='ltr'>sit</span> <span class='ocrx_word' id='word_1_182' title='bbox 650 1586 920 1622; x_wconf 85' lang='lat' dir='ltr'>iuramentum</span> <span class='ocrx_word' id='word_1_183' title='bbox 953 1585 1205 1622; x_wconf 85' lang='lat' dir='ltr'>committere</span> <span class='ocrx_word' id='word_1_184' title='bbox 1239 1599 1312 1633; x_wconf 87' lang='lat' dir='ltr'>pro</span> <span class='ocrx_word' id='word_1_185' title='bbox 1336 1586 1582 1622; x_wconf 87' lang='lat' dir='ltr'>enucleanda</span> 
     </span>
     <span class='ocr_line' id='line_1_29' title="bbox 262 1643 1582 1692; baseline -0.001 -12"><span class='ocrx_word' id='word_1_186' title='bbox 262 1643 444 1692; x_wconf 87' lang='lat' dir='ltr'>veritate,</span> <span class='ocrx_word' id='word_1_187' title='bbox 482 1645 585 1682; x_wconf 90' lang='lat' dir='ltr'>sicut</span> <span class='ocrx_word' id='word_1_188' title='bbox 625 1644 820 1692; x_wconf 81' lang='lat' dir='ltr'>contingit</span> <span class='ocrx_word' id='word_1_189' title='bbox 860 1643 899 1680; x_wconf 91' lang='lat' dir='ltr'>in</span> <span class='ocrx_word' id='word_1_190' title='bbox 939 1643 1098 1680; x_wconf 89' lang='lat' dir='ltr'>iudiciis</span> <span class='ocrx_word' id='word_1_191' title='bbox 1138 1652 1174 1680; x_wconf 88' lang='lat' dir='ltr'>et</span> <span class='ocrx_word' id='word_1_192' title='bbox 1212 1643 1300 1679; x_wconf 88' lang='lat' dir='ltr'>aliis</span> <span class='ocrx_word' id='word_1_193' title='bbox 1345 1643 1503 1680; x_wconf 86' lang='lat' dir='ltr'>casibus</span> <span class='ocrx_word' id='word_1_194' title='bbox 1542 1643 1582 1679; x_wconf 91' lang='lat' dir='ltr'>in</span> 
     </span>
     <span class='ocr_line' id='line_1_30' title="bbox 264 1701 1580 1750; baseline -0.001 -12"><span class='ocrx_word' id='word_1_195' title='bbox 264 1702 406 1750; x_wconf 90' lang='lat' dir='ltr'>quibus</span> <span class='ocrx_word' id='word_1_196' title='bbox 446 1712 503 1740; x_wconf 88' lang='lat' dir='ltr'>est</span> <span class='ocrx_word' id='word_1_197' title='bbox 542 1702 813 1740; x_wconf 88' lang='lat' dir='ltr'>necessarium</span> <span class='ocrx_word' id='word_1_198' title='bbox 853 1703 947 1738; x_wconf 85' lang='lat' dir='ltr'>dare</span> <span class='ocrx_word' id='word_1_199' title='bbox 988 1702 1107 1738; x_wconf 85' lang='lat' dir='ltr'>fidem</span> <span class='ocrx_word' id='word_1_200' title='bbox 1147 1702 1298 1750; x_wconf 83' lang='lat' dir='ltr'>populo</span> <span class='ocrx_word' id='word_1_201' title='bbox 1340 1701 1580 1738; x_wconf 85' lang='lat' dir='ltr'>iuramento.</span> 
     </span>
    </p>
   </div>
   <div class='ocr_carea' id='block_1_7' title="bbox 231 1759 1578 1809">
    <p class='ocr_par' dir='ltr' id='par_1_7' title="bbox 231 1759 1578 1809">
     <span class='ocr_line' id='line_1_31' title="bbox 231 1759 1578 1809; baseline -0.001 -13"><span class='ocrx_word' id='word_1_202' title='bbox 231 1762 433 1808; x_wconf 70' lang='lat' dir='ltr'>sOportet</span> <span class='ocrx_word' id='word_1_203' title='bbox 472 1761 596 1798; x_wconf 87' lang='lat' dir='ltr'>tercio</span> <span class='ocrx_word' id='word_1_204' title='bbox 636 1762 745 1809; x_wconf 89' lang='lat' dir='ltr'>quod</span> <span class='ocrx_word' id='word_1_205' title='bbox 777 1760 827 1796; x_wconf 90' lang='lat' dir='ltr'>sit</span> <span class='ocrx_word' id='word_1_206' title='bbox 860 1759 1036 1796; x_wconf 86' lang='lat' dir='ltr'>intencio</span> <span class='ocrx_word' id='word_1_207' title='bbox 1071 1760 1188 1803; x_wconf 84' lang='lat' dir='ltr'>iusta,</span> <span class='ocrx_word' id='word_1_208' title='bbox 1229 1768 1272 1796; x_wconf 93' lang='lat' dir='ltr'>ut</span> <span class='ocrx_word' id='word_1_209' title='bbox 1310 1759 1578 1796; x_wconf 88' lang='lat' dir='ltr'>iuramentum</span> 
     </span>
    </p>
   </div>
   <div class='ocr_carea' id='block_1_8' title="bbox 261 1817 1582 2330">
    <p class='ocr_par' dir='ltr' id='par_1_8' title="bbox 261 1817 1582 2040">
     <span class='ocr_line' id='line_1_32' title="bbox 263 1817 1582 1867; baseline -0.002 -12"><span class='ocrx_word' id='word_1_210' title='bbox 263 1818 389 1867; x_wconf 87' lang='lat' dir='ltr'>prosit</span> <span class='ocrx_word' id='word_1_211' title='bbox 421 1819 601 1866; x_wconf 84' lang='lat' dir='ltr'>ecclesie,</span> <span class='ocrx_word' id='word_1_212' title='bbox 641 1819 697 1855; x_wconf 90' lang='lat' dir='ltr'>sic</span> <span class='ocrx_word' id='word_1_213' title='bbox 735 1819 843 1867; x_wconf 83' lang='lat' dir='ltr'>quod</span> <span class='ocrx_word' id='word_1_214' title='bbox 878 1819 1001 1854; x_wconf 89' lang='lat' dir='ltr'>homo</span> <span class='ocrx_word' id='word_1_215' title='bbox 1042 1817 1177 1854; x_wconf 84' lang='lat' dir='ltr'>iurans</span> <span class='ocrx_word' id='word_1_216' title='bbox 1210 1817 1308 1854; x_wconf 87' lang='lat' dir='ltr'>illud</span> <span class='ocrx_word' id='word_1_217' title='bbox 1341 1819 1449 1866; x_wconf 88' lang='lat' dir='ltr'>quod</span> <span class='ocrx_word' id='word_1_218' title='bbox 1486 1817 1582 1854; x_wconf 88' lang='lat' dir='ltr'>dicit</span> 
     </span>
     <span class='ocr_line' id='line_1_33' title="bbox 262 1875 1580 1924; baseline -0.001 -12"><span class='ocrx_word' id='word_1_219' title='bbox 262 1876 335 1913; x_wconf 93' lang='lat' dir='ltr'>scit</span> <span class='ocrx_word' id='word_1_220' title='bbox 369 1889 453 1913; x_wconf 89' lang='lat' dir='ltr'>esse</span> <span class='ocrx_word' id='word_1_221' title='bbox 485 1890 642 1922; x_wconf 64' lang='lat' dir='ltr'>verum,</span> <span class='ocrx_word' id='word_1_222' title='bbox 683 1885 719 1913; x_wconf 94' lang='lat' dir='ltr'>et</span> <span class='ocrx_word' id='word_1_223' title='bbox 752 1876 792 1912; x_wconf 91' lang='lat' dir='ltr'>in</span> <span class='ocrx_word' id='word_1_224' title='bbox 824 1876 988 1922; x_wconf 88' lang='lat' dir='ltr'>iudicio,</span> <span class='ocrx_word' id='word_1_225' title='bbox 1029 1877 1122 1911; x_wconf 92' lang='lat' dir='ltr'>dum</span> <span class='ocrx_word' id='word_1_226' title='bbox 1158 1875 1259 1912; x_wconf 84' lang='lat' dir='ltr'>desit</span> <span class='ocrx_word' id='word_1_227' title='bbox 1292 1875 1357 1924; x_wconf 86' lang='lat' dir='ltr'>pia</span> <span class='ocrx_word' id='word_1_228' title='bbox 1391 1875 1580 1921; x_wconf 85' lang='lat' dir='ltr'>intencio,</span> 
     </span>
     <span class='ocr_line' id='line_1_34' title="bbox 263 1933 1579 1981; baseline -0.001 -10"><span class='ocrx_word' id='word_1_229' title='bbox 263 1944 319 1971; x_wconf 90' lang='lat' dir='ltr'>est</span> <span class='ocrx_word' id='word_1_230' title='bbox 351 1934 619 1972; x_wconf 87' lang='lat' dir='ltr'>iuramentum</span> <span class='ocrx_word' id='word_1_231' title='bbox 655 1934 851 1981; x_wconf 87' lang='lat' dir='ltr'>illicitum,</span> <span class='ocrx_word' id='word_1_232' title='bbox 884 1943 927 1970; x_wconf 90' lang='lat' dir='ltr'>ut</span> <span class='ocrx_word' id='word_1_233' title='bbox 950 1934 981 1970; x_wconf 90' lang='lat' dir='ltr'>si</span> <span class='ocrx_word' id='word_1_234' title='bbox 1009 1933 1111 1970; x_wconf 84' lang='lat' dir='ltr'>iuret</span> <span class='ocrx_word' id='word_1_235' title='bbox 1133 1933 1340 1970; x_wconf 87' lang='lat' dir='ltr'>veritatem</span> <span class='ocrx_word' id='word_1_236' title='bbox 1367 1933 1406 1970; x_wconf 91' lang='lat' dir='ltr'>in</span> <span class='ocrx_word' id='word_1_237' title='bbox 1430 1933 1579 1970; x_wconf 88' lang='lat' dir='ltr'>iudicio</span> 
     </span>
     <span class='ocr_line' id='line_1_35' title="bbox 261 1992 993 2040; baseline 0 -12"><span class='ocrx_word' id='word_1_238' title='bbox 261 1993 347 2029; x_wconf 88' lang='lat' dir='ltr'>zelo</span> <span class='ocrx_word' id='word_1_239' title='bbox 378 1993 607 2030; x_wconf 81' lang='lat' dir='ltr'>vindicandi</span> <span class='ocrx_word' id='word_1_240' title='bbox 642 2005 682 2029; x_wconf 91' lang='lat' dir='ltr'>se</span> <span class='ocrx_word' id='word_1_241' title='bbox 716 1994 763 2028; x_wconf 88' lang='lat' dir='ltr'>de</span> <span class='ocrx_word' id='word_1_242' title='bbox 797 1992 993 2040; x_wconf 80' lang='lat' dir='ltr'>proximo.</span> 
     </span>
    </p>

    <p class='ocr_par' dir='ltr' id='par_1_9' title="bbox 261 2049 1580 2330">
     <span class='ocr_line' id='line_1_36' title="bbox 318 2049 1577 2098; baseline -0.001 -12"><span class='ocrx_word' id='word_1_243' title='bbox 318 2051 464 2088; x_wconf 89' lang='lat' dir='ltr'>Tercio</span> <span class='ocrx_word' id='word_1_244' title='bbox 515 2053 704 2088; x_wconf 89' lang='lat' dir='ltr'>debemus</span> <span class='ocrx_word' id='word_1_245' title='bbox 754 2053 882 2087; x_wconf 89' lang='lat' dir='ltr'>Deum</span> <span class='ocrx_word' id='word_1_246' title='bbox 935 2049 1098 2098; x_wconf 81' lang='lat' dir='ltr'>diligere</span> <span class='ocrx_word' id='word_1_247' title='bbox 1149 2057 1228 2085; x_wconf 84' lang='lat' dir='ltr'>tota</span> <span class='ocrx_word' id='word_1_248' title='bbox 1279 2057 1415 2086; x_wconf 83' lang='lat' dir='ltr'>mente.</span> <span class='ocrx_word' id='word_1_249' title='bbox 1475 2051 1577 2085; x_wconf 87' lang='lat' dir='ltr'>Cum</span> 
     </span>
     <span class='ocr_line' id='line_1_37' title="bbox 262 2108 1577 2157; baseline -0.001 -13"><span class='ocrx_word' id='word_1_250' title='bbox 262 2108 367 2144; x_wconf 88' lang='lat' dir='ltr'>enim</span> <span class='ocrx_word' id='word_1_251' title='bbox 402 2121 513 2146; x_wconf 87' lang='lat' dir='ltr'>mens</span> <span class='ocrx_word' id='word_1_252' title='bbox 545 2109 691 2145; x_wconf 88' lang='lat' dir='ltr'>dicitur</span> <span class='ocrx_word' id='word_1_253' title='bbox 716 2109 810 2157; x_wconf 88' lang='lat' dir='ltr'>quia</span> <span class='ocrx_word' id='word_1_254' title='bbox 840 2108 1034 2153; x_wconf 88' lang='lat' dir='ltr'>meminit,</span> <span class='ocrx_word' id='word_1_255' title='bbox 1068 2116 1425 2156; x_wconf 86' lang='lat' dir='ltr'>quantumcunque</span> <span class='ocrx_word' id='word_1_256' title='bbox 1449 2109 1577 2143; x_wconf 89' lang='lat' dir='ltr'>Deum</span> 
     </span>
     <span class='ocr_line' id='line_1_38' title="bbox 261 2165 1578 2204; baseline -0.001 -2"><span class='ocrx_word' id='word_1_257' title='bbox 261 2166 434 2204; x_wconf 83' lang='lat' dir='ltr'>dilexero</span> <span class='ocrx_word' id='word_1_258' title='bbox 480 2167 685 2204; x_wconf 90' lang='lat' dir='ltr'>intellectu</span> <span class='ocrx_word' id='word_1_259' title='bbox 730 2176 766 2204; x_wconf 91' lang='lat' dir='ltr'>et</span> <span class='ocrx_word' id='word_1_260' title='bbox 811 2166 955 2203; x_wconf 87' lang='lat' dir='ltr'>affectu</span> <span class='ocrx_word' id='word_1_261' title='bbox 994 2165 1070 2202; x_wconf 89' lang='lat' dir='ltr'>nisi</span> <span class='ocrx_word' id='word_1_262' title='bbox 1110 2165 1331 2203; x_wconf 86' lang='lat' dir='ltr'>meminero</span> <span class='ocrx_word' id='word_1_263' title='bbox 1369 2165 1578 2202; x_wconf 83' lang='lat' dir='ltr'>veritatem</span> 
     </span>
     <span class='ocr_line' id='line_1_39' title="bbox 261 2223 1580 2272; baseline -0.002 -11"><span class='ocrx_word' id='word_1_264' title='bbox 261 2225 562 2272; x_wconf 78' lang='lat' dir='ltr'>perseverancie</span> <span class='ocrx_word' id='word_1_265' title='bbox 612 2227 836 2270; x_wconf 79' lang='lat' dir='ltr'>observare,</span> <span class='ocrx_word' id='word_1_266' title='bbox 887 2223 1066 2261; x_wconf 88' lang='lat' dir='ltr'>binarius</span> <span class='ocrx_word' id='word_1_267' title='bbox 1116 2225 1335 2272; x_wconf 87' lang='lat' dir='ltr'>precedens</span> <span class='ocrx_word' id='word_1_268' title='bbox 1380 2232 1437 2260; x_wconf 89' lang='lat' dir='ltr'>est</span> <span class='ocrx_word' id='word_1_269' title='bbox 1482 2223 1580 2259; x_wconf 88' lang='lat' dir='ltr'>mihi</span> 
     </span>
     <span class='ocr_line' id='line_1_40' title="bbox 262 2282 1580 2330; baseline 0 -12"><span class='ocrx_word' id='word_1_270' title='bbox 262 2282 413 2320; x_wconf 88' lang='lat' dir='ltr'>inutilis</span> <span class='ocrx_word' id='word_1_271' title='bbox 445 2285 495 2320; x_wconf 89' lang='lat' dir='ltr'>ad</span> <span class='ocrx_word' id='word_1_272' title='bbox 528 2284 714 2320; x_wconf 88' lang='lat' dir='ltr'>salutem.</span> <span class='ocrx_word' id='word_1_273' title='bbox 759 2282 937 2319; x_wconf 86' lang='lat' dir='ltr'>Trinitas</span> <span class='ocrx_word' id='word_1_274' title='bbox 970 2283 1106 2330; x_wconf 90' lang='lat' dir='ltr'>itaque</span> <span class='ocrx_word' id='word_1_275' title='bbox 1139 2282 1253 2330; x_wconf 89' lang='lat' dir='ltr'>ponit</span> <span class='ocrx_word' id='word_1_276' title='bbox 1286 2282 1422 2319; x_wconf 85' lang='lat' dir='ltr'>onmia</span> <span class='ocrx_word' id='word_1_277' title='bbox 1456 2294 1580 2330; x_wconf 89' lang='lat' dir='ltr'>opera</span> 
     </span>
    </p>
   </div>
   <div class='ocr_carea' id='block_1_9' title="bbox 205 2340 1581 2389">
    <p class='ocr_par' dir='ltr' id='par_1_10' title="bbox 205 2340 1581 2389">
     <span class='ocr_line' id='line_1_41' title="bbox 205 2340 1581 2389; baseline -0.001 -12"><span class='ocrx_word' id='word_1_278' title='bbox 205 2345 237 2377; x_wconf 74' lang='lat'>1‘.</span> <span class='ocrx_word' id='word_1_279' title='bbox 262 2341 468 2378; x_wconf 87' lang='lat' dir='ltr'>meritoria</span> <span class='ocrx_word' id='word_1_280' title='bbox 512 2341 685 2378; x_wconf 88' lang='lat' dir='ltr'>hominis</span> <span class='ocrx_word' id='word_1_281' title='bbox 723 2353 842 2389; x_wconf 88' lang='lat' dir='ltr'>super</span> <span class='ocrx_word' id='word_1_282' title='bbox 880 2340 970 2387; x_wconf 87' lang='lat' dir='ltr'>tria,</span> <span class='ocrx_word' id='word_1_283' title='bbox 1015 2353 1187 2389; x_wconf 87' lang='lat' dir='ltr'>quorum</span> <span class='ocrx_word' id='word_1_284' title='bbox 1227 2340 1396 2377; x_wconf 88' lang='lat' dir='ltr'>tercium</span> <span class='ocrx_word' id='word_1_285' title='bbox 1443 2349 1501 2376; x_wconf 90' lang='lat' dir='ltr'>est</span> <span class='ocrx_word' id='word_1_286' title='bbox 1538 2349 1581 2376; x_wconf 93' lang='lat' dir='ltr'>ut</span> 
     </span>
    </p>
   </div>
   <div class='ocr_carea' id='block_1_10' title="bbox 261 2397 1579 2678">
    <p class='ocr_par' dir='ltr' id='par_1_11' title="bbox 261 2397 1579 2678">
     <span class='ocr_line' id='line_1_42' title="bbox 262 2397 1579 2447; baseline -0.001 -13"><span class='ocrx_word' id='word_1_287' title='bbox 262 2397 474 2447; x_wconf 84' lang='lat' dir='ltr'>diligamus</span> <span class='ocrx_word' id='word_1_288' title='bbox 507 2401 634 2436; x_wconf 90' lang='lat' dir='ltr'>Deum</span> <span class='ocrx_word' id='word_1_289' title='bbox 670 2407 748 2436; x_wconf 78' lang='lat' dir='ltr'>tota</span> <span class='ocrx_word' id='word_1_290' title='bbox 782 2406 917 2442; x_wconf 83' lang='lat' dir='ltr'>mente,</span> <span class='ocrx_word' id='word_1_291' title='bbox 951 2399 1026 2435; x_wconf 88' lang='lat' dir='ltr'>hoc</span> <span class='ocrx_word' id='word_1_292' title='bbox 1071 2407 1142 2445; x_wconf 88' lang='lat' dir='ltr'>est,</span> <span class='ocrx_word' id='word_1_293' title='bbox 1187 2407 1230 2434; x_wconf 86' lang='lat' dir='ltr'>ut</span> <span class='ocrx_word' id='word_1_294' title='bbox 1277 2397 1579 2434; x_wconf 88' lang='lat' dir='ltr'>meminerimus</span> 
     </span>
     <span class='ocr_line' id='line_1_43' title="bbox 262 2455 1577 2505; baseline 0 -13"><span class='ocrx_word' id='word_1_295' title='bbox 262 2457 519 2494; x_wconf 88' lang='lat' dir='ltr'>solummodo</span> <span class='ocrx_word' id='word_1_296' title='bbox 552 2457 623 2494; x_wconf 90' lang='lat' dir='ltr'>Dei</span> <span class='ocrx_word' id='word_1_297' title='bbox 657 2456 796 2503; x_wconf 85' lang='lat' dir='ltr'>nostri,</span> <span class='ocrx_word' id='word_1_298' title='bbox 830 2457 890 2493; x_wconf 91' lang='lat' dir='ltr'>vel</span> <span class='ocrx_word' id='word_1_299' title='bbox 913 2456 1105 2505; x_wconf 83' lang='lat' dir='ltr'>quicquid</span> <span class='ocrx_word' id='word_1_300' title='bbox 1129 2455 1237 2492; x_wconf 86' lang='lat' dir='ltr'>aliud</span> <span class='ocrx_word' id='word_1_301' title='bbox 1263 2456 1577 2502; x_wconf 85' lang='lat' dir='ltr'>meminerimus,</span> 
     </span>
     <span class='ocr_line' id='line_1_44' title="bbox 263 2513 1577 2563; baseline -0.001 -13"><span class='ocrx_word' id='word_1_302' title='bbox 263 2515 337 2551; x_wconf 90' lang='lat' dir='ltr'>hoc</span> <span class='ocrx_word' id='word_1_303' title='bbox 361 2515 569 2552; x_wconf 87' lang='lat' dir='ltr'>ordinetur</span> <span class='ocrx_word' id='word_1_304' title='bbox 592 2515 766 2551; x_wconf 89' lang='lat' dir='ltr'>finaliter</span> <span class='ocrx_word' id='word_1_305' title='bbox 788 2514 924 2563; x_wconf 80' lang='lat' dir='ltr'>gracia</span> <span class='ocrx_word' id='word_1_306' title='bbox 948 2514 1020 2550; x_wconf 83' lang='lat' dir='ltr'>Dei</span> <span class='ocrx_word' id='word_1_307' title='bbox 1049 2513 1325 2562; x_wconf 86' lang='lat' dir='ltr'>principaliter</span> <span class='ocrx_word' id='word_1_308' title='bbox 1349 2514 1577 2562; x_wconf 79' lang='lat' dir='ltr'>cogitando.</span> 
     </span>
     <span class='ocr_line' id='line_1_45' title="bbox 261 2572 1578 2621; baseline -0.001 -12"><span class='ocrx_word' id='word_1_309' title='bbox 261 2574 409 2609; x_wconf 88' lang='lat' dir='ltr'>Totum</span> <span class='ocrx_word' id='word_1_310' title='bbox 455 2585 549 2621; x_wconf 83' lang='lat' dir='ltr'>ergo</span> <span class='ocrx_word' id='word_1_311' title='bbox 593 2573 799 2621; x_wconf 82' lang='lat' dir='ltr'>ingenium</span> <span class='ocrx_word' id='word_1_312' title='bbox 844 2581 1041 2618; x_wconf 90' lang='lat' dir='ltr'>nostrum,</span> <span class='ocrx_word' id='word_1_313' title='bbox 1086 2581 1171 2608; x_wconf 86' lang='lat' dir='ltr'>tota</span> <span class='ocrx_word' id='word_1_314' title='bbox 1216 2572 1380 2609; x_wconf 85' lang='lat' dir='ltr'>affeccio</span> <span class='ocrx_word' id='word_1_315' title='bbox 1419 2581 1455 2608; x_wconf 90' lang='lat' dir='ltr'>et</span> <span class='ocrx_word' id='word_1_316' title='bbox 1494 2580 1578 2608; x_wconf 87' lang='lat' dir='ltr'>tota</span> 
     </span>
     <span class='ocr_line' id='line_1_46' title="bbox 263 2629 1578 2678; baseline 0 -12"><span class='ocrx_word' id='word_1_317' title='bbox 263 2630 459 2668; x_wconf 88' lang='lat' dir='ltr'>memoria</span> <span class='ocrx_word' id='word_1_318' title='bbox 481 2640 616 2667; x_wconf 86' lang='lat' dir='ltr'>nostra</span> <span class='ocrx_word' id='word_1_319' title='bbox 633 2632 748 2667; x_wconf 89' lang='lat' dir='ltr'>debet</span> <span class='ocrx_word' id='word_1_320' title='bbox 772 2643 845 2667; x_wconf 89' lang='lat' dir='ltr'>suo</span> <span class='ocrx_word' id='word_1_321' title='bbox 870 2630 992 2667; x_wconf 89' lang='lat' dir='ltr'>cultui</span> <span class='ocrx_word' id='word_1_322' title='bbox 1018 2629 1239 2678; x_wconf 87' lang='lat' dir='ltr'>mancipari</span> <span class='ocrx_word' id='word_1_323' title='bbox 1260 2630 1321 2667; x_wconf 83' lang='lat' dir='ltr'>vel</span> <span class='ocrx_word' id='word_1_324' title='bbox 1344 2629 1578 2667; x_wconf 84' lang='lat' dir='ltr'>immediate</span> 
     </span>
    </p>
   </div>
   <div class='ocr_carea' id='block_1_11' title="bbox 260 2752 1578 2927">
    <p class='ocr_par' dir='ltr' id='par_1_12' title="bbox 260 2752 1578 2927">
     <span class='ocr_line' id='line_1_47' title="bbox 330 2752 1576 2788; baseline -0.002 -7"><span class='ocrx_word' id='word_1_325' title='bbox 330 2762 354 2781; x_wconf 79' lang='lat'>2.</span> <span class='ocrx_word' id='word_1_326' title='bbox 372 2753 414 2781; x_wconf 86' lang='lat' dir='ltr'>l):</span> <span class='ocrx_word' id='word_1_327' title='bbox 437 2757 464 2781; x_wconf 83' lang='lat' dir='ltr'>et</span> <span class='ocrx_word' id='word_1_328' title='bbox 485 2753 578 2780; x_wconf 81' lang='lat' dir='ltr'>deest.</span> <span class='ocrx_word' id='word_1_329' title='bbox 635 2752 658 2780; x_wconf 75' lang='lat'>3.</span> <span class='ocrx_word' id='word_1_330' title='bbox 675 2753 717 2781; x_wconf 86' lang='lat' dir='ltr'>D:</span> <span class='ocrx_word' id='word_1_331' title='bbox 740 2754 927 2781; x_wconf 67' lang='lat' dir='ltr'>duceremus.</span> <span class='ocrx_word' id='word_1_332' title='bbox 984 2762 1012 2786; x_wconf 63' lang='lat'>4.</span> <span class='ocrx_word' id='word_1_333' title='bbox 1030 2754 1072 2781; x_wconf 91' lang='lat' dir='ltr'>A:</span> <span class='ocrx_word' id='word_1_334' title='bbox 1095 2753 1305 2788; x_wconf 57' lang='lat' dir='ltr'>affluenciam.</span> <span class='ocrx_word' id='word_1_335' title='bbox 1363 2761 1396 2781; x_wconf 86' lang='lat'>11.</span> <span class='ocrx_word' id='word_1_336' title='bbox 1419 2753 1460 2780; x_wconf 71' lang='lat' dir='ltr'>b:</span> <span class='ocrx_word' id='word_1_337' title='bbox 1483 2753 1576 2780; x_wconf 81' lang='lat' dir='ltr'>illum.</span> 
     </span>
     <span class='ocr_line' id='line_1_48' title="bbox 262 2787 1578 2823; baseline -0.002 -7"><span class='ocrx_word' id='word_1_338' title='bbox 262 2798 303 2822; x_wconf 63' lang='lat'>14,</span> <span class='ocrx_word' id='word_1_339' title='bbox 321 2789 358 2816; x_wconf 77' lang='grc'>[5.</span> <span class='ocrx_word' id='word_1_340' title='bbox 373 2789 416 2816; x_wconf 84' lang='lat' dir='ltr'>A:</span> <span class='ocrx_word' id='word_1_341' title='bbox 439 2788 610 2816; x_wconf 80' lang='lat' dir='ltr'>Secundum</span> <span class='ocrx_word' id='word_1_342' title='bbox 624 2804 656 2807; x_wconf 88' lang='lat'>—</span> <span class='ocrx_word' id='word_1_343' title='bbox 669 2789 729 2815; x_wconf 85' lang='lat' dir='ltr'>sibi</span> <span class='ocrx_word' id='word_1_344' title='bbox 746 2790 841 2816; x_wconf 83' lang='lat' dir='ltr'>deest.</span> <span class='ocrx_word' id='word_1_345' title='bbox 911 2797 952 2823; x_wconf 63' lang='grc' dir='ltr'>μ).</span> <span class='ocrx_word' id='word_1_346' title='bbox 968 2790 1013 2816; x_wconf 89' lang='lat' dir='ltr'>A:</span> <span class='ocrx_word' id='word_1_347' title='bbox 1035 2787 1118 2823; x_wconf 66' lang='lat' dir='ltr'>quoti</span> <span class='ocrx_word' id='word_1_348' title='bbox 1130 2788 1208 2815; x_wconf 75' lang='lat' dir='ltr'>illuct</span> <span class='ocrx_word' id='word_1_349' title='bbox 1220 2788 1313 2822; x_wconf 81' lang='lat' dir='ltr'>quod.</span> <span class='ocrx_word' id='word_1_350' title='bbox 1382 2787 1424 2815; x_wconf 76' lang='lat'>23.</span> <span class='ocrx_word' id='word_1_351' title='bbox 1441 2788 1482 2815; x_wconf 89' lang='lat' dir='ltr'>D:</span> <span class='ocrx_word' id='word_1_352' title='bbox 1505 2787 1578 2814; x_wconf 63' lang='lat' dir='ltr'>aliis·</span> 
     </span>
     <span class='ocr_line' id='line_1_49' title="bbox 260 2823 1575 2858; baseline -0.002 -8"><span class='ocrx_word' id='word_1_353' title='bbox 260 2833 283 2850; x_wconf 79' lang='lat' dir='ltr'>s.</span> <span class='ocrx_word' id='word_1_354' title='bbox 300 2824 427 2850; x_wconf 74' lang='lat' dir='ltr'>casibus.</span> <span class='ocrx_word' id='word_1_355' title='bbox 489 2823 535 2850; x_wconf 77' lang='lat'>26.</span> <span class='ocrx_word' id='word_1_356' title='bbox 551 2825 595 2850; x_wconf 77' lang='lat' dir='ltr'>A:</span> <span class='ocrx_word' id='word_1_357' title='bbox 617 2823 693 2850; x_wconf 76' lang='lat' dir='ltr'>dicit</span> <span class='ocrx_word' id='word_1_358' title='bbox 711 2823 805 2850; x_wconf 88' lang='lat' dir='ltr'>deest.</span> <span class='ocrx_word' id='word_1_359' title='bbox 868 2823 914 2853; x_wconf 79' lang='lat'>26,</span> <span class='ocrx_word' id='word_1_360' title='bbox 932 2831 975 2857; x_wconf 79' lang='lat'>27.</span> <span class='ocrx_word' id='word_1_361' title='bbox 993 2823 1035 2850; x_wconf 84' lang='lat' dir='ltr'>G:</span> <span class='ocrx_word' id='word_1_362' title='bbox 1058 2824 1132 2850; x_wconf 68' lang='lat' dir='ltr'>dicit</span> <span class='ocrx_word' id='word_1_363' title='bbox 1145 2823 1199 2849; x_wconf 86' lang='lat' dir='ltr'>sic.</span> <span class='ocrx_word' id='word_1_364' title='bbox 1261 2830 1305 2858; x_wconf 83' lang='lat'>27.</span> <span class='ocrx_word' id='word_1_365' title='bbox 1326 2823 1401 2850; x_wconf 85' lang='lat' dir='ltr'>DG:</span> <span class='ocrx_word' id='word_1_366' title='bbox 1423 2823 1519 2849; x_wconf 76' lang='lat' dir='ltr'>eciam</span> <span class='ocrx_word' id='word_1_367' title='bbox 1535 2823 1575 2849; x_wconf 82' lang='lat' dir='ltr'>in.</span> 
     </span>
     <span class='ocr_line' id='line_1_50' title="bbox 261 2857 1576 2892; baseline -0.003 -6"><span class='ocrx_word' id='word_1_368' title='bbox 261 2858 306 2886; x_wconf 74' lang='lat'>36.</span> <span class='ocrx_word' id='word_1_369' title='bbox 320 2859 366 2886; x_wconf 80' lang='lat' dir='ltr'>A:</span> <span class='ocrx_word' id='word_1_370' title='bbox 388 2861 420 2885; x_wconf 85' lang='lat' dir='ltr'>ut</span> <span class='ocrx_word' id='word_1_371' title='bbox 439 2858 534 2885; x_wconf 69' lang='lat' dir='ltr'>deest.</span> <span class='ocrx_word' id='word_1_372' title='bbox 597 2857 641 2892; x_wconf 78' lang='lat'>37.</span> <span class='ocrx_word' id='word_1_373' title='bbox 656 2858 729 2886; x_wconf 88' lang='lat' dir='ltr'>DG:</span> <span class='ocrx_word' id='word_1_374' title='bbox 749 2858 938 2885; x_wconf 69' lang='lat' dir='ltr'>solummodo</span> <span class='ocrx_word' id='word_1_375' title='bbox 954 2874 981 2876; x_wconf 81' lang='lat'><strong>—</strong></span> <span class='ocrx_word' id='word_1_376' title='bbox 999 2858 1225 2885; x_wconf 67' lang='lat' dir='ltr'>meminerimus</span> <span class='ocrx_word' id='word_1_377' title='bbox 1239 2857 1334 2885; x_wconf 84' lang='lat' dir='ltr'>deest.</span> <span class='ocrx_word' id='word_1_378' title='bbox 1397 2857 1441 2885; x_wconf 61' lang='lat'>3⁸.</span> <span class='ocrx_word' id='word_1_379' title='bbox 1460 2857 1503 2883; x_wconf 82' lang='lat' dir='ltr'>G:</span> <span class='ocrx_word' id='word_1_380' title='bbox 1527 2865 1576 2883; x_wconf 87' lang='lat' dir='ltr'>or-</span> 
     </span>
     <span class='ocr_line' id='line_1_51' title="bbox 261 2892 1021 2927; baseline 0 -8"><span class='ocrx_word' id='word_1_381' title='bbox 261 2893 352 2921; x_wconf 73' lang='lat' dir='ltr'>dine:</span> <span class='ocrx_word' id='word_1_382' title='bbox 371 2893 411 2920; x_wconf 78' lang='lat' dir='ltr'>ib.</span> <span class='ocrx_word' id='word_1_383' title='bbox 434 2892 505 2919; x_wconf 64' lang='lat' dir='ltr'>HG:</span> <span class='ocrx_word' id='word_1_384' title='bbox 527 2893 705 2927; x_wconf 60' lang='lat' dir='ltr'>cogitando.</span> <span class='ocrx_word' id='word_1_385' title='bbox 780 2892 824 2927; x_wconf 74' lang='lat'>30.</span> <span class='ocrx_word' id='word_1_386' title='bbox 848 2893 890 2919; x_wconf 74' lang='lat' dir='ltr'>D:</span> <span class='ocrx_word' id='word_1_387' title='bbox 912 2893 1021 2927; x_wconf 69' lang='lat' dir='ltr'>igilur.</span> 
     </span>
    </p>
   </div>
   <div class='ocr_carea' id='block_1_12' title="bbox 1395 2951 1435 2982">
    <p class='ocr_par' dir='ltr' id='par_1_13' title="bbox 1395 2951 1435 2982">
     <span class='ocr_line' id='line_1_52' title="bbox 1395 2951 1435 2982; baseline 0 0"><span class='ocrx_word' id='word_1_388' title='bbox 1395 2951 1435 2982; x_wconf 82' lang='lat'>27</span> 
     </span>
    </p>
   </div>
   <div class='ocr_carea' id='block_1_13' title="bbox 1783 267 1864 302">
    <p class='ocr_par' dir='ltr' id='par_1_14' title="bbox 1783 267 1864 302">
     <span class='ocr_line' id='line_1_53' title="bbox 1783 267 1864 302; baseline 0.012 -1"><span class='ocrx_word' id='word_1_389' title='bbox 1783 267 1864 302; x_wconf 82' lang='lat'>4¹7</span> 
     </span>
    </p>
   </div>
   <div class='ocr_carea' id='block_1_14' title="bbox 1617 1357 1855 1464">
    <p class='ocr_par' dir='ltr' id='par_1_15' title="bbox 1617 1357 1855 1464">
     <span class='ocr_line' id='line_1_54' title="bbox 1617 1357 1855 1386; baseline 0.008 -2"><span class='ocrx_word' id='word_1_390' title='bbox 1617 1357 1802 1385; x_wconf 84' lang='lat' dir='ltr'>Conditions</span> <span class='ocrx_word' id='word_1_391' title='bbox 1822 1360 1855 1386; x_wconf 83' lang='lat' dir='ltr'>of</span> 
     </span>
     <span class='ocr_line' id='line_1_55' title="bbox 1653 1393 1810 1433; baseline 0.013 -14"><span class='ocrx_word' id='word_1_392' title='bbox 1653 1393 1810 1433; x_wconf 79' lang='lat' dir='ltr'>rigbteous</span> 
     </span>
     <span class='ocr_line' id='line_1_56' title="bbox 1655 1437 1817 1464; baseline 0 -9"><span class='ocrx_word' id='word_1_393' title='bbox 1655 1437 1817 1464; x_wconf 78' lang='lat' dir='ltr'>swearing.</span> 
     </span>
    </p>
   </div>
   <div class='ocr_carea' id='block_1_15' title="bbox 1604 2053 1889 2195">
    <p class='ocr_par' dir='ltr' id='par_1_16' title="bbox 1604 2053 1889 2195">
     <span class='ocr_line' id='line_1_57' title="bbox 1628 2053 1889 2083; baseline 0.008 -2"><span class='ocrx_word' id='word_1_394' title='bbox 1628 2053 1652 2081; x_wconf 80' lang='lat'>3.</span> <span class='ocrx_word' id='word_1_395' title='bbox 1675 2053 1733 2082; x_wconf 78' lang='lat' dir='ltr'>We</span> <span class='ocrx_word' id='word_1_396' title='bbox 1754 2060 1836 2083; x_wconf 84' lang='lat' dir='ltr'>must</span> <span class='ocrx_word' id='word_1_397' title='bbox 1886 2069 1889 2071; x_wconf 94' lang='lat'>·</span> 
     </span>
     <span class='ocr_line' id='line_1_58' title="bbox 1604 2090 1860 2118; baseline 0 -1"><span class='ocrx_word' id='word_1_398' title='bbox 1604 2090 1672 2117; x_wconf 72' lang='lat' dir='ltr'>love</span> <span class='ocrx_word' id='word_1_399' title='bbox 1694 2090 1763 2117; x_wconf 87' lang='lat' dir='ltr'>God</span> <span class='ocrx_word' id='word_1_400' title='bbox 1786 2091 1860 2118; x_wconf 76' lang='lat' dir='ltr'>with</span> 
     </span>
     <span class='ocr_line' id='line_1_59' title="bbox 1611 2125 1843 2152; baseline 0.004 -1"><span class='ocrx_word' id='word_1_401' title='bbox 1611 2125 1647 2152; x_wconf 88' lang='lat' dir='ltr'>all</span> <span class='ocrx_word' id='word_1_402' title='bbox 1669 2133 1726 2152; x_wconf 86' lang='lat' dir='ltr'>our</span> <span class='ocrx_word' id='word_1_403' title='bbox 1748 2125 1843 2152; x_wconf 82' lang='lat' dir='ltr'>mind.</span> 
     </span>
     <span class='ocr_line' id='line_1_60' title="bbox 1623 2160 1844 2195; baseline 0 -8"><span class='ocrx_word' id='word_1_404' title='bbox 1623 2160 1701 2187; x_wconf 84' lang='lat' dir='ltr'>Tbis</span> <span class='ocrx_word' id='word_1_405' title='bbox 1721 2160 1844 2195; x_wconf 83' lang='lat' dir='ltr'>implies</span> 
     </span>
    </p>
   </div>
   <div class='ocr_carea' id='block_1_16' title="bbox 1595 2195 1867 2229">
    <p class='ocr_par' dir='ltr' id='par_1_17' title="bbox 1595 2195 1867 2229">
     <span class='ocr_line' id='line_1_61' title="bbox 1595 2195 1867 2229; baseline 0.004 -8"><span class='ocrx_word' id='word_1_406' title='bbox 1595 2202 1815 2229; x_wconf 68' lang='lat' dir='ltr'>perseverance</span> <span class='ocrx_word' id='word_1_407' title='bbox 1838 2195 1867 2222; x_wconf 84' lang='lat' dir='ltr'>in</span> 
     </span>
    </p>
   </div>
   <div class='ocr_carea' id='block_1_17' title="bbox 1613 2230 1856 2263">
    <p class='ocr_par' dir='ltr' id='par_1_18' title="bbox 1613 2230 1856 2263">
     <span class='ocr_line' id='line_1_62' title="bbox 1613 2230 1856 2263; baseline 0.008 -8"><span class='ocrx_word' id='word_1_408' title='bbox 1613 2230 1856 2263; x_wconf 67' lang='lat' dir='ltr'>righteousness.</span> 
     </span>
    </p>
   </div>
  </div>
 </body>
</html>
