2062 3276
212 599 394 634 Exposition
417 601 450 628 os

230 635 280 662 the
301 635 433 670 parablc.

783 247 1004 280 JOHANNIS
1023 248 1208 280 WYCLIF
1228 250 1485 283 SERMONUM
1561 237 1713 295 [SERMO
1734 250 1797 278 LV.

990 388 1185 428 SERMO
1218 389 1303 430 LV.

544 480 677 517 Simile
708 488 763 517 est
795 493 960 532 regnum
994 483 1165 519 celorum
1200 484 1289 534 regi
1318 484 1383 532 qui
1400 484 1503 533 fecit
1531 486 1689 535 nupcias
1708 487 1798 537 filio

484 551 566 574 suo.
600 538 767 575 Matthei
800 541 939 586 XX110‚
975 551 1011 577 2.

543 597 709 633 Constat
753 609 796 634 ex
843 610 959 634 sensu
1003 598 1147 635 literali
1195 599 1312 635 huius
1357 600 1550 648 evangelii
1594 604 1799 650 quomodo

484 654 640 702 quidam
679 667 754 692 rex·
791 664 975 693 terrenus
1009 657 1110 706 fecit
1155 658 1313 706 nupcias
1341 658 1432 708 filio
1469 671 1537 694 suo
1576 667 1611 696 et
1650 661 1799 696 vocavit

485 712 595 760 prius
617 713 797 750 invitatos
814 715 865 749 ad
882 715 1039 764 nupcias
1061 715 1125 763 qui
1145 716 1351 752 noluerunt
1373 717 1502 753 venire
1522 716 1798 755 inobedientes

484 769 524 806 in
556 770 704 807 animo.
740 773 925 808 Secundo
959 773 1059 808 dixit
1089 773 1175 809 aliis
1207 775 1332 810 servis
1369 776 1559 823 quomodo
1586 777 1797 825 prandium

484 838 566 864 tam
606 841 787 876 grossum
829 842 950 877 quam
991 830 1122 866 nobile
1161 838 1216 867 est
1249 839 1448 881 paratum,
1486 840 1521 869 et
1553 834 1612 870 illi
1641 834 1798 882 gravius

483 887 756 936 neglexerunt,
790 886 844 923 hii
877 897 1042 936 propter
1072 889 1350 936 yconomicam
1384 890 1708 939 sollicitudinem,
1742 892 1798 928 illi

484 953 648 992 propter
681 945 974 982 mercacionem
1010 959 1121 983 suam
1148 955 1185 983 et
1208 946 1264 983 illi
1288 947 1539 985 inurbaniter
1566 949 1607 985 in
1631 950 1798 987 nuncios

484 1002 701 1039 irruerunt.
735 1005 783 1040 Et
814 1004 870 1041 sic
902 1004 1041 1041 occidit
1063 1005 1276 1041 homicidas
1304 1006 1391 1042 illos
1414 1019 1499 1042 cum
1527 1019 1596 1043 suo
1625 1009 1797 1044 exercitu

482 1068 517 1097 et
548 1061 743 1097 succendit
774 1062 964 1098 civitatem
998 1075 1142 1099 eorum.
1180 1065 1227 1099 Et
1256 1064 1389 1100 vocari
1425 1063 1516 1101 fecit
1553 1067 1602 1101 ad
1632 1066 1798 1114 nupcias

482 1118 591 1166 prius
644 1132 724 1155 non
776 1119 964 1157 invitatos
1017 1134 1143 1169 usque
1195 1123 1244 1157 ad
1304 1122 1595 1169 plenitudinem
1655 1125 1798 1160 domus

482 1176 723 1225 nupciarum
758 1187 794 1214 et
828 1179 990 1214 demum
1025 1179 1175 1215 intrans
1214 1180 1378 1216 domum
1414 1181 1583 1218 convivii
1617 1183 1667 1218 ad
1701 1182 1798 1219 hila-

482 1236 653 1271 randum
688 1235 874 1273 convivas
908 1237 1218 1285 condempnavit
1243 1251 1366 1274 unum
1391 1247 1573 1276 extranee
1595 1239 1797 1277 vestitum.

482 1295 559 1329 Ista
598 1293 669 1329 fuit
709 1294 895 1331 narracio
935 1295 991 1331 rei
1030 1304 1150 1342 geste,
1196 1309 1285 1332 cum
1319 1296 1474 1333 Veritas
1513 1310 1593 1334 non
1628 1297 1799 1346 indiguit

482 1351 712 1388 mendicare
753 1353 963 1390 mendacia
1003 1354 1053 1389 ad
1092 1353 1371 1390 instruendum
1412 1355 1621 1392 ecclesiam
1661 1365 1698 1392 et
1731 1358 1798 1393 dat

481 1410 640 1456 plenam
664 1409 977 1447 instruccionem
1003 1413 1050 1448 de
1068 1424 1186 1448 cursu
1211 1412 1375 1448 ecclesie
1396 1415 1615 1449 secundum
1640 1423 1796 1462 tempus

480 1467 635 1516 antiqui
679 1469 923 1515 testamenti,
970 1471 1191 1506 secundum
1240 1479 1399 1518 tempus
1442 1471 1576 1508 viandi
1616 1471 1656 1508 in
1693 1485 1797 1509 novo

480 1534 721 1563 testamento
741 1535 777 1563 et
801 1529 1021 1564 secundum
1038 1536 1194 1576 tempus
1219 1528 1497 1575 beatitudini83
1516 1542 1609 1566 nam
1629 1543 1795 1578 regnum

482 1583 659 1620 celorum
706 1593 763 1621 est
815 1597 880 1621 rex
930 1597 1081 1634 regum,
1129 1588 1235 1622 Deus
1285 1595 1402 1634 pater
1452 1596 1488 1623 et
1545 1581 1650 1624 filius
1701 1601 1796 1624 suus

480 1643 700 1677 secundum
761 1642 963 1691 duplicem
1022 1652 1207 1680 naturam
1268 1653 1305 1680 et
1365 1644 1447 1681 eius
1500 1647 1680 1682 membra
1733 1646 1795 1682 eui

480 1700 581 1736 facte
614 1709 705 1736 sunt
737 1700 882 1749 nupcie
915 1701 1108 1749 dupliceS,
1149 1702 1279 1749 prima
1316 1702 1356 1738 in
1388 1703 1537 1740 unione
1569 1704 1796 1752 ypostatica

479 1757 698 1794 divinitatis
721 1760 771 1795 ad
794 1758 1088 1796 humanitatem
1112 1759 1152 1795 in
1176 1768 1289 1796 utero
1311 1760 1505 1808 virginali.
1540 1763 1589 1798 Et
1616 1761 1796 1799 invitavit

478 1817 669 1862 Hebreos,
704 1825 747 1852 ut
780 1826 1041 1864 pascerentur
1078 1817 1339 1866 spiritualiter
1377 1831 1447 1867 per
1480 1819 1598 1856 fidem
1633 1820 1794 1867 Christi,

477 1873 569 1921 quia
610 1873 736 1910 iustus
774 1874 870 1911 vivit
909 1887 952 1911 ex
997 1875 1081 1912 istis
1125 1876 1295 1924 nupciis.
1350 1876 1583 1914 patriarche
1620 1890 1714 1914 vero
1752 1887 1795 1914 ut

476 1932 693 1975 Abraham,
728 1935 838 1969 Isaac
871 1942 908 1970 et
939 1935 1060 1970 Jacob
1094 1933 1362 1971 invitaverunt
1401 1935 1498 1971 alios
1532 1944 1569 1971 et
1601 1945 1794 1972 venerunt

476 1989 549 2037 ipsi
590 1999 730 2038 parate
769 1992 819 2027 ad
858 1991 951 2028 istas
983 1991 1165 2040 nupcias,
1204 1992 1299 2040 quia
1330 1994 1417 2029 Joh.
1449 1994 1571 2041 V1110‚
1609 1995 1657 2030 56
1699 1994 1794 2030 dicit

476 2047 676 2084 Christus:
710 2049 909 2085 Abraham
937 2057 1055 2099 pater
1077 2058 1202 2086 vester
1224 2051 1427 2097 exultavit,
1461 2059 1501 2087 ut
1524 2052 1670 2088 videret
1693 2053 1791 2088 diem

476 2118 613 2149 meum,
639 2107 732 2142 vidit
754 2114 789 2143 et
809 2107 972 2157 gavisus
995 2116 1071 2152 est;
1102 2118 1138 2144 et
1161 2108 1216 2145 sic
1240 2108 1406 2156 intelligi
1436 2110 1553 2145 debet
1580 2111 1627 2146 de
1651 2110 1792 2146 ceteris
1809 2140 1818 2144 -

474 2163 541 2211 qui
576 2164 747 2200 fideliter
780 2166 1047 2201 hortabantur
1080 2165 1179 2203 alios
1220 2168 1268 2203 ad
1309 2168 1569 2203 credendum.
1624 2168 1701 2204 Sed
1733 2168 1790 2204 illi

474 2230 655 2270 tempore
687 2221 783 2269 legi-s
816 2231 958 2259 nature
980 2224 1197 2260 noluerunt
1220 2224 1374 2270 venire;
1408 2226 1585 2261 secundo
1609 2234 1790 2273 tempore

474 2278 570 2327 legis
600 2281 689 2316 date
723 2279 829 2316 misit
852 2293 985 2317 servos
1019 2294 1112 2318 suos
1146 2283 1374 2330 prophetas.
1412 2282 1490 2328 Qui
1524 2283 1694 2320 nuncios
1718 2283 1789 2320 Dei

474 2346 813 2386 contempserant,
847 2339 1034 2386 tripertiti
1074 2349 1117 2376 ut
1151 2340 1282 2377 clerici
1317 2352 1359 2376 ex
1399 2338 1571 2377 avaricia
1604 2341 1790 2389 occupati

473 2394 579 2431 circa
625 2396 777 2432 cultum
822 2397 960 2444 templi
1006 2410 1078 2445 pro
1123 2407 1265 2446 questu
1306 2399 1505 2445 habendo,
1551 2398 1735 2436 abierunt
1768 2412 1789 2436 a

473 2455 556 2489 Deo
590 2453 628 2489 in
659 2453 817 2491 vineam
852 2464 894 2490 ut
927 2457 1155 2492 sacerdotes
1188 2465 1225 2492 et
1257 2456 1386 2492 levite.
1434 2457 1647 2505 Templum
1682 2457 1786 2494 enim

472 2520 638 2548 vocatur
676 2511 792 2549 vinea
831 2512 921 2549 laici
968 2513 1074 2550 circa
1112 2514 1355 2562 temporalia
1399 2514 1606 2563 occupati3
1652 2524 1688 2551 et
1734 2515 1787 2551 hii

542 2642 567 2668 7.
585 2633 638 2660 DG
653 2644 657 2661 :
675 2635 843 2669 prandium
858 2643 963 2662 meum.
1038 2644 1078 2663 10.
1094 2636 1137 2663 A:
1160 2636 1189 2663 in
1205 2637 1299 2663 deest.
1374 2645 1407 2663 11.
1424 2637 1603 2670 irruerunt;
1623 2637 1672 2664 hic
1687 2638 1788 2673 aliqua

474 2667 594 2695 desunt.
733 2678 767 2696 11.
791 2677 828 2696 12.
852 2669 924 2697 DG:
957 2670 1120 2698 occidunt.
1139 2691 1144 2697 .
1162 2693 1167 2697 .
1185 2692 1190 2696 .
1206 2671 1403 2699 succendunt.
1542 2680 1582 2704 ¹4-
1605 2671 1650 2699 G.-
1680 2672 1786 2700 intrat.

472 2709 518 2734 24.
539 2704 583 2730 A:
605 2703 748 2731 invitavit
765 2704 798 2731 id
816 2707 863 2732 est
880 2708 920 2732 ut.
983 2704 1028 2732 30.
1050 2705 1122 2732 DG:
1143 2705 1339 2739 intellz'gitur.
1402 2705 1443 2733 32.
1465 2710 1578 2734 nature
1585 2716 1596 2739 ;
1615 2706 1722 2734 codd.:
1743 2715 1786 2734 ne.

473 2735 519 2764 36.
542 2736 610 2765 DG:
631 2740 664 2764 ut
681 2739 843 2774 sapientes.
917 2738 961 2775 37.
983 2739 1073 2767 vinea
1082 2749 1094 2773 ,·
1112 2740 1155 2768 D:
1177 2740 1208 2767 in
1229 2740 1338 2773 vinea;
1356 2741 1401 2768 A:
1423 2741 1552 2775 unca(!).

472 2830 574 2898 XXlil.
603 2820 731 2878 Gospel
759 2822 813 2853 for
840 2821 911 2854 20th
935 2824 1077 2866 Sunday
1103 2823 1188 2855 after
1213 2824 1359 2867 Trinity.
1435 2824 1452 2856 5
1480 2831 1513 2856 et
1538 2834 1639 2866 seqq.
1665 2823 1785 2856 Matth.

567 2891 574 2906 ,
603 2876 726 2900 2—12.

1819 964 1857 984 10

1818 1242 1854 1274 15

2027 0 2048 67 naen·
