2062 3276
292 260 428 289 SERMO
452 248 575 306 XMV]
776 261 966 301 omum
997 261 1122 292 rixas.
1816 250 1890 285 363

293 371 476 408 ebetatur
498 381 569 417 per
592 367 885 404 immixtionem
919 380 1009 404 cum
1043 366 1346 414 temporalibus,
1382 379 1423 402 ex
1448 379 1606 402 eorum·
1632 372 1776 411 ciferrics
1798 372 1885 411 tyring

293 441 369 477 quc
408 426 680 475 occupacione
719 427 933 462 turbantur
977 436 1227 473 possessores
1261 437 1280 460 a
1314 423 1536 460 latronibus
1570 432 1607 460 et
1639 408 1886 475 ιῖζΐᾟζῇᾞςίξῖῑξίὃ

293 486 403 523 omni
426 497 571 533 genere
594 493 878 533 peccatorum3
912 495 1048 531 ymmo
1081 481 1181 519 sicut
1215 494 1354 518 eorum
1388 481 1608 529 occupacio
1658 476 1868 539 riciffissvffiing

294 555 351 582 est
392 552 688 588 momentanea,
734 542 789 579 sic
824 554 964 578 eorum
1010 541 1133 577 rubor
1177 540 1418 588 pretendens
1462 539 1608 587 pulcri-
1821 532 1826 538 ⁸

261 602 474 640 §tudinem
523 601 656 638 colore
702 609 760 636 est
805 598 1049 648 deceptoria.
1102 600 1319 646 Nunquam
1368 610 1462 645 ergo
1510 597 1609 634 citra

293 659 519 709 spiritualia
543 668 598 695 est
620 671 696 706 pax
718 671 829 703 vera;
864 667 900 694 et
924 658 995 694 hec
1028 656 1137 693 racio
1170 669 1296 705 quare
1329 655 1608 692 confederacio

295 718 404 768 pacis
450 716 639 754 secularis
684 725 741 753 est
783 715 993 752 instabilis.
1048 716 1221 763 Oportet
1265 713 1370 751 enim
1417 726 1610 762 precones
1690 720 1838 759 noth-arc

294 777 490 824 scripture
542 773 721 823 undique
767 775 934 811 evellere
977 773 1078 810 vicia
1124 782 1160 809 et
1204 773 1386 820 plantare
1430 771 1609 818 virtutes,
1697 755 1827 789 ¹¹⁰⁰¹¹¹¹²²'

294 848 371 884 que
404 842 496 871 sunt
534 832 762 869 necessaria
794 832 953 869 vincula
985 844 1077 869 vere
1110 831 1233 880 pacis,
1268 839 1305 867 et
1334 842 1380 866 ve
1413 829 1611 877 theologis

241 908 278 930 10
295 906 338 930 ex
370 892 445 929 ista
478 891 642 928 desidia.
684 890 870 937 Quelibet
904 890 1010 927 enirn
1044 902 1218 938 persona
1252 890 1300 925 de
1332 889 1484 937 populo
1516 887 1611 924 facit

295 953 344 988 ad
361 963 496 987 veram
519 961 660 998 pacem
684 958 721 986 et
745 948 954 997 quodlibet
978 950 1205 984 membrum
1230 946 1380 983 diaboli
1404 947 1612 994 perturbat

295 1022 396 1046 earn.
431 1010 522 1045 Ideo
556 1016 715 1056 oportet
748 1016 925 1044 rectores
959 1006 1014 1043 rei
1037 1006 1197 1054 publice
1230 1007 1280 1042 ad
1303 1005 1376 1041 ista
1401 1004 1612 1052 diligenter

295 1068 514 1105 attendere.

354 1125 475 1174 Igitur
507 1137 575 1160 vos
609 1124 677 1172 qui
710 1123 751 1159 in
793 1123 855 1159 die
890 1124 1039 1159 Pasche
1084 1121 1279 1159 habuistis
1323 1120 1510 1157 virtutem
1556 1120 1611 1156 rei
1626 1125 1731 1153 Thosc
1745 1125 1901 1164 κνιψιηιη-

243 1191 278 1222 15
295 1182 536 1221 sacramenti
569 1181 796 1228 eukaristie,
830 1194 970 1229 pacem
1005 1194 1096 1218 cum
1121 1183 1205 1216 Deo
1239 1188 1276 1216 et
1309 1179 1485 1225 homine,
1520 1191 1610 1215 cum
1634 1160 1895 1222 151‘ff2ns¹1⁰³11¹{1¹ss¹tf.³1¹‚¹⁸3,

295 1241 488 1278 tenemini
530 1240 718 1277 continue
751 1252 929 1276 crescere
962 1238 1001 1275 in
1034 1239 1195 1284 virtute,
1235 1250 1376 1286 pacem
1411 1237 1521 1273 illam
1554 1237 1613 1272 in·
1645 1238 1889 1293 Νξὴῑὶζῖζῐιζᾞῆ*

296 1299 443 1349 quirite
478 1308 514 1336 et
547 1312 628 1335 non
669 1299 800 1335 solum
845 1297 1019 1346 perfecte
1065 1296 1282 1346 sequimini
1328 1297 1395 1332 sed
1439 1295 1613 1332 violente
1669 1297 1859 1327 com'mittcd-

296 1357 511 1406 sequimini
564 1356 703 1393 vestris
748 1355 945 1393 iniuriatis
991 1369 1081 1392 cum
1128 1354 1243 1392 bonis
1293 1353 1467 1399 fortune,
1522 1366 1612 1390 cum

297 1416 411 1453 bonis
451 1424 594 1452 nature
629 1424 665 1451 et
698 1415 813 1451 bonis
846 1415 951 1451 fame
985 1413 1268 1450 satisfaciendo
1302 1411 1468 1448 iniurias
1501 1411 1612 1447 vobis

240 1490 281 1511 20
297 1475 441 1521 illatas,
482 1472 687 1509 humiliter
725 1472 922 1521 paciendo
957 1481 993 1508 et
1033 1472 1199 1508 omnino
1233 1483 1254 1507 a
1288 1469 1614 1519 prevaricacione

299 1532 479 1580 decalogi
517 1531 770 1568 abstinendo.
816 1533 906 1566 Non
944 1529 1051 1566 enim
1084 1530 1157 1566 fuit
1190 1529 1254 1565 ille
1286 1541 1376 1565 vere
1416 1528 1613 1564 contritus

298 1593 348 1628 ad
382 1591 550 1635 Pascha,
590 1589 659 1638 qui
693 1589 906 1625 iniuriatus
939 1597 997 1624 est
1029 1587 1213 1636 proximo
1247 1588 1287 1623 in
1321 1588 1424 1623 bono
1458 1594 1612 1632 nature,

299 1651 403 1686 fame
435 1649 497 1685 vel
519 1648 677 1684 fortune
710 1656 746 1684 et
779 1657 916 1684 tamen
949 1646 1029 1683 iam
1063 1655 1153 1694 post
1187 1646 1339 1682 Pascha
1374 1653 1613 1693 suppetente

299 1708 488 1744 facultate
533 1706 659 1742 defert
704 1705 957 1754 culpabiliter
1003 1706 1205 1741 emendas.
1252 1706 1353 1740 Nam
1388 1702 1614 1739 satisfaccio

243 1769 281 1801 25
298 1765 389 1802 talis
442 1766 542 1801 foret
592 1764 797 1801 vinculum
842 1763 952 1811 pacis
997 1775 1086 1798 vere
1132 1762 1242 1799 inite.
1296 1763 1388 1797 Ideo
1435 1761 1615 1797 deferens

299 1835 503 1872 apponere
537 1824 611 1859 hoc
644 1822 847 1858 vinculum
886 1822 975 1869 plus
1016 1821 1275 1869 appreciatur
1320 1819 1615 1868 possessionem

298 1881 582 1930 temporalium
608 1893 728 1928 quam
753 1879 1005 1916 habieionem
1040 1878 1149 1927 pacis
1174 1879 1256 1925 Dei,
1282 1879 1390 1927 quod
1420 1885 1616 1925 repugnat

301 1940 459 1977 caritati
493 1952 569 1987 que
601 1951 682 1974 non
717 1947 773 1974 est
807 1937 1043 1974 ambiciosa.

360 2000 563 2043 Quantum
587 1998 636 2033 ad
660 1996 908 2044 pacienciam
933 1995 1042 2032 illate
1065 1994 1210 2031 iniurie
1232 2003 1341 2043 patet
1365 2007 1408 2030 ex
1431 2006 1616 2030 sermone
1695 1998 1784 2037 *Nccd
1806 2001 1835 2025 01

245 2060 286 2091 '30
302 2057 452 2093 Pasche
468 2057 575 2103 quod
595 2056 786 2091 debemus
809 2054 864 2090 sic
888 2054 984 2102 pati,
1009 2066 1099 2090 cum
1123 2053 1267 2089 stultus
1290 2053 1391 2089 foret
1417 2060 1617 2088 mercator
1641 2033 1896 2103 panffijcsssi-sndffl'

302 2114 369 2163 qui
403 2114 573 2150 faciliter
597 2122 731 2161 posset
765 2112 978 2160 adquirere
1012 2112 1246 2160 centuplum
1271 2120 1307 2148 et
1332 2124 1421 2147 cum
1446 2110 1616 2146 difficul-
1796 2100 1801 2104 .

301 2182 383 2209 tate
417 2172 532 2208 anxia
566 2172 770 2220 perdendo
803 2184 927 2206 unum
963 2171 1114 2207 bonum
1149 2169 1324 2218 adquirit
1355 2168 1509 2216 precise
1532 2168 1616 2204 fan-

302 2240 431 2267 tasma
464 2231 536 2266 sub
571 2230 816 2277 centuplum.
863 2231 943 2265 Nec
977 2228 1051 2264 ista
1091 2228 1255 2264 dixerim
1296 2228 1479 2275 negando
1519 2226 1616 2274 quin

302 2289 393 2325 licet
425 2288 578 2325 homini
612 2289 716 2324 bona
750 2300 821 2323 sua
845 2288 1024 2323 modeste
1047 2295 1227 2334 repetere
1252 2295 1288 2322 et
1312 2285 1457 2321 iniuste
1480 2285 1616 2321 vendi-

246 2350 284 2382 35
303 2356 391 2383 cata
424 2347 648 2392 defendere,
689 2347 757 2382 sed
796 2357 959 2382 securus
999 2345 1101 2381 foret
1132 2344 1262 2380 vivere
1303 2342 1616 2392 exproprietarie

303 2405 386 2441 sine
419 2404 489 2441 tali
523 2404 699 2440 tumultu
733 2403 869 2449 seculi,
917 2416 1006 2440 curn
1047 2416 1257 2451 nunquam
1291 2411 1359 2438 aut
1399 2415 1489 2438 raro
1521 2413 1616 2449 pen-

303 2471 414 2499 satur
457 2463 496 2498 in
540 2462 829 2510 temporalibus
881 2461 977 2509 quin
1027 2469 1198 2509 utraque
1242 2473 1335 2509 pars
1380 2469 1447 2496 aut
1492 2460 1617 2496 altera

304 2530 443 2569 peccat
476 2520 648 2567 graviter
679 2521 740 2556 vel
771 2521 859 2568 plus
905 2520 1167 2568 ponderando
1211 2518 1449 2566 temporalia
1495 2530 1615 2566 quarn

304 2578 531 2626 spiritualia
566 2578 706 2626 pocius
745 2578 1023 2626 persequendo
1056 2578 1140 2614 zelo
1172 2576 1345 2613 vindicte
1378 2589 1500 2624 quam
1533 2576 1617 2612 zelo

243 2649 289 2680 40
306 2636 573 2673 correccionis
605 2636 793 2683 fraterne,
829 2645 864 2672 et
889 2634 1095 2672 seminatis
1128 2634 1306 2683 undique
1328 2634 1458 2672 verbis
1481 2646 1616 2682 super-

374 2768 394 2786 1.
416 2758 489 2786 DG:
517 2758 590 2794 quia
611 2766 648 2786 ex
668 2766 783 2786 eorum.
865 2758 888 2785 5.
911 2758 984 2785 DG:
1011 2758 1119 2794 [gitur.
1202 2766 1230 2792 9.
1252 2757 1326 2784 DG:
1356 2766 1428 2785 vere
1447 2757 1616 2792 theologie.

305 2802 347 2828 ιι.
368 2795 414 2821 A:
441 2794 564 2821 virtute.
672 2801 715 2820 22.
736 2794 778 2820 D:
806 2794 836 2820 in
858 2793 995 2825 Pascl1a;
1020 2794 1060 2819 ib.
1080 2793 1124 2820 A:
1151 2795 1196 2819 est
1216 2793 1315 2824 deest;
1342 2793 1384 2819 ib.
1406 2793 1448 2819 Ηε
1474 2792 1618 2827 proximo

305 2829 407 2856 deest:
428 2829 467 2855 ib.
484 2830 528 2855 A:
550 2829 640 2856 bona.
714 2827 757 2855 23.
778 2827 851 2855 DG:
868 2828 1075 2863 fortitudine.
1148 2826 1190 2854 32.
1211 2827 1256 2854 H:
1274 2835 1362 2862 pure.
1437 2826 1478 2854 33,
1501 2826 1545 2853 H:
1566 2835 1617 2853 ne-

305 2863 413 2899 gando
434 2863 528 2890 deest.
619 2861 663 2892 33,
684 2861 730 2896 34.
751 2863 794 2890 D:
821 2863 969 2898 quoniam
989 2863 1066 2889 licet.
1158 2862 1205 2896 36,
1226 2861 1270 2897 37.
1292 2864 1337 2889 A:
1364 2870 1441 2889 raro
1461 2863 1616 2899 causatur.

308 2900 351 2934 37.
372 2898 464 2934 quin;
485 2898 509 2925 I)
549 2898 705 2933 quoniam.
778 2897 824 2933 39.
846 2897 920 2925 DG:
941 2905 1033 2933 quam
1053 2897 1146 2924 deest.
1219 2905 1268 2930 40.
1291 2897 1332 2923 D:
1354 2896 1577 2932 correpcionts.
