2062 3276
178 274 250 304 120

193 910 308 945 Christ,
331 910 420 944 being

193 954 271 981 poor
290 945 349 972 and
371 949 418 980 yet

216 981 282 1007 lord
304 980 338 1006 ot'
355 980 391 1006 al!

168 1015 282 1049 things,
298 1015 440 1050 accepted

194 1050 266 1085 git'ts
288 1058 320 1076 as
342 1050 414 1076 both

168 1086 246 1111 alnis
267 1084 326 1111 and
348 1085 433 1111 dues.

754 276 978 308 JOHANle
996 276 1181 308 WYCLIF
1203 276 1459 309 SERMONUM
1530 263 1682 322 [επ-ΗΜΘ
1704 273 1769 302 xv.

459 381 661 418 racionem
707 382 875 418 dominii
919 383 973 420 ita
1024 383 1127 429 fecit,
1181 392 1217 419 et
1267 396 1337 431 per
1382 396 1628 432 consequens
1673 382 1771 418 nihil

459 439 612 488 accepit
645 453 667 476 a
699 440 887 477 fratribus
920 450 962 478 ut
995 441 1213 489 corporalis
1247 441 1547 477 elemosinarius
1581 442 1646 477 sed
1671 449 1771 477 tam-

459 511 578 545 quam
619 498 804 534 dominus
849 507 886 534 et
931 499 1131 547 magister.
1186 500 1422 535 Sacerdotes
1467 509 1599 536 autem
1647 498 1771 534 nostri

458 556 659 603 accipiunt
693 569 714 592 a
747 556 860 603 plebe
900 557 1075 593 decimas
1119 565 1156 593 et
1201 557 1333 605 plures
1372 557 1622 603 elemosinas,
1663 557 1771 604 quod

458 627 538 649 non
584 623 640 650 est
685 627 706 650 a
752 613 910 650 Christo
954 615 1118 651 domino
1163 616 1445 663 exemplatum.
1500 615 1572 651 Hic
1616 615 1772 651 videtur

460 671 555 707 mihi
590 673 697 720 quod
731 671 837 708 dicta
870 673 1073 709 sentencia
1106 674 1153 708 de
1177 673 1393 709 elemosina
1417 682 1453 709 et
1477 672 1772 709 sustentacione

459 730 585 766 curati
618 729 667 765 sit
691 729 887 765 catholica
911 730 1027 766 hodie
1051 731 1343 778 amplectenda,
1378 732 1443 767 sed
1469 732 1689 767 notandum
1716 738 1773 765 est

459 793 516 823 (ut
554 787 667 835 alias)
703 789 809 835 quod
844 790 1065 824 secundum
1101 797 1275 836 quatuor
1308 789 1487 825 raciones
1520 788 1647 825 varias
1681 787 1772 824 licet

459 845 609 881 homini
626 845 806 893 accipere
822 847 870 881 ab
886 845 963 882 alio
987 847 1199 894 prandium
1224 847 1283 883 vel
1306 847 1525 883 subsidium
1550 846 1771 893 corporale.

516 906 617 940 Cum
652 913 784 940 autem
820 904 1037 941 elemosina
1071 904 1120 940 sit
1153 904 1370 941 effectualis
1403 905 1587 940 voluntas
1620 905 1669 940 ad
1714 916 1772 939 re-

457 962 669 997 levandum
717 961 906 997 miserum
952 975 973 998 a
1018 975 1089 999 sua
1135 962 1305 1009 miseria,
1358 971 1515 1010 oportet
1569 962 1771 998 racionem

458 1019 685 1063 elemosine,
720 1019 922 1055 racionem
957 1020 1151 1067 amicicie,
1186 1020 1388 1057 racionem
1414 1019 1711 1057 testificacionis
1734 1028 1771 1055 et

457 1078 658 1113 racionem
693 1077 985 1113 dominacionis
1018 1079 1130 1114 valde
1163 1078 1418 1126 distinguere.
1454 1078 1636 1115 Christus
1666 1077 1771 1113 enim

456 1148 677 1183 numquam
712 1135 865 1183 accepit
898 1136 1110 1183 prandium
1146 1136 1219 1172 nisi
1261 1138 1423 1184 quando
1457 1137 1585 1184 ipsum
1633 1148 1772 1172 secun-

458 1195 551 1229 dum
587 1193 788 1230 racionem
823 1206 891 1229 sue
935 1194 1180 1230 vehementis
1226 1194 1518 1231 dominacionis
1562 1202 1772 1241 acceperat

457 1260 664 1299 tamquam
700 1251 900 1288 redditum
946 1251 1047 1288 iuste
1092 1252 1286 1298 debitum,
1333 1265 1451 1300 quem
1494 1261 1702 1299 acceperat
1736 1260 1772 1287 et

457 1318 589 1356 preter
622 1309 801 1346 debitum
836 1309 936 1345 iuste
970 1309 1169 1346 redditum
1204 1323 1322 1358 quem
1358 1312 1405 1347 de
1438 1310 1667 1347 tenentibus
1691 1309 1772 1345 suis

457 1377 665 1415 acceperat
699 1376 735 1403 et
768 1380 926 1415 semper
957 1367 1181 1415 spiritualia
1214 1368 1427 1405 carismata
1462 1368 1626 1404 meliora
1660 1367 1771 1403 retri-

459 1425 555 1461 buit.
591 1428 701 1462 Patet
735 1426 782 1462 de
816 1425 976 1461 racione
1009 1425 1111 1473 regis
1146 1426 1347 1474 magnifici
1372 1436 1409 1463 et
1432 1427 1650 1462 concordat
1674 1426 1771 1461 fides

458 1483 664 1531 evangelii.
699 1485 775 1519 Sed
811 1496 900 1520 cum
936 1483 1117 1520 Christus
1151 1484 1199 1520 sit
1231 1484 1271 1520 in
1304 1498 1427 1520 unum
1461 1484 1579 1520 simul
1604 1483 1711 1519 dives
1734 1492 1771 1519 et

459 1554 624 1589 pauper,
664 1541 778 1589 inops
812 1550 849 1577 et
882 1554 1028 1589 egenus
1062 1546 1120 1586 (ut
1153 1542 1248 1578 dicit
1275 1543 1520 1590 Apostolus&
1567 1541 1771 1589 probabile

457 1599 612 1635 videtur
645 1601 751 1647 quod
785 1599 857 1635 iste
889 1601 965 1636 due
999 1600 1178 1636 raciones
1212 1599 1360 1636 scilicet
1405 1599 1696 1636 dominacionis
1735 1608 1772 1635 et

458 1657 674 1692 elemosine
720 1656 759 1692 in
804 1657 891 1704 ipso
935 1657 1203 1694 communiter
1247 1667 1338 1694 sunt
1382 1658 1607 1694 commixte.
1662 1656 1772 1693 Sicut

458 1714 562 1750 enim
604 1715 756 1762 rogavit
796 1717 952 1751 Patrem
998 1725 1040 1751 ut
1085 1716 1214 1763 ipsum
1256 1717 1443 1766 salvificet
1475 1728 1525 1752 ex
1557 1717 1627 1751 hac
1660 1716 1771 1758 liora,

458 1772 512 1808 sic
546 1772 620 1809 ista
654 1773 881 1809 humanitas
915 1773 1068 1821 rogavit
1103 1775 1259 1810 Patrem
1295 1773 1353 1809 sui
1388 1773 1565 1810 misereri
1605 1773 1645 1808 in
1684 1785 1771 1820 per-
1813 1776 1825 1808 ἶ

458 1843 555 1866 sona
588 1832 795 1878 prophete,
829 1831 919 1867 licet
952 1844 1031 1867 non
1066 1831 1203 1868 habuit
1237 1831 1390 1879 aliquas
1424 1831 1603 1868 miserias
1632 1843 1771 1878 pecca-

458 1897 611 1931 torum;
657 1897 694 1924 et
738 1888 918 1936 intelligo
964 1889 1163 1925 miseriam
1198 1889 1351 1937 peccati
1396 1889 1525 1937 ipsum
1561 1897 1769 1936 peccatum

458 1947 517 1982 vel
552 1946 752 1982 miseriam
786 1946 825 1982 in
849 1960 969 1994 quam
996 1948 1116 1983 homo
1140 1947 1279 1983 incidit
1302 1947 1396 1995 quia
1419 1957 1569 1995 peccat.
1606 1948 1771 1982 Constat

459 2004 620 2052 quidem
655 2006 763 2052 quod
796 2004 926 2040 omnis
960 2005 1119 2041 miseria
1153 2005 1372 2053 corporalis
1417 2005 1456 2041 in
1495 2018 1616 2053 quam
1651 2005 1771 2040 homo

459 2061 596 2098 incidit
630 2075 650 2098 a
684 2071 848 2109 peccato
881 2063 1052 2110 sumpsit
1084 2063 1299 2111 originem:
1344 2072 1381 2099 et
1425 2063 1480 2099 sic
1525 2071 1655 2111 potest
1695 2060 1771 2097 dici

460 2121 567 2167 quod
601 2120 782 2156 Christus
815 2120 1031 2167 assumpsit
1064 2134 1085 2157 a
1118 2121 1264 2157 sanctis
1299 2121 1455 2157 feminis
1494 2130 1530 2157 et
1570 2119 1656 2157 aliis
1697 2120 1772 2155 ele-

461 2177 657 2213 mosinam
693 2179 942 2225 corporalem
978 2181 1035 2217 (ut
1068 2187 1176 2226 patet
1211 2181 1314 2215 Luce
1347 2176 1462 2230 VIII).
1497 2180 1545 2214 Et
1578 2177 1633 2213 sic
1667 2177 1771 2213 istud

460 2236 661 2282 exemplar
695 2235 971 2283 dignissimum
1006 2249 1167 2272 omnem
1203 2236 1551 2273 conversacionem
1592 2235 1674 2271 sine
1713 2247 1772 2270 re-

459 2293 686 2340 pugnancia
720 2306 787 2329 sue
821 2293 986 2330 ecclesie
1019 2294 1268 2341 exemplavit.
1315 2297 1403 2330 Non
1437 2294 1540 2330 enim
1576 2302 1771 2340 repugnat

459 2352 527 2386 sed
561 2361 753 2387 consonat
787 2353 895 2399 quod
940 2353 1078 2388 eadem
1126 2364 1185 2388 res
1232 2352 1299 2389 fiat
1342 2352 1596 2389 laudabiliter
1640 2350 1797 2387 multi-.

459 2407 551 2456 plici
585 2409 758 2456 racione,
792 2411 858 2445 sed
892 2409 994 2446 sicut
1028 2409 1152 2446 deitas
1176 2410 1295 2446 Verbi
1328 2423 1407 2446 non
1440 2409 1569 2458 potuit
1603 2410 1651 2445 ab
1686 2407 1771 2456 ipso

530 2550 549 2569 1.
572 2542 613 2569 1*›:
637 2542 790 2570 racionem
805 2542 948 2570 divinam.
1005 2551 1030 2571 2.
1047 2544 1091 2571 A:
1113 2544 1200 2579 cepit.
1257 2552 1283 2578 9.
1300 2544 1344 2571 A:
1365 2543 1402 2571 de
1415 2544 1498 2575 alh),-
1518 2543 1557 2570 ib.
1574 2543 1598 2570 E
1612 2543 1641 2570 in
1659 2550 1772 2577 marga

459 2577 600 2606 Relioio:
631 2577 656 2604 l)
686 2578 714 2604 in
747 2586 860 2612 marg:
895 2578 1149 2617 Quadrupliciter
1175 2578 1276 2613 accipi
1302 2579 1372 2605 licet
1397 2579 1567 2613 prandium
1593 2578 1629 2605 ab
1655 2577 1771 2612 aliquo.

461 2620 501 2638 10.
537 2612 576 2638 >E
597 2612 624 2638 in
648 2620 761 2646 marg:
783 2612 968 2639 Elemosma.
1044 2621 1085 2647 ιο,
1107 2621 1140 2640 11.
1162 2612 1231 2640 DE:
1253 2613 1440 2640 elevandum.
1516 2622 1548 2640 11.
1571 2612 1639 2640 DE:
1662 2613 1698 2638 de
1715 2619 1771 2638 sua

460 2647 595 2673 miserm.
654 2647 689 2680 15,
707 2647 747 2673 16.
763 2647 832 2674 DE:
854 2651 1016 2682 acceperat
1029 2663 1060 2666 —
1096 2655 1160 2674 uem
1176 2649 1269 2675 deest.
1327 2649 1366 2675 16.
1384 2648 1423 2675 E:
1444 2650 1591 2682 acceptat.
1648 2646 1686 2673 18.
1704 2645 1772 2673 DE:

460 2683 488 2707 e!
507 2689 626 2715 semper
645 2681 739 2708 deest.
796 2689 834 2708 21.
857 2681 923 2708 nti:
940 2682 1074 2716 probabi
1086 2690 1102 2708 e
1115 2682 1200 2709 deest
1267 2689 1309 2713 22,
1326 2681 1367 2710 23.
1383 2683 1427 2709 A:
1450 2682 1572 2709 videtur
1584 2697 1616 2700 —
1631 2682 1661 2707 in
1678 2681 1771 2707 deest.

459 2714 502 2742 23.
524 2715 547 2741 E
569 2717 598 2742 in
621 2723 733 2749 marg:
765 2716 904 2743 Christus
929 2717 1020 2743 simul
1045 2716 1130 2743 dives
1155 2719 1185 2743 et
1205 2724 1335 2751 pauper.
1437 2724 1484 2749 24.
1506 2718 1549 2743 A:
1576 2715 1774 2747 salm'vfflcet:

460 2750 500 2777 ib.
516 2749 584 2777 DE:
605 2750 662 2776 hac
682 2758 749 2777 ora.
806 2751 851 2777 26.
867 2752 911 2777 A:
932 2751 1056 2786 aliquis.
1120 2752 1165 2785 28,
1182 2758 1227 2785 29.
1250 2751 1318 2778 DE:
1344 2751 1472 2778 Constat
1488 2751 1576 2778 enim.
1638 2749 1676 2776 31.
1698 2749 1722 2775 E
1742 2749 1772 2775 in

461 2792 576 2823 marg:
600 2784 706 2811 Omnis
725 2785 852 2811 miseria
868 2793 930 2820 pro
945 2788 1072 2820 peccato
1095 2788 1147 2813 est.
1228 2784 1272 2812 32.
1293 2787 1336 2813 A:
1359 2786 1436 2813 Luce
1454 2785 1504 2813 IX.
1577 2783 1620 2812 33.
1642 2784 1680 2811 13:
1701 2783 1772 2818 dig-

460 2819 615 2846 nisszmum
636 2820 885 2846 comet-sacione.
960 2818 1001 2847 35.
1023 2820 1067 2847 A:
1088 2820 1286 2847 laudabiliter
1305 2820 1399 2848 deest.
1473 2819 1518 2848 36.
1538 2819 1608 2847 DE:
1628 2819 1665 2846 ab
1684 2825 1730 2846 eo.

532 2901 584 2933 24.
610 2890 686 2923 Joh.
711 2891 781 2932 XII,
811 2901 863 2936 27.

1793 918 1831 938 IO

1793 1196 1828 1228 15
