2062 3276
245 267 380 296 sERMO
401 255 497 314 xm]
729 267 919 308 QUARTA
947 267 1073 299 PARS.

244 377 332 413 bilis
365 385 402 413 et
435 384 574 412 contra
608 375 763 423 regulas
797 373 986 410 caritatis.
1022 375 1197 409 Innuunt
1230 372 1336 408 enim
1368 372 1499 420 primo
1523 381 1559 408 et

244 447 424 484 expresse
457 442 640 470 asserunt
673 433 782 481 quod
806 431 981 480 episcopi
1006 432 1150 467 debent
1174 430 1355 478 accipere
1379 430 1559 466 elemosi-

244 506 335 530 nam
371 493 621 541 corporalem
655 504 677 527 a
708 489 952 539 pauperibus
997 490 1046 525 ad
1086 489 1192 525 hunc
1238 488 1379 532 finem3
1425 497 1461 523 et
1506 487 1559 523 sic

242 552 302 588 vel
335 559 481 599 negant
514 549 692 598 regulam
726 546 919 595 evangelii
953 548 1000 583 de
1033 546 1200 583 dacione
1233 546 1322 583 talis
1345 545 1560 582 elemosine

210 610 302 646 §vel
359 617 515 657 ponunt
572 605 836 643 inhonorifice
895 605 1002 653 ipsos
1061 604 1269 652 episcopos
1327 603 1366 639 in
1426 603 1562 651 aliquo

244 668 386 704 horum
419 666 540 702 trium
574 674 766 709 statuum,
812 663 956 712 quibus
989 662 1115 699 eciam
1150 662 1225 710 ipsi
1258 661 1435 710 episcopi
1469 674 1562 697 con—

243 725 457 762 tradicunt.
492 725 539 760 Et
572 723 626 759 sic
660 723 776 758 debet
809 720 975 758 ecclesia
1007 732 1121 757 orare
1154 733 1227 768 pro
1250 719 1327 756 illis
1351 718 1560 768 episcopis,

243 793 286 820 ut
330 796 351 819 a
395 781 575 831 periculo
619 781 811 817 falsorum
858 780 1025 815 fratrum
1073 787 1109 814 et
1162 790 1348 826 perverso
1394 777 1561 813 consilio

242 841 474 887 liberentur,
509 839 604 888 quia
637 837 793 874 evenire
826 846 957 885 potest
990 838 1098 885 quod
1131 836 1217 872 falsi
1241 836 1383 872 fratres
1415 835 1470 871 illi
1504 834 1562 870 in-

190 912 228 933 10
244 900 416 936 forment
449 897 615 934 subdole
648 909 795 945 papam
830 904 1013 931 nostrum
1048 895 1156 943 quod
1188 907 1259 942 per
1292 892 1560 930 elevacionern

242 957 330 994 talis
364 956 492 994 crucis
525 955 798 1004 promittendo
832 952 1056 1001 spiritualia
1079 952 1268 1000 suffragia
1291 952 1501 988 adiuvetur
1525 959 1562 987 et

242 1017 350 1064 quod
384 1013 559 1063 episcopi
592 1012 633 1049 in
667 1025 787 1049 causa
820 1011 886 1048 illa
919 1024 1009 1047 cum
1044 1010 1231 1047 omnibus
1264 1009 1345 1046 suis
1369 1008 1562 1046 adiutori-

243 1075 315 1110 bus
364 1071 652 1109 beatitudinem
702 1077 984 1119 promerentur
1033 1078 1069 1106 et
1118 1081 1163 1105 eo
1208 1077 1346 1105 tenore
1390 1067 1562 1116 spolient

243 1132 439 1180 populum
472 1129 688 1166 infideliter
721 1140 840 1176 quem
875 1128 996 1176 paulo
1020 1136 1111 1164 ante
1135 1127 1301 1163 subdole
1324 1126 1559 1174 spoliarunt.

189 1192 227 1224 15
302 1193 349 1226 Et
381 1197 513 1238 potest
546 1200 628 1224 esse
663 1188 797 1236 quoad
837 1198 1051 1234 personam
1096 1185 1185 1222 talis
1230 1183 1408 1233 episcopi
1452 1184 1562 1232 quod

150 1240 228 1302 {³0¹2
243 1256 474 1297 supponant
525 1246 657 1295 ipsum
687 1252 690 1296 Ι
721 1257 811 1281 cum
861 1257 933 1280 suo
977 1243 1150 1280 exercitu
1201 1255 1424 1291 numquam
1479 1253 1562 1278 esse

153 1296 212 1317 ³⁰²
242 1306 388 1343 iterum
422 1305 463 1341 in
484 1304 670 1353 Angliam
695 1302 931 1339 rediturum.
966 1304 1099 1338 Potest
1134 1314 1217 1338 esse
1254 1302 1430 1338 secundo
1454 1301 1563 1348 quod

244 1365 428 1401 diabolus
462 1371 619 1399 moveat
653 1362 794 1398 fratres
827 1360 923 1396 istos
968 1361 1018 1397 ad
1061 1372 1229 1408 regnum
1262 1358 1403 1407 Anglie
1448 1359 1563 1394 sedu—

244 1424 429 1459 cendum.
463 1424 551 1458 Non
585 1420 691 1456 enim
726 1419 846 1455 instat
880 1419 1001 1455 modo
1034 1418 1287 1467 oportunitas
1316 1417 1371 1453 sic
1395 1429 1562 1465 regnum

187 1495 228 1516 20
243 1490 426 1518 nostrum
460 1481 507 1516 de
541 1477 772 1515 hominibus
806 1485 843 1513 et
875 1476 1046 1525 pecunia
1090 1475 1276 1525 spoliare,
1322 1476 1390 1512 sed
1436 1475 1564 1525 (quod

245 1539 415 1576 maxime
449 1546 505 1574 est
537 1534 770 1589 verisimile)
814 1535 955 1571 fratres
999 1534 1063 1571 isti
1095 1548 1175 1571 non
1209 1542 1351 1571 curant
1384 1545 1455 1582 per
1486 1544 1564 1581 que

245 1597 377 1634 media
409 1596 535 1633 eciam
570 1594 744 1631 heretica
776 1592 948 1642 spolient
970 1593 1180 1642 populum,
1215 1605 1305 1629 cum
1331 1592 1404 1628 hoc
1427 1600 1564 1628 tamen

247 1657 354 1704 quod
399 1654 475 1704 ipsi
519 1652 735 1703 participes
780 1651 857 1688 sint
902 1651 1109 1688 mercedis.
1162 1651 1288 1687 Aliter
1333 1649 1438 1687 enim
1483 1661 1565 1685 non

246 1713 497 1762 publicarent
531 1721 574 1748 ut
606 1712 725 1749 fidem
761 1709 998 1746 catholicam
1023 1711 1130 1758 quod
1155 1709 1385 1758 quicunque
1408 1708 1564 1744 laborat

189 1775 337 1808 23cum
370 1771 439 1808 tali
474 1770 661 1819 episcopo
694 1770 744 1806 ad
777 1770 884 1804 hunc
917 1768 1037 1804 finem
1072 1769 1131 1804 vel
1163 1767 1272 1805 iuvat
1294 1767 1428 1816 ipsum
1452 1774 1564 1802 nota-

246 1830 380 1867 biliter
412 1829 453 1865 in
487 1828 680 1876 expensis,
726 1826 800 1863 erit
833 1827 1038 1863 absolutus
1071 1839 1093 1863 a
1126 1839 1229 1874 pena
1274 1834 1310 1862 et
1351 1825 1481 1872 culpa,
1528 1832 1565 1859 et

247 1889 302 1925 sic
334 1886 597 1924 infallibiliter
629 1887 679 1923 ad
712 1884 884 1934 patriam
920 1884 1135 1931 advolabit,
1171 1897 1260 1920 cum
1296 1884 1441 1919 debent
1464 1881 1565 1917 scire

247 1948 356 1995 quod
388 1946 519 1982 nullus
552 1944 641 1981 talis
673 1956 777 1992 papa
811 1952 867 1979 est
902 1955 944 1978 ex
978 1942 1055 1978 fide
1096 1942 1293 1979 catholica
1336 1941 1396 1977 vel
1441 1952 1566 1976 mem-

247 2006 364 2041 brum
397 2012 532 2041 sancte
565 2001 729 2039 ecclesie
762 2010 799 2037 et
831 2013 902 2049 per
935 2013 1184 2048 consequens
1216 2013 1298 2037 non
1338 2008 1396 2036 est
1429 2006 1562 2046 caput.

191 2067 232 2099 30
249 2065 334 2108 Que
367 2075 461 2111 ergo
493 2061 602 2098 racio
636 2059 768 2097 meriti
801 2058 980 2095 fidelium
1014 2060 1063 2095 ad
1095 2058 1137 2095 in
1168 2059 1237 2095 tali
1271 2070 1391 2095 causa
1433 2056 1567 2093 taliter

248 2119 561 2158 decertandum?
606 2119 683 2155 Sed
716 2131 841 2154 unum
874 2117 1031 2153 videtur
1064 2116 1200 2153 multis
1233 2117 1343 2165 quod
1381 2128 1403 2152 a
1435 2114 1566 2164 prima

249 2178 388 2215 mundi
420 2178 577 2226 origine
609 2189 819 2225 nunquam
853 2175 926 2212 fuit
959 2187 1079 2211 causa
1111 2174 1337 2224 generalior
1369 2174 1419 2211 ad
1442 2173 1567 2209 eccle-

247 2237 346 2274 siam
374 2237 585 2273 occiduam
612 2248 652 2272 se
679 2234 883 2282 reciproce
906 2233 1185 2270 occidendum.
1216 2235 1264 2269 Et
1287 2233 1394 2281 quod
1425 2231 1567 2267 fratres

251 2295 389 2331 dicunt
421 2294 616 2331 exercitus
649 2302 806 2330 nostros
830 2300 1006 2328 armatos
1030 2293 1080 2328 ad
1104 2292 1237 2328 hostes
1265 2291 1451 2328 incedere
1486 2302 1566 2325 non

192 2357 232 2390 35
253 2362 296 2389 ut
328 2362 507 2402 pugnent
539 2354 607 2388 sed
640 2360 683 2388 ut
715 2359 891 2388 terreant
925 2351 1069 2396 hostes,
1115 2362 1163 2386 ne
1196 2349 1387 2385 invadant
1431 2348 1566 2384 fideles

249 2413 491 2447 orthodoxos
525 2419 582 2446 est
614 2409 819 2458 sophisma
851 2407 1030 2455 dyaboli3
1071 2420 1143 2444 nec
1177 2409 1325 2444 habent
1358 2406 1476 2443 huius
1510 2404 1566 2441 rei

249 2469 440 2506 noticiam
474 2482 546 2505 nec
573 2467 840 2505 verisimiliter
864 2466 1152 2503 coniecturam.
1187 2465 1252 2502 Sic
1275 2465 1381 2501 enim
1404 2472 1567 2512 possent

250 2527 513 2576 sophisticare
546 2527 586 2563 in
618 2525 729 2562 omni
752 2524 960 2574 proposito
984 2523 1208 2561 debellandi
1232 2533 1269 2559 et
1293 2524 1401 2572 quod
1425 2523 1566 2558 fratres

250 2585 440 2621 sufferent
474 2584 657 2633 rapinam
701 2585 900 2620 bonorum
945 2595 1110 2619 suorum
1156 2591 1193 2618 et
1238 2581 1461 2618 cruciatum
1506 2579 1566 2615 sui

190 2659 235 2689 40
251 2643 428 2691 corporis
461 2644 511 2679 ad
543 2643 775 2679 terrendum
809 2650 846 2678 et
890 2642 1203 2678 convertendum
1248 2639 1355 2688 ipsos
1399 2640 1448 2675 ad
1490 2640 1567 2674 Do-

252 2701 420 2748 minum,
461 2714 541 2737 non
574 2709 617 2736 ut
650 2699 914 2748 corporaliter
946 2698 1195 2735 occidantur.
1241 2700 1399 2735 Fratres
1432 2705 1565 2733 autem

322 2878 365 2905 27.
387 2870 457 2897 DE:
484 2870 529 2897 sic
546 2869 642 2909 deest.
716 2867 753 2896 31.
775 2868 875 2909 Alnji:
903 2868 1025 2896 videtur
1044 2867 1198 2895 militibus.
1272 2865 1315 2906 3¹2.
1336 2865 1435 2906 ADE3
1463 2864 1571 2904 mundi

253 2905 348 2933 deest.
406 2904 447 2932 53.
469 2904 568 2932 Abh:
592 2904 675 2940 quod
694 2904 787 2931 deest.
844 2903 891 2939 34.
913 2905 956 2931 A:
978 2903 1020 2931 ad
1038 2904 1141 2930 hostes
1161 2903 1261 2936 dccst5
1284 2902 1324 2930 ib.
1340 2902 1399 2929 AI:
1421 2900 1566 2928 madere.

1774 270 1841 292 111

1602 668 1654 695 but
1675 676 1750 705 pray
1769 669 1834 696 that

1605 704 1676 739 they
1696 711 1767 739 may
1788 704 1823 730 be

1589 738 1684 765 better
1704 738 1841 765 advised.

1590 1189 1719 1216 Motives
1740 1189 1775 1216 of
1791 1189 1841 1216 tlte

1647 1224 1738 1252 sriars
1759 1225 1788 1251 in

1596 1260 1762 1321 menching
1783 1259 1832 1286 the

1648 1302 1737 1322 crusa
1763 1303 1788 1321 e.

1615 1770 1717 1799 These
1738 1770 1812 1797 salse

1632 1811 1802 1841 pretence&
