2062 3276
217 286 298 331 480
799 286 1022 319 „IOHANNIS
1042 283 1226 316 WYcLiF
1246 281 1502 314 SERMONUM
1565 266 1716 324 [SERMO
1738 274 1814 302 in.

506 394 622 431 huius
654 394 730 430 vite
763 393 1049 430 iudicabuntur
1082 392 1153 428 sub
1188 390 1264 426 isto
1288 388 1450 425 iudicio.
1486 390 1542 424 De
1567 399 1645 435 quo
1670 385 1816 422 dicitur

218 452 673 504 xxffie‘mustaudo-Matthei
704 453 844 488 XXVO.
890 452 1040 487 Omnes
1073 458 1205 486 autem
1240 448 1452 485 salvandos
1485 453 1644 494 oportet
1676 456 1816 492 repen-

217 500 441 561 ⁵¹'¹¹'¹}1¹1¹fflc‘‡c·t5
461 500 491 524 ⁰¹
507 512 599 547 dere
622 522 744 559 opera
768 508 988 558 spiritualis
1014 506 1288 544 misericordie
1313 518 1388 554 que
1422 511 1755 541 consummantur
1778 501 1817 536 in

381 562 390 569 ”
507 571 611 606 bona
648 568 865 605 voluntate.
911 569 1011 603 Nam
1051 566 1085 603 si
1122 565 1356 602 distribuero
1395 562 1575 612 quotlibet
1602 560 1818 610 facultates

503 627 754 677 pauperibus,
797 639 879 663 non
923 624 1062 661 exhinc
1107 636 1177 672 per
1224 635 1264 659 se
1310 622 1450 670 placeo
1490 623 1574 656 Deo
1614 623 1670 664 (ut
1709 617 1850 666 patetz')

509 688 534 722 Ι.
560 687 651 724 Cor.
676 686 797 730 X1110,
824 684 877 731 3),
912 696 1001 720 cum
1036 683 1112 718 hoc
1145 690 1276 730 potest
1308 679 1394 717 fieri
1416 677 1632 716 infideliter
1654 684 1819 725 propter

509 744 669 781 inanem
708 742 877 790 gloriam
919 749 955 777 et
993 739 1049 776 sic
1087 741 1134 775 de
1177 750 1417 787 quocunque
1461 745 1553 774 actu
1598 733 1820 771 extrinseco

509 802 589 839 sive
622 799 838 837 intrinseco
871 807 1004 847 preter
1028 797 1279 834 caritativum
1304 805 1437 833 actum
1461 792 1693 832 voluntatis.
1728 793 1820 828 Ideo

510 864 567 906 (ut
602 858 694 903 dixi)
734 858 863 894 solum
899 857 939 893 in
971 856 1040 892 illo
1073 868 1143 904 per
1182 868 1222 892 se
1262 854 1444 891 consistit
1483 852 1683 896 meritum,
1730 862 1820 887 cum

511 918 575 954 ille
608 929 678 966 per
710 928 750 952 se
783 915 930 952 sufficit
963 923 1000 951 et
1033 913 1100 950 alii
1132 927 1213 950 non
1246 912 1452 949 sufficiunt
1484 911 1568 947 sine
1601 909 1682 945 illo.
1843 918 1880 938 10

233 988 326 1026 Some
347 994 400 1022 say
421 985 484 1012 that
569 976 662 1012 Ideo
701 974 877 1011 secunda
915 971 1123 1010 excusacio
1162 970 1385 1020 ypocritica
1423 968 1519 1006 dicit
1552 968 1661 1017 quod
1694 964 1823 1014 diligit

236 1022 485 1084 ὲῖζξᾞοδῇξῗέᾎῖ
513 1036 640 1070 Deum
673 1032 913 1069 intrinsecus
946 1039 984 1067 et
1006 1029 1141 1079 gracia
1164 1029 1224 1065 sui
1248 1029 1342 1065 facit
1365 1026 1557 1077 quicquid
1581 1025 1824 1062 extrinsecus

322 1090 402 1117 God.
513 1100 717 1140 operatur.
752 1091 835 1128 Hec
868 1097 991 1126 restat
1022 1088 1085 1125 via
1116 1087 1231 1124 nobis
1265 1087 1333 1135 qui
1366 1099 1447 1123 non
1478 1085 1660 1121 videmus
1693 1083 1823 1119 inten-

515 1150 650 1186 ciones
683 1148 893 1185 hominum
932 1147 1040 1184 aliud
1079 1146 1276 1191 iudicare3
1322 1153 1407 1181 tota
1452 1156 1547 1191 ergo
1591 1139 1825 1189 negociacio

516 1217 574 1245 est
606 1206 742 1256 gracia
775 1206 892 1243 huius
925 1205 1027 1241 finis.
1846 1196 1883 1229 15

242 1278 309 1318 §Vc
329 1286 383 1305 can
405 1277 477 1316 only
575 1268 778 1312 Quantum
818 1266 869 1301 ad
907 1263 1026 1309 istud,
1065 1262 1166 1299 sicut
1205 1274 1284 1298 non
1316 1260 1509 1297 sentimus
1543 1268 1827 1308 quamcunque

241 1312 490 1376 'Udgffmfl-{thffls
516 1323 789 1361 substanciam
822 1321 897 1358 nisi
930 1334 1000 1370 per
1033 1319 1275 1365 accidencia,
1317 1320 1385 1355 sed
1420 1316 1690 1354 mediantibus
1724 1313 1828 1352 acci·
2051 1312 2059 1349 ἰ

519 1382 702 1419 dentibus
736 1382 929 1418 habemus
963 1381 1009 1416 de
1042 1379 1230 1415 subiectis
1268 1376 1477 1422 iudicium,
1523 1375 1578 1412 sic
1618 1374 1712 1411 licet
1748 1385 1830 1409 non
2056 1374 2057 1380 ’

518 1441 724 1478 videamus
776 1438 1026 1476 intenciones
1078 1436 1302 1481 hominum,
1357 1444 1492 1471 tamen
1539 1447 1583 1471 ex
1634 1431 1829 1469 fructibus

520 1512 659 1536 eorum
704 1498 813 1546 ipsos
859 1495 1154 1545 cognoscimus.
1200 1494 1239 1532 Si
1287 1493 1390 1530 enim
1438 1491 1589 1530 faciunt
1629 1503 1751 1539 opera
1793 1497 1830 1525 et
1847 1498 1888 1519 20

518 1557 655 1593 vivunt
677 1556 757 1593 vita
782 1554 1083 1592 conversacioni
1107 1552 1257 1590 Christi
1281 1551 1556 1597 conformiter,
1582 1549 1690 1587 credi
1714 1549 1830 1584 debet

519 1616 733 1652 verborum
767 1613 909 1651 cortici
941 1626 1100 1658 eorum3
1134 1611 1164 1648 si
1190 1610 1393 1647 declinant
1416 1611 1465 1646 ad
1492 1609 1588 1645 folia
1612 1606 1831 1645 extrinseca

520 1673 684 1718 sterilia,
724 1672 832 1709 credi
871 1673 989 1708 debet
1026 1670 1215 1707 foliorum
1255 1667 1384 1705 verbis
1416 1667 1477 1704 sui
1510 1666 1756 1715 oppositum,
1790 1672 1833 1699 ut

523 1733 641 1768 docet
664 1731 846 1767 Christus
871 1728 1038 1766 Matthei
1060 1730 1161 1764 V110.
1199 1729 1292 1764 Ideo
1317 1725 1485 1775 quilibet
1519 1727 1635 1762 debet
1668 1724 1832 1772 palpare

524 1803 592 1827 cor
624 1802 738 1826 suum
779 1788 1032 1832 intrinsecus,
1072 1787 1104 1823 si
1144 1787 1262 1822 habet
1301 1785 1438 1820 lumen
1476 1782 1745 1832 intelligencie
1784 1780 1833 1817 ad
1851 1778 1890 1810 25

523 1848 846 1896 cognoscendum
880 1845 1029 1883 Christi
1065 1845 1268 1881 mandata.
1303 1843 1488 1880 Secundo
1521 1843 1638 1878 debet
1670 1840 1834 1888 palpare

523 1906 700 1943 animam
732 1917 846 1941 suam
879 1904 911 1940 si
943 1903 1115 1952 imperat
1149 1901 1307 1950 corpori
1340 1902 1390 1937 ad
1416 1900 1628 1937 vivendum
1660 1896 1835 1936 consiliis

524 1963 674 2000 Christi
713 1962 986 2000 conformiter.
1032 1963 1081 1998 Et
1119 1960 1245 1997 tercio
1284 1960 1400 1995 debet
1439 1959 1606 2007 palpare
1645 1964 1834 2000 mentem,

523 2031 567 2058 ut
600 2022 751 2058 recolat
783 2022 891 2069 quod
924 2019 1061 2056 onmia
1095 2032 1166 2055 sua
1204 2018 1324 2055 faciat
1362 2026 1527 2065 propter
1565 2018 1758 2053 honorem
1799 2022 1836 2049 et

525 2092 705 2117 amorem
742 2078 894 2116 domini
925 2080 1017 2115 Jesu
1050 2077 1212 2114 Christi.
1257 2078 1305 2112 Et
1338 2084 1432 2111 tunc
1463 2074 1698 2123 negociatur
1730 2080 1836 2109 recte
1854 2079 1896 2102 ³0

526 2139 576 2175 ad
610 2138 734 2174 instar
767 2139 881 2174 beate
912 2135 1075 2184 virginis
1108 2134 1253 2172 Cecilie
1286 2133 1398 2171 cuius
1430 2133 1685 2169 sanctitatem
1719 2129 1837 2167 hodie

527 2195 808 2244 sollempnizat
842 2194 1023 2231 ecclesia.

297 2266 354 2295 We
375 2270 457 2305 must
587 2255 711 2290 Debet
744 2253 848 2289 enim
883 2252 1123 2289 christianus
1157 2249 1377 2287 rectificata
1410 2250 1484 2286 ista
1516 2248 1665 2297 triplici
1705 2246 1838 2284 anime

295 2309 461 2366 §Jlfffflfk
528 2311 713 2360 potencia
736 2310 962 2347 examinare
984 2309 1116 2358 primo
1135 2310 1243 2358 quod
1266 2309 1416 2357 patitur
1440 2316 1604 2356 propter
1620 2305 1838 2350 Christum,

530 2370 736 2418 quomodo
775 2368 871 2406 colit
902 2368 1106 2405 Christum
1147 2376 1185 2403 et
1223 2375 1418 2415 quantum
1457 2365 1617 2403 edificat
1649 2375 1838 2412 sponsam
1856 2356 1896 2391 35

530 2427 698 2473 Christi3
745 2428 816 2464 hec
849 2426 1012 2476 quidem
1051 2425 1163 2473 virgo
1197 2425 1328 2462 cilicio
1363 2426 1543 2461 membra
1577 2423 1770 2460 domabat
1803 2431 1840 2457 et

529 2485 702 2522 finaliter
752 2498 826 2534 pro
878 2497 1015 2522 amore
1060 2483 1208 2520 Christi
1254 2484 1443 2520 acerbum
1489 2494 1612 2530 genus
1658 2478 1839 2527 martyrii

529 2544 758 2580 tollerabat.
794 2544 938 2589 Quoad
972 2543 1121 2579 cultum
1158 2541 1242 2583 Dei,
1277 2541 1422 2578 dicitur
1455 2541 1562 2589 quod
1596 2551 1668 2576 nec
1701 2537 1840 2574 diebus

530 2614 603 2638 nec
635 2601 821 2638 noctibus
854 2603 903 2638 ab
936 2600 1125 2638 oracione
1163 2600 1224 2635 vel
1263 2599 1613 2647 contemplacione
1654 2597 1840 2640 vacabat3

532 2668 725 2707 quantum
759 2672 852 2696 vero
886 2661 935 2696 ad
964 2658 1266 2695 edificacionem
1292 2657 1470 2701 ecclesie,
1505 2658 1605 2693 duos
1628 2656 1768 2692 fratres
1791 2654 1841 2689 ad
1856 2658 1900 2689 40

533 2717 652 2753 fidem
676 2717 823 2754 Christi
848 2718 1117 2762 convertebat,
1151 2715 1406 2752 Almachium
1430 2714 1602 2751 iudicem
1628 2713 1843 2762 superabat
2055 2694 2062 2745 i

2044 800 2057 870 ἒ

2044 874 2057 913 ἑ

2048 915 2057 950 ³.

2045 956 2057 979 i

2047 990 2058 1012 a

2050 1016 2058 1058 l

602 2848 627 2882 2*y
648 2839 672 2867 3.
695 2841 738 2868 A:
766 2841 955 2881 respondere
973 2848 1078 2876 opera.
1169 2847 1210 2867 22.
1232 2840 1275 2867 A:
1302 2839 1412 2867 cortici
1429 2838 1522 2875 quod.
1612 2836 1653 2865 23.
1676 2838 1720 2864 A:
1748 2835 1843 2863 verbi.

533 2875 733 2944 Ξῖἲᾱὲῃεῑιᾶοὴ.
754 2875 790 2904 λ.
870 2882 910 2903 23.
931 2876 975 2903 A:
995 2875 1187 2903 intellective.
1261 2872 1299 2902 31.
1320 2875 1364 2901 A:
1387 2873 1533 2901 Concilie.
1606 2872 1651 2906 34¹
1674 2873 1718 2899 A:
1743 2871 1844 2905 primo
