2062 3276
178 908 216 929 IO

138 1166 212 1197 Fol.

131 1214 211 1255 'ltusn

239 264 375 293 semro
397 254 495 308 vm]
721 269 910 307 QUARTA
939 270 1065 301 PARS.

1787 272 1838 317 69

236 373 391 422 passiva
425 374 557 422 passio
590 388 668 423 qua
703 375 923 412 formaliter
955 377 1043 425 quis
1076 386 1309 426 temptatur,
1345 390 1381 417 et
1414 382 1551 419 distin·
1565 391 1644 418 How
1666 391 1746 423 God.
1769 400 1839 420 man

235 431 370 480 guitur
413 434 632 469 secundum
677 433 943 470 variat-ionem
986 435 1247 484 multiplicem
1283 441 1549 487 temptatoris,

234 499 277 526 ut
301 492 420 533 Deus,
456 491 576 527 homo
609 501 645 527 et
669 492 863 539 dyabolus
896 506 989 540 sepe
1022 503 1235 542 temptant.
1272 498 1378 532 Deus
1413 507 1547 535 autem

233 560 392 595 semper
426 549 525 584 bene
559 549 650 597 quia
687 549 801 596 iuste,
851 551 970 587 bomo
1004 561 1139 588 autem
1172 566 1278 590 nunc
1313 555 1412 591 bene
1444 569 1550 593 nunc

234 606 350 652 male,
385 607 452 642 sed
477 608 670 654 dyabolus
705 620 865 655 semper
899 609 1014 645 male.
1049 612 1222 655 Quando
1256 622 1391 649 autem
1428 614 1549 651 homo

233 663 339 711 capit
371 664 624 701 occasionem
658 678 679 701 a
713 679 954 715 quocunque
986 681 1066 703 non
1089 669 1281 705 racionali
1304 680 1346 706 ut
1370 672 1418 707 de
1441 672 1550 708 viciis

231 722 292 758 vel
327 731 511 759 creatura
555 723 691 771 aliqua
736 733 778 760 ut
824 724 1064 762 intrinsecus
1109 726 1158 763 sit
1203 736 1437 776 temptatus,
1483 730 1548 766 ille

232 780 371 827 pocius
404 793 444 816 se
477 780 608 828 ipsum
643 790 815 830 temptat
859 782 940 819 sive
980 783 1163 821 diabolus
1209 799 1329 833 quam
1376 801 1437 823 res
1482 788 1549 824 illa

232 837 438 880 naturalis,
486 852 563 887 que
608 852 706 887 pure
754 840 849 876 facit
896 843 1003 889 quod
1050 842 1247 880 incumbit
1294 857 1366 880 suo
1415 846 1548 883 officio

231 896 418 932 naturali.
453 898 738 945 Supponamus
773 911 866 946 ergo
900 901 1007 947 quod
1031 902 1137 936 Deus
1161 904 1405 951 quandoque
1429 917 1545 940 suum

231 954 547 1002 predestinatum
582 955 707 991 filium
742 965 913 1004 temptat
945 959 995 994 ad
1030 959 1216 995 meritum
1243 969 1280 996 et
1303 963 1547 1009 quandoque

230 1012 448 1060 prescitum
502 1014 552 1049 ad
604 1014 939 1061 dampnacionem
994 1029 1038 1052 ex
1083 1017 1355 1065 condignitate
1403 1019 1546 1067 prioris

230 1070 412 1106 demeriti
450 1070 604 1107 inducit
641 1071 681 1107 in
719 1073 1031 1121 temptacionem
1073 1076 1370 1123 desperacionis
1402 1078 1543 1116 finalis.

230 1128 416 1165 Obmissa
451 1142 544 1177 ergo
577 1130 847 1177 temptacione
882 1132 1042 1168 Domini
1075 1146 1148 1180 pro
1182 1135 1255 1171 hoc
1288 1135 1376 1171 loco
1408 1135 1544 1172 viden-

228 1188 323 1222 dum
353 1183 358 1238 Ι
387 1195 444 1223 est
467 1188 514 1223 de
537 1189 807 1235 temptacione
831 1190 1002 1237 dyaboli,
1023 1204 1102 1239 qua
1125 1192 1288 1239 plurimi
1311 1202 1403 1229 sunt
1426 1194 1543 1230 hodie

228 1245 375 1288 vexati3
416 1254 454 1281 et
491 1248 801 1293 supponendum
837 1257 893 1284 est
933 1250 1040 1297 quod
1074 1250 1195 1286 homo
1229 1260 1452 1299 temptatur
1485 1265 1543 1289 se-

228 1304 404 1339 cundum
438 1303 629 1350 animam,
664 1317 753 1341 cum
787 1319 867 1342 non
899 1316 1065 1343 vacante
1098 1308 1295 1356 cognitiva
1327 1310 1471 1347 virtute
1504 1311 1544 1347 in

227 1360 388 1397 homine
420 1375 500 1397 non
533 1363 621 1410 plus
650 1372 917 1411 temptaretur
939 1378 961 1401 a
983 1365 1143 1402 diabolo
1167 1380 1288 1414 quam
1314 1368 1439 1404 bestia
1463 1368 1542 1405 sive

226 1418 346 1466 lapis;
369 1421 475 1455 unde
498 1419 591 1456 licet
617 1421 737 1457 homo
755 1431 974 1470 temptetur
993 1423 1193 1460 iniciative
1212 1427 1260 1461 ab
1279 1426 1437 1462 obiecto
1457 1440 1542 1463 cor-

225 1489 349 1524 poreo
382 1479 603 1514 secundum
638 1479 867 1526 potenciam
897 1481 1140 1528 sensitivam,
1174 1496 1381 1532 nunquam
1407 1495 1543 1521 tamen

224 1543 445 1583 temptatur
461 1535 537 1572 nisi
556 1536 728 1574 finaliter
744 1537 785 1574 in
803 1538 1037 1576 racionabili
1056 1541 1241 1588 potencia
1262 1552 1302 1578 ut
1324 1544 1540 1590 voluntate,

224 1593 384 1630 racione
424 1593 614 1631 irascibili
654 1596 714 1632 vel
752 1597 1055 1645 concupiscibili
1088 1599 1137 1635 sit
1170 1609 1402 1647 temptatus.
1450 1602 1541 1638 Ideo

222 1653 425 1700 loquendo
449 1654 497 1688 de
518 1651 595 1690 ista
620 1654 787 1690 materia
805 1665 963 1703 oportet
981 1669 1208 1704 supponere
1228 1660 1335 1706 quod
1356 1661 1541 1707 potencia

222 1710 463 1747 intellectiva
483 1720 520 1747 et
537 1711 699 1748 volitiva
721 1713 823 1749 sicut
842 1723 880 1750 et
903 1714 977 1751 alie
1000 1716 1186 1763 potencie
1208 1717 1267 1757 (ut
1291 1718 1540 1754 declaratum

223 1778 281 1804 est
319 1768 428 1814 alibi)
475 1769 787 1817 distinguuntur.
834 1774 882 1808 Et
927 1786 1017 1809 cum
1059 1774 1245 1822 potencia
1289 1776 1447 1812 volitiva
1492 1777 1543 1812 sit

222 1839 410 1874 suprema
440 1827 481 1863 in
512 1828 687 1875 homine,
722 1829 762 1865 in
786 1843 865 1878 qua
890 1831 1064 1868 finaliter
1086 1842 1177 1868 sunt
1202 1833 1344 1869 merita
1367 1835 1427 1870 vel
1450 1848 1541 1882 pec—

223 1894 324 1927 cata,
358 1895 517 1933 oportet
547 1899 773 1935 supponere
803 1890 911 1936 quod
945 1891 1139 1937 dyabolus
1173 1903 1216 1927 ex
1249 1904 1321 1928 sua
1352 1893 1541 1940 superbia

221 1943 393 1980 intendit
426 1953 623 1992 temptare
657 1946 862 1982 hominem
898 1947 1070 1984 finaliter
1092 1949 1132 1985 in
1155 1949 1342 1996 potencia
1365 1951 1537 1989 volitiva.

280 2003 328 2038 Et
381 2015 471 2038 cum
524 2004 704 2052 superbia
757 2017 890 2041 eorum
943 2007 1008 2054 qui
1063 2014 1099 2042 te
1151 2009 1317 2043 oderunt
1367 2010 1540 2045 ascendit

219 2072 385 2109 semper,
418 2070 528 2108 patet
560 2062 757 2098 conformi
792 2064 993 2100 evidencia
1027 2066 1135 2113 quod
1168 2067 1362 2113 dyabolus
1399 2067 1539 2104 nititur

220 2117 392 2154 finaliter
424 2128 622 2167 temptare
655 2121 858 2157 hominem
886 2131 928 2158 ut
951 2124 1146 2170 desperet.
1182 2126 1256 2160 Per
1288 2125 1396 2160 illam
1433 2125 1535 2161 enim

218 2177 532 2224 temptacionem
578 2178 831 2216 victoriosam
879 2180 1039 2217 finalem
1086 2182 1268 2218 diabolus
1302 2182 1538 2231 simpliciter

219 2235 435 2282 superabit,
461 2245 498 2272 et
521 2249 611 2272 cum
637 2249 679 2273 ex
703 2236 841 2274 innata
874 2238 1021 2275 invidia
1054 2240 1208 2288 appetit
1231 2241 1535 2288 superacionem

219 2292 455 2340 simpliciter
487 2307 566 2342 qua
599 2296 720 2331 homo
755 2297 983 2333 eternaliter
1028 2297 1078 2334 sit
1124 2300 1380 2346 dampnatus,
1427 2309 1537 2347 patet

219 2353 326 2398 quod
370 2353 525 2389 laborat
564 2353 722 2389 assidue
767 2368 839 2402 pro
883 2355 959 2391 isto
1005 2365 1171 2403 peccato
1205 2357 1333 2393 finalis
1366 2357 1537 2405 impeni-

218 2409 346 2445 tencie
379 2410 620 2447 inducendo.
663 2413 777 2448 Unde
810 2413 974 2462 quidam
1014 2414 1055 2450 in
1093 2414 1168 2451 isto
1208 2417 1340 2452 duello
1373 2416 1535 2452 viatoris

285 2542 310 2571 3.
332 2544 360 2571 1:
382 2547 413 2572 et
431 2545 531 2572 deest:
553 2545 592 2572 ib.
614 2546 640 2573 I:
662 2549 798 2582 temptat.
861 2547 883 2574 5.
906 2549 950 2575 A:
970 2549 1059 2575 homo
1081 2549 1174 2575 deest.
1239 2550 1266 2577 6.
1288 2551 1332 2577 A:
1355 2554 1389 2577 ut
1405 2550 1533 2579 diviciis.

216 2588 242 2615 7.
272 2580 297 2605 l:
325 2582 468 2606 creatura
493 2583 564 2607 aeia.
709 2590 749 2608 10.
778 2582 806 2609 I:
834 2583 955 2616 igitur,-
982 2584 1024 2610 ib.
1052 2584 1062 2610 I
1090 2584 1120 2610 in
1148 2592 1262 2619 marg:
1290 2585 1374 2612 Deus
1398 2589 1532 2621 temptat.

216 2622 256 2642 12.
269 2614 336 2641 DE:
351 2615 600 2649 dampnacionem
616 2616 680 2643 eins
693 2617 858 2650 dignitate.
917 2626 956 2651 ¹4·
974 2620 982 2644 l
995 2629 1000 2645 ς
1015 2618 1125 2653 igilur.
1184 2619 1218 2646 15.
1237 2620 1263 2646 l:
1279 2619 1316 2647 de
1330 2621 1535 2655 temptacione

217 2651 310 2676 deest.
392 2650 432 2676 ιδ.
454 2650 465 2675 Ι
487 2650 515 2676 in
540 2658 652 2685 marg:
678 2651 856 2687 'l'emptatur
875 2653 965 2679 homo
984 2654 1148 2680 secundum
1168 2655 1309 2681 animam.
1385 2663 1426 2689 19.
1448 2656 1476 2682 I:
1496 2657 1533 2683 ab

216 2685 311 2711 deest.
385 2692 424 2711 21.
446 2684 546 2711 ADE:
569 2686 730 2713 racionali.
797 2694 844 2720 24.
860 2687 899 2719 25,
916 2690 959 2715 εδ.
976 2689 1019 2715 A:
1041 2689 1185 2715 volutam.
1253 2697 1299 2724 29.
1320 2689 1345 2717 E
1365 2690 1394 2717 in
1417 2699 1532 2725 marg:

528 2719 656 2747 Volilim
672 2722 817 2756 potencia

525 2756 671 2789 potencia
692 2756 816 2783 voll'tz'm

215 2796 262 2823 29.
284 2789 295 2815 I
315 2789 344 2815 in
367 2796 481 2823 marg:
510 2789 656 2817 Dmbolus
675 2793 803 2825 temptat
819 2792 969 2819 hominem
989 2793 1019 2820 in
1035 2793 1182 2828 potencia
1202 2794 1336 2821 valitiva.
1438 2793 1480 2821 33.
1504 2795 1530 2820 I:

215 2823 360 2858 superbit.
416 2822 462 2857 34.
484 2824 586 2859 A:fit
603 2825 792 2860 dampnatus.
850 2826 895 2854 36.
917 2828 946 2854 A
965 2827 995 2854 in
1018 2836 1131 2862 marg:
1152 2827 1287 2855 Primum
1306 2832 1529 2864 argmnentmn.

289 2905 340 2938 ²9·
367 2896 421 2927 Ps.
450 2896 594 2936 LXXIII,
623 2898 676 2929 23.

841 2724 854 2788 ἓ
875 2748 1017 2775 suprema
1037 2741 1068 2768 in
1088 2741 1220 2768 homine.

1588 427 1647 453 and
1669 427 1719 454 the
1739 427 1820 455 dcvi!

1645 465 1753 497 tempt.

1570 1203 1769 1242 Temptation
1791 1214 1817 1241 is

1584 1242 1751 1274 addressed
1774 1253 1805 1275 to

1579 1277 1628 1304 the
1649 1281 1728 1316 soul,
1749 1284 1807 1310 and

1566 1314 1711 1351 specially
1733 1321 1762 1344 to
1783 1319 1832 1346 the

1658 1353 1731 1380 will.

1560 2026 1627 2054 The
1647 2028 1725 2055 devil
1747 2028 1820 2055 tries

1571 2066 1601 2089 to
1622 2066 1719 2098 tempt
1740 2071 1810 2090 men

1597 2101 1628 2124 to
1649 2097 1782 2133 despair.
