2062 3276
179 251 252 288 158
754 261 977 294 JOHANNIS
994 261 1178 293 WYCLIF
1199 261 1455 294 sERMONUM
1513 249 1669 303 [semro
1692 258 1772 288 xix.

951 400 1143 441 SERMO
1177 402 1287 442 XIX.

966 478 1077 512 iSerm.
1099 479 1187 506 Mixti
1207 479 1271 512 VI.)

522 555 563 589 In
597 553 770 589 omnibus
803 553 969 602 requiem
1009 553 1163 602 quesivi.
1210 553 1482 590 Ecclesiastici
1515 555 1672 601 XX1V0,
1714 568 1773 591 11.

196 617 298 645 These
319 617 423 656 words
520 612 688 648 Videtur
722 623 764 647 ex
797 623 988 659 processu
1021 611 1137 647 huius
1171 611 1347 648 auctoris
1393 613 1500 660 quod
1548 612 1623 649 ista
1654 614 1774 650 verba

189 652 435 714 aremztlilttlmopie
462 670 641 718 loquitur
687 669 898 717 Sapiencia
944 669 1135 715 increata,
1189 670 1282 718 quia
1328 670 1367 706 in
1412 672 1551 707 eodem
1599 670 1808 719 capitulofi

230 721 393 786 Ῑξζῗίξὲθέᾗξά
463 728 573 777 prius
607 728 662 764 sic
695 726 900 764 scribitur:
946 727 1037 778 Ego
1077 739 1127 764 ex
1162 741 1229 764 ore
1261 729 1439 764 altissimi
1464 729 1600 777 prodii
1624 729 1774 778 primo-

462 787 593 837 genita
626 793 714 822 ante
745 798 893 822 omnem
928 793 1163 822 creaturam.
1214 788 1261 821 Et
1294 786 1495 835 sequitur:
1529 788 1570 822 In
1605 788 1778 824 omnihus

463 845 631 894 requiem
666 844 811 893 quesivi
841 852 915 881 etc.
958 845 1050 880 Ideo
1083 844 1241 881 videtur
1273 853 1422 880 textum
1457 844 1577 881 istum
1612 857 1697 882 esse
1730 847 1777 882 de

463 902 643 939 increata
668 901 881 950 Sapiencia
914 901 1192 950 principaliter
1225 904 1519 951 exponendum.
1555 905 1654 940 Cum
1681 916 1774 951 ergo

463 960 539 997 ista
563 960 776 1008 Sapiencia
810 960 860 996 sit
892 963 1010 1000 Deus*
1045 962 1150 1010 apud
1182 973 1291 1010 quem
1325 975 1397 997 non
1432 969 1487 998 est
1513 974 1775 1011 personarum
1798 973 1835 994 10

463 1019 651 1070 accepcio,
705 1027 815 1066 patet
860 1020 966 1067 quod
1013 1019 1053 1055 in
1098 1019 1285 1055 omnibus
1330 1019 1562 1056 hominibus
1608 1019 1777 1068 quesivit

463 1076 658 1125 requiem,
693 1076 939 1125 sapienciam
974 1085 1010 1113 et
1033 1077 1209 1125 graciam
1235 1077 1455 1125 offerendo,
1489 1079 1557 1114 sed
1581 1078 1615 1114 iu
1640 1087 1777 1114 sancta

465 1135 631 1172 ecclesia
664 1147 741 1183 que
774 1144 831 1171 est
865 1135 1064 1171 hereditas
1096 1136 1256 1171 Domini
1293 1138 1426 1184 quoad
1460 1136 1705 1184 sapienciam
1741 1145 1777 1172 et

465 1193 642 1241 graciam
676 1202 872 1241 perpetuo
907 1201 961 1229 est
994 1201 1181 1237 moratus,
1226 1194 1285 1229 vel
1331 1194 1527 1230 extensius
1571 1195 1775 1243 loquendo

464 1260 595 1300 potest
630 1251 708 1287 dici
742 1252 849 1300 quod
883 1250 923 1286 in
958 1260 1138 1288 creatore
1174 1261 1210 1288 et
1250 1252 1427 1300 qualibet
1474 1260 1657 1289 creatura
1703 1252 1777 1288 ista
1798 1252 1834 1285 15

173 1316 274 1343 which
294 1315 401 1342 dweus
418 1314 448 1342 in
465 1308 678 1358 Sapiencia
723 1310 847 1358 querit
892 1309 1074 1358 requiem,
1128 1323 1217 1346 cum
1273 1309 1313 1345 in
1368 1310 1545 1359 qualibet
1592 1319 1778 1347 creatura

175 1351 448 1420 bfflls‘ssffijffifffsffi
465 1367 603 1404 rutilat
636 1367 836 1415 potencia,
885 1367 1089 1415 sapiencia
1135 1377 1171 1404 et
1216 1368 1438 1405 clemencia
1471 1368 1676 1405 creatoris.
1730 1370 1778 1404 Et

174 1417 448 1455 tlicpredestifiate.
465 1425 520 1462 sic
554 1438 644 1462 cum
679 1425 719 1462 in
743 1425 923 1474 qualibet
948 1435 1132 1462 creatura
1156 1426 1305 1463 invenit
1329 1426 1405 1463 ista
1428 1426 1633 1475 sapiencia
1658 1427 1776 1463 finem

465 1484 524 1521 sui
579 1483 710 1532 operis
765 1493 1102 1530 consummatum,
1157 1493 1288 1532 potest
1334 1484 1411 1521 dici
1457 1486 1565 1534 quod
1610 1485 1776 1534 requiem

465 1543 588 1591 querit
632 1542 672 1578 in
716 1541 906 1578 omnibus
951 1544 1018 1579 sed
1064 1542 1320 1590 singulariter
1364 1542 1513 1579 invenit
1557 1542 1597 1579 in
1636 1544 1777 1591 prede·
1797 1554 1837 1575 20

465 1600 634 1636 stinatis.

523 1659 616 1694 Ideo
650 1659 697 1694 de
729 1658 806 1694 illis
840 1660 1099 1705 P1-ov.V1110‚
1129 1659 1170 1694 31
1204 1658 1369 1694 dicitur:
1404 1659 1552 1695 Delicie
1581 1671 1661 1695 mee
1692 1666 1779 1695 suut

465 1729 545 1752 esse
578 1716 784 1766 cumfiliis
817 1717 1025 1754 homiuum.
1073 1717 1174 1753 Cum
1219 1716 1296 1752 illis
1343 1716 1445 1753 enim
1493 1716 1776 1765 predestinatis

464 1783 661 1823 perpetuo
695 1783 877 1811 moratur
909 1788 980 1823 per
1009 1774 1185 1822 graciam
1213 1784 1249 1810 et
1273 1774 1520 1823 sapienciam
1554 1775 1775 1811 secularem

465 1832 728 1880 prudenciam
764 1834 1035 1869 excedentem.
1083 1835 1130 1868 Et
1164 1832 1364 1881 sequitur:
1406 1834 1509 1869 Tunc
1535 1833 1711 1883 precepit
1743 1840 1777 1869 et
1795 1834 1834 1866 25

465 1891 565 1927 dixit
598 1891 692 1926 mihi
722 1899 878 1927 creator
910 1891 1092 1936 omnium,
1132 1891 1207 1927 hoc
1241 1900 1312 1933 est,
1354 1899 1440 1927 tota
1471 1891 1662 1936 Trinitas,
1709 1892 1777 1927 sed

464 1948 714 1996 originaliter
748 1951 853 1985 Deus
887 1958 1000 1997 pater
1033 1962 1106 1997 pro
1140 1949 1366 1986 salv-acione
1412 1948 1577 1985 humani
1622 1948 1777 1997 generis

464 2015 701 2056 preceperat
733 2006 949 2043 incarnari.
984 2009 1031 2043 Et
1065 2007 1120 2043 sic
1153 2016 1282 2043 totum
1317 2006 1613 2044 incarnacionis
1644 2007 1778 2044 miste-

463 2064 564 2100 rium
602 2065 694 2101 fecit
726 2065 902 2102 Trinitas
937 2065 1189 2113 supradictag
1230 2074 1266 2102 et
1307 2065 1361 2102 sic
1402 2065 1468 2102 illa
1500 2064 1676 2102 Trinitas
1710 2077 1780 2114 que

464 2123 610 2159 creavit
654 2123 752 2158 hauc
789 2124 1021 2173 sapienciam
1063 2123 1304 2159 incarnatam
1338 2124 1560 2173 specialiter
1592 2123 1778 2172 requievit
1796 2126 1837 2158 30

463 2180 503 2216 in
535 2180 788 2217 humanitate
821 2190 1028 2230 assumpta
1062 2194 1137 2230 que
1162 2190 1218 2217 est
1241 2182 1530 2217 tabernaculum
1557 2182 1664 2217 verbi
1682 2181 1780 2226 Dei‚·

463 2238 555 2275 ideo
610 2238 705 2274 dicit
751 2240 970 2287 Apostolus
1023 2240 1131 2287 quod
1184 2239 1219 2275 in
1258 2239 1413 2276 Christo
1465 2239 1612 2275 habitat
1656 2239 1779 2276 omnis

458 2297 661 2346 plenitudo
696 2297 905 2333 divinitatis
937 2297 1210 2347 corporaliter.

521 2356 602 2391 Nec
636 2356 749 2391 obest
782 2357 849 2392 sed
899 2363 1095 2392 consonat
1139 2356 1247 2404 quod
1294 2356 1431 2391 eadem
1479 2354 1682 2403 sapiencia
1729 2355 1778 2391 sit

462 2412 654 2459 increata,
680 2412 774 2462 quia
808 2413 1010 2459 divinitus,
1047 2422 1082 2450 et
1116 2422 1262 2459 creata,
1289 2413 1381 2462 quia
1405 2413 1649 2460 humanitus,
1677 2412 1778 2449 sicut
1796 2414 1836 2448 35

533 2534 557 2563 3.
573 2535 630 2563 Hic
646 2544 747 2562 serino
764 2544 817 2563 nce
835 2544 895 2563 non
911 2540 938 2563 ct
953 2545 982 2562 sc
1010 2544 1083 2563 nens
1104 2536 1132 2563 in
1149 2536 1256 2563 codd.:
1278 2535 1361 2563 ΑΙὶΕ
1383 2537 1541 2563 habentur.
1563 2537 1591 2563 A
1611 2536 1640 2563 in
1663 2544 1777 2570 marg:

465 2570 571 2599 Sermo
591 2570 671 2602 XIX,-
697 2570 721 2597 D
743 2571 773 2597 in
795 2579 909 2605 marg:
931 2570 1007 2598 ΧΓ.
1034 2570 1146 2598 Μανία
1221 2578 1248 2605 9.
1270 2570 1294 2597 E
1315 2571 1344 2598 in
1366 2579 1469 2605 marg:
1494 2571 1659 2605 Sapieucia
1679 2571 1781 2606 querit

464 2606 608 2639 requiem.
689 2605 726 2632 15.
747 2607 791 2632 A:
813 2606 843 2632 in
863 2609 1005 2632 creatore
1024 2610 1050 2632 et
1070 2606 1163 2632 deest.
1246 2613 1288 2632 22.
1310 2607 1354 2632 A:
1376 2614 1421 2633 me
1439 2608 1518 2632 sunt.
1600 2605 1643 2633 25.
1664 2607 1707 2632 A:
1730 2613 1778 2632 ex-

464 2640 629 2667 cellentem.
703 2640 749 2669 28,
765 2648 812 2675 29.
832 2641 876 2668 A:
898 2640 1107 2667 ministerium.
1181 2639 1220 2667 31.
1242 2640 1265 2667 E
1285 2640 1315 2667 in
1338 2649 1452 2675 marga
1479 2640 1612 2667 Trinitas
1631 2640 1781 2675 requievit

464 2674 494 2701 in
516 2674 703 2701 humanitate
720 2679 883 2709 assumpta.

537 2748 564 2779 3.
608 2747 738 2788 Epistle
781 2746 834 2777 for
874 2745 931 2777 the
973 2747 1213 2788 Assumption.
1367 2746 1397 2778 ὁ.
1440 2747 1545 2778 Eccli.
1586 2747 1703 2785 XXIV,
1749 2746 1776 2777 5.

471 2803 519 2824 io.
554 2792 627 2824 Col.
655 2793 707 2832 III,
737 2792 788 2824 25.
816 2793 918 2824 Rom.
944 2793 1030 2832 XXI,
1063 2804 1111 2825 11.
1256 2803 1308 2836 τις).
1335 2793 1454 2835 Vulg.:
1490 2793 1537 2824 Et
1567 2792 1664 2824 dixit
1696 2791 1779 2824 milti

465 2844 609 2871 creator
634 2840 800 2878 omnium¹
827 2844 860 2870 et
878 2839 935 2879 qui
954 2839 1088 2871 creavit
1108 2850 1172 2878 me,
1201 2840 1369 2881 requievit
1388 2839 1420 2871 in
1441 2839 1669 2871 tabernaculo
1690 2848 1775 2871 meo.

467 2886 519 2919 32.
548 2886 621 2917 Col.
648 2886 685 2925 ΙΙ,
713 2896 743 2928 ς).
