2062 3276
232 575 299 602 Our
319 573 476 601 affections

219 610 315 644 ought
334 614 365 636 to
387 609 423 635 be
444 612 488 634 set

253 653 292 671 on
315 643 460 678 heavenly

299 679 411 713 things.

265 2197 313 2225 All
336 2197 451 2231 earihly

224 2234 328 2268 things
350 2229 440 2259 must*
456 2233 490 2258 be

250 2268 299 2294 left
321 2272 349 2294 at
369 2267 469 2295 death.

802 288 1025 319 JOHANNIS
1044 288 1228 319 WYCLIF
1248 288 1503 319 SERMONUM
1538 274 1690 331 [SERMO
1711 285 1818 313 XLVI·

510 394 715 431 cessitatus
761 402 817 430 est
862 394 965 430 exire
1008 394 1112 430 viam
1147 393 1293 430 Christi
1334 402 1370 429 et
1403 394 1535 430 videre
1579 394 1818 442 temporalia

509 452 778 489 sollicitudine
811 452 927 487 anxia
961 461 997 488 et
1030 465 1101 500 per
1134 464 1381 500 consequens
1413 465 1494 488 non
1517 461 1676 500 gustare
1699 465 1818 500 quam

508 510 638 546 suavis
671 509 720 546 sit
754 509 962 546 Dominus.

567 569 717 604 Contra
750 567 848 604 illud
881 577 1089 616 peccatum
1124 567 1296 604 instatur
1328 567 1559 616 tripliciter:
1599 568 1730 616 primo
1762 567 1817 603 vi-

510 627 625 662 detur
658 628 764 674 quod
798 626 846 662 sit
880 625 1050 662 maxime
1084 625 1323 669 innaturale,
1358 638 1449 662 nam
1481 625 1848 674 principalissimas

509 697 600 732 pars
635 684 808 720 hominis
848 693 905 720 est
943 683 1079 720 anima
1123 697 1199 732 que
1245 685 1359 720 debet
1404 684 1640 720 naturaliter
1684 696 1819 720 amare

508 741 582 778 sibi
616 741 744 778 simile
777 742 817 778 in
852 751 1008 787 natura,
1044 741 1269 778 cuiusmodi
1303 752 1358 778 est
1391 751 1536 778 natura
1569 742 1750 790 angelica
1783 751 1819 778 et

508 799 731 848 spiritualia
755 800 936 845 celestia3
970 801 1038 835 sed
1072 812 1160 836 cum
1194 800 1399 836 terrestria
1431 809 1522 836 sunt
1556 813 1576 836 a
1610 800 1819 836 celestibus

508 858 679 894 maxime
712 858 910 906 elongata,
955 857 1193 894 affecciones
1233 870 1309 906 que
1348 868 1439 894 sunt
1478 859 1584 894 circa
1616 857 1819 894 terrestria

508 924 600 952 sunt
632 924 774 952 nature
808 915 939 952 anime
973 915 1186 952 contrarie.
1221 916 1475 952 Manifestum
1502 926 1559 952 est
1583 929 1676 964 ergo
1710 917 1818 964 quod

509 973 780 1010 contrariatur
824 982 966 1010 nature
1012 973 1144 1010 anime
1177 973 1231 1010 sic
1265 974 1371 1010 affici
1416 974 1521 1011 circa
1565 974 1818 1022 temporalia,

509 1041 545 1068 et
584 1044 673 1068 cum
720 1031 806 1080 ipsa
851 1031 899 1068 sit
945 1032 1185 1068 elementum
1232 1032 1520 1081 predominans
1564 1032 1604 1068 in
1644 1031 1818 1075 homine,

511 1089 765 1126 manifestum
799 1089 957 1126 videtur
990 1091 1097 1138 quod
1132 1090 1296 1127 affeccio
1338 1090 1511 1127 hominis
1552 1092 1668 1127 debet
1706 1098 1821 1126 natu-

509 1148 644 1184 raliter
677 1148 769 1184 ferri
803 1147 842 1184 in
876 1148 949 1184 hiis
983 1160 1060 1196 que
1092 1161 1248 1184 sursum
1283 1158 1373 1184 sunt
1406 1158 1442 1185 et
1475 1162 1555 1185 non
1588 1161 1665 1196 que
1703 1160 1821 1195 super

508 1215 670 1242 terram.
705 1208 746 1242 In
780 1205 891 1242 cuius
924 1206 1082 1254 signum
1107 1206 1286 1243 Christus
1320 1207 1506 1255 apparuit
1538 1206 1577 1243 in
1611 1219 1742 1249 carne,
1776 1215 1819 1241 ut
1861 1212 1874 1243 ἶ

510 1265 754 1312 abnegantes
799 1264 1044 1312 impietatem
1087 1273 1122 1300 et
1161 1264 1357 1301 secularia
1403 1264 1598 1302 desideria
1643 1264 1820 1301 vivamus

509 1322 730 1370 simplicem
764 1322 883 1359 vitam
916 1322 956 1358 in
990 1324 1064 1359 hoc
1096 1324 1243 1369 seculo,
1279 1332 1314 1359 et
1354 1323 1526 1360 finaliter
1564 1322 1742 1360 ascendit
1780 1322 1819 1357 in

510 1381 653 1427 celum⁷
687 1389 729 1416 ut
762 1380 855 1416 illuc
888 1383 1026 1417 tendat
1059 1390 1194 1417 nostra
1227 1381 1405 1418 devocio.

568 1440 753 1475 Secundo
799 1439 934 1475 docuit
978 1448 1120 1475 natura
1165 1439 1295 1487 prima
1339 1439 1454 1476 istam
1501 1439 1745 1476 sentenciam
1781 1438 1819 1473 in

512 1497 585 1533 hoc
630 1498 737 1545 quod
783 1497 981 1533 ordinavit
1026 1506 1173 1533 terram
1208 1510 1229 1534 a
1262 1498 1347 1534 celo
1393 1498 1562 1535 maxime
1607 1497 1851 1533 distantem-

511 1567 532 1590 a
564 1555 732 1603 pedibus
767 1555 973 1591 hominum
1009 1556 1342 1601 conculcandum,
1377 1558 1426 1592 ad
1462 1556 1686 1592 docendum
1713 1555 1818 1603 quod

511 1612 675 1649 affeccio
715 1613 961 1649 terrestrium
1004 1613 1174 1649 maxime
1214 1614 1372 1661 elongat
1405 1627 1426 1650 a
1460 1614 1684 1659 celestibus,
1729 1612 1819 1648 ideo

511 1672 654 1706 debent
687 1671 933 1719 suppeditari
968 1671 1007 1707 in
1040 1671 1198 1708 affectu.

566 1729 710 1765 Tercio
758 1730 923 1765 docetur
969 1729 1073 1765 idem
1119 1742 1161 1765 ex
1208 1731 1327 1765 modo
1372 1730 1542 1765 faciendi
1591 1738 1818 1766 sanctorum

511 1799 792 1823 conversorum
840 1787 878 1823 in
918 1787 1118 1835 primitiva
1162 1788 1328 1824 ecclesia
1374 1787 1441 1835 qui
1484 1789 1708 1824 vendebant
1751 1799 1820 1822 sua
1839 1792 1874 1823 ,ζ

510 1858 690 1893 possessa
724 1854 759 1881 et
803 1847 1005 1893 ponebant
1051 1845 1184 1894 precia
1229 1855 1319 1882 ante
1365 1847 1483 1894 pedes
1528 1846 1818 1894 apostolorum,

510 1905 559 1939 ad
613 1904 886 1940 denotandum
940 1905 1048 1952 quod
1100 1904 1338 1952 temporalia
1392 1905 1535 1940 debent
1589 1902 1818 1940 conculcari

511 1961 652 1997 affectu
695 1971 731 1998 et
771 1961 944 2010 supponi
989 1971 1184 2010 quantum
1232 1972 1289 1998 est
1334 1962 1602 1998 necessarium
1643 1962 1693 1998 ad
1731 1974 1821 2009 sup—

511 2021 755 2067 portandum
788 2028 1014 2068 presentem
1050 2019 1266 2056 miseriam.
1304 2020 1414 2056 Sicut
1444 2033 1537 2068 ergo
1563 2021 1660 2056 foret
1683 2028 1821 2055 contra

510 2087 694 2114 naturam
744 2079 850 2126 quod
900 2078 1029 2114 celum
1076 2079 1266 2114 adhereat
1309 2087 1425 2124 terre,
1480 2078 1535 2115 sic
1581 2087 1637 2114 est
1682 2085 1820 2113 contra
1840 2083 1854 2114 ζ’

511 2145 697 2172 naturam
732 2138 839 2184 quod
873 2136 1009 2172 anima
1043 2136 1213 2172 finaliter
1246 2136 1420 2172 afficitur
1452 2136 1718 2172 terrestribus.

571 2194 756 2230 Secundo
788 2193 962 2230 obicitur
996 2203 1135 2230 contra
1170 2195 1244 2230 hoc
1277 2203 1486 2242 peccatum
1522 2207 1591 2242 per
1615 2195 1690 2229 hoc
1715 2194 1821 2240 quod

513 2251 644 2287 omnis
678 2252 798 2288 homo
831 2251 1091 2288 necessitatus
1126 2261 1181 2288 est
1214 2252 1252 2288 in
1287 2253 1384 2288 hora
1420 2252 1557 2288 mortis
1589 2251 1726 2287 omnia
1748 2250 1821 2286 ista

513 2310 706 2355 deserere,
741 2312 807 2346 sed
841 2319 936 2346 tunc
968 2311 1131 2358 quando
1166 2310 1265 2346 foret
1299 2309 1428 2346 finalis
1460 2310 1687 2358 triumphus
1720 2308 1822 2357 peri-

1839 2372 1855 2404 ὀ.)

513 2367 762 2404 culosissime
795 2369 1015 2405 retardaret
1048 2368 1332 2416 temporalium
1372 2368 1571 2416 profunda
1610 2366 1820 2415 possessio.
1863 2371 1875 2403 Ξ

514 2427 605 2461 Ideo
640 2439 787 2473 magna
818 2426 975 2464 videtur
1007 2425 1183 2462 stulticia
1215 2425 1255 2462 in
1288 2426 1506 2462 afl'eccione
1538 2424 1821 2473 temporalium

512 2482 681 2519 nimium
715 2484 964 2532 profundari.
998 2484 1125 2520 Maior
1158 2493 1266 2532 patet
1298 2496 1368 2532 per
1400 2485 1636 2531 Apostolum
1672 2486 1682 2519 Ι
1715 2482 1820 2518 Tim.

514 2542 600 2587 Vl⁰‚
627 2554 669 2588 7:
706 2542 836 2577 Nichil
867 2543 1065 2577 intulimus
1097 2542 1132 2577 in
1165 2543 1264 2577 hunc
1297 2543 1495 2585 mumdum,
1528 2542 1632 2577 haud
1666 2541 1819 2576 dubium

515 2611 580 2635 nec
618 2600 765 2647 aliquid
802 2600 890 2635 inde
927 2601 1088 2648 auferre
1122 2612 1340 2648 possmmts.
1388 2601 1434 2635 Et
1469 2599 1599 2636 minor
1640 2607 1746 2646 patet
1780 2611 1821 2634 ex

581 2754 610 2778 4.
632 2746 659 2772 Α
682 2745 709 2774 in
732 2754 846 2780 marg:
867 2745 971 2772 Prima
992 2745 1136 2772 obieccio.
1210 2744 1233 2771 5.
1255 2746 1299 2772 A:
1321 2745 1483 2772 maximum
1504 2744 1664 2775 naturale,-
1686 2744 1725 2770 ib.
1748 2743 1772 2770 D
1793 2744 1822 2770 iu

514 2787 626 2812 marg:
666 2780 776 2807 Pulcra
813 2782 999 2815 argumenta
1036 2782 1142 2806 contra
1179 2780 1344 2806 amricsmn
1382 2783 1412 2806 et
1446 2787 1582 2806 amorem
1620 2778 1822 2806 terrestrium.

514 2815 541 2841 0.
565 2813 608 2841 G:
626 2822 704 2849 pars
725 2815 818 2841 dea-st.
861 2814 865 2815 ⁷
892 2823 917 2850 7.
939 2815 982 2841 A:
1005 2814 1086 2841 moa'z
1107 2814 1199 2841 deest.
1273 2821 1300 2848 9.
1323 2816 1367 2841 ‹;:
1389 2814 1531 2840 maxima.
1605 2821 1634 2847 ς),
1657 2822 1697 2840 ιο.
1720 2812 1822 2840 DGH:

513 2849 596 2876 circa
623 2865 646 2867 ψ
668 2849 769 2875 anime
789 2850 882 2876 deest.
941 2858 980 2876 io.
1005 2848 1075 2876 nG:
1097 2857 1175 2883 ergo
1196 2849 1289 2875 deest.
1348 2857 1385 2883 ¹7·
1410 2849 1451 2875 li:
1474 2851 1579 2875 ascen!
1644 2856 1690 2881 24.
1713 2847 1823 2882 tha-

512 2883 615 2944 ξῐεηῦῐ
633 2891 670 2910 ex
690 2883 790 2910 modo.
863 2891 898 2919 29
933 2883 1004 2910 DC:
1026 2884 1133 2918 igitur.
1213 2882 1253 2909 32.
1276 2884 1303 2910 A
1325 2884 1353 2910 in
1376 2891 1488 2917 marg:
1518 2883 1659 2910 Secundo
1680 2882 1822 2909 obieccio.

531 2925 556 2953 7.
625 2926 655 2944 in
677 2926 790 2952 marg:
814 2926 836 2944 1.
