<?xml version="1.0" encoding="UTF-8"?>
<!DOCTYPE html PUBLIC "-//W3C//DTD XHTML 1.0 Transitional//EN"
    "http://www.w3.org/TR/xhtml1/DTD/xhtml1-transitional.dtd">
<html xmlns="http://www.w3.org/1999/xhtml" xml:lang="en" lang="en">
 <head>
  <title>
</title>
<meta http-equiv="Content-Type" content="text/html;charset=utf-8" />
  <meta name='ocr-system' content='tesseract 3.04.00' />
  <meta name='ocr-capabilities' content='ocr_page ocr_carea ocr_par ocr_line ocrx_word'/>
</head>
<body>
  <div class='ocr_page' id='page_1' title='image "./iohanniswyclifse0704wycl_0423.png"; bbox 0 0 2062 3276; ppageno 0'>
   <div class='ocr_carea' id='block_1_1' title="bbox 225 249 1819 308">
    <p class='ocr_par' dir='ltr' id='par_1_1' title="bbox 225 249 1819 308">
     <span class='ocr_line' id='line_1_1' title="bbox 225 249 1819 308; baseline 0.005 -18"><span class='ocrx_word' id='word_1_1' title='bbox 225 261 360 290; x_wconf 82' lang='lat' dir='ltr'>SERMo</span> <span class='ocrx_word' id='word_1_2' title='bbox 381 249 445 308; x_wconf 83' lang='lat' dir='ltr'>l.1.]</span> <span class='ocrx_word' id='word_1_3' title='bbox 707 262 897 302; x_wconf 66' lang='lat' dir='ltr'><strong>QUARTA</strong></span> <span class='ocrx_word' id='word_1_4' title='bbox 927 263 1051 294; x_wconf 78' lang='lat' dir='ltr'>PARS.</span> <span class='ocrx_word' id='word_1_5' title='bbox 1742 251 1819 298; x_wconf 82' lang='lat'>403</span> 
     </span>
    </p>
   </div>
   <div class='ocr_carea' id='block_1_2' title="bbox 168 368 1830 2513">
    <p class='ocr_par' dir='ltr' id='par_1_2' title="bbox 192 368 1818 651">
     <span class='ocr_line' id='line_1_2' title="bbox 282 368 1757 420; baseline -0.004 -12"><span class='ocrx_word' id='word_1_6' title='bbox 282 372 359 409; x_wconf 89' lang='lat' dir='ltr'>Sed</span> <span class='ocrx_word' id='word_1_7' title='bbox 391 379 552 420; x_wconf 89' lang='lat' dir='ltr'>sputum</span> <span class='ocrx_word' id='word_1_8' title='bbox 587 370 733 408; x_wconf 85' lang='lat' dir='ltr'>Christi</span> <span class='ocrx_word' id='word_1_9' title='bbox 768 383 847 419; x_wconf 88' lang='lat' dir='ltr'>quo</span> <span class='ocrx_word' id='word_1_10' title='bbox 886 369 1015 417; x_wconf 83' lang='lat' dir='ltr'>tetigit</span> <span class='ocrx_word' id='word_1_11' title='bbox 1053 369 1230 417; x_wconf 85' lang='lat' dir='ltr'>linguam</span> <span class='ocrx_word' id='word_1_12' title='bbox 1273 368 1372 405; x_wconf 90' lang='lat' dir='ltr'>muti</span> <span class='ocrx_word' id='word_1_13' title='bbox 1405 368 1535 416; x_wconf 84' lang='lat' dir='ltr'>signat</span> <span class='ocrx_word' id='word_1_14' title='bbox 1625 375 1757 414; x_wconf 69' lang='lat' dir='ltr'>Chris-rs</span> 
     </span>
     <span class='ocr_line' id='line_1_3' title="bbox 224 410 1807 480; baseline -0.003 -14"><span class='ocrx_word' id='word_1_15' title='bbox 224 429 475 466; x_wconf 88' lang='lat' dir='ltr'>dulcedinem</span> <span class='ocrx_word' id='word_1_16' title='bbox 516 428 679 477; x_wconf 87' lang='lat' dir='ltr'>spiritus</span> <span class='ocrx_word' id='word_1_17' title='bbox 717 442 796 477; x_wconf 89' lang='lat' dir='ltr'>quo</span> <span class='ocrx_word' id='word_1_18' title='bbox 835 427 963 476; x_wconf 80' lang='lat' dir='ltr'>aperit</span> <span class='ocrx_word' id='word_1_19' title='bbox 1002 427 1261 463; x_wconf 84' lang='lat' dir='ltr'>affeccionem</span> <span class='ocrx_word' id='word_1_20' title='bbox 1302 428 1350 464; x_wconf 88' lang='lat' dir='ltr'>ad</span> <span class='ocrx_word' id='word_1_21' title='bbox 1385 435 1536 463; x_wconf 85' lang='lat' dir='ltr'>attente</span> <span class='ocrx_word' id='word_1_22' title='bbox 1572 410 1807 480; x_wconf 39' lang='lat' dir='ltr'>ttglagtllxgngffltbliea</span> 
     </span>
     <span class='ocr_line' id='line_1_4' title="bbox 223 478 1818 541; baseline -0.003 -18"><span class='ocrx_word' id='word_1_23' title='bbox 223 488 512 536; x_wconf 84' lang='lat' dir='ltr'>predicandum</span> <span class='ocrx_word' id='word_1_24' title='bbox 557 489 719 524; x_wconf 89' lang='lat' dir='ltr'>verbum</span> <span class='ocrx_word' id='word_1_25' title='bbox 767 487 873 534; x_wconf 88' lang='lat' dir='ltr'>quod</span> <span class='ocrx_word' id='word_1_26' title='bbox 913 485 1115 533; x_wconf 90' lang='lat' dir='ltr'>prolatum</span> <span class='ocrx_word' id='word_1_27' title='bbox 1162 498 1183 521; x_wconf 88' lang='lat' dir='ltr'>a</span> <span class='ocrx_word' id='word_1_28' title='bbox 1224 487 1306 521; x_wconf 91' lang='lat' dir='ltr'>Deo</span> <span class='ocrx_word' id='word_1_29' title='bbox 1351 484 1534 521; x_wconf 85' lang='lat' dir='ltr'>audierit.</span> <span class='ocrx_word' id='word_1_30' title='bbox 1560 478 1818 541; x_wconf 47' lang='lat' dir='ltr'>cossirffliffgifflsto</span> 
     </span>
     <span class='ocr_line' id='line_1_5' title="bbox 224 535 1782 594; baseline -0.004 -13"><span class='ocrx_word' id='word_1_31' title='bbox 224 546 289 582; x_wconf 88' lang='lat' dir='ltr'>Sic</span> <span class='ocrx_word' id='word_1_32' title='bbox 333 546 439 583; x_wconf 87' lang='lat' dir='ltr'>enim</span> <span class='ocrx_word' id='word_1_33' title='bbox 486 545 672 594; x_wconf 85' lang='lat' dir='ltr'>apparuit</span> <span class='ocrx_word' id='word_1_34' title='bbox 711 544 884 592; x_wconf 83' lang='lat' dir='ltr'>Spiritus</span> <span class='ocrx_word' id='word_1_35' title='bbox 923 545 1093 580; x_wconf 86' lang='lat' dir='ltr'>Sanctus</span> <span class='ocrx_word' id='word_1_36' title='bbox 1138 542 1177 578; x_wconf 87' lang='lat' dir='ltr'>in</span> <span class='ocrx_word' id='word_1_37' title='bbox 1221 542 1367 590; x_wconf 84' lang='lat' dir='ltr'>linguis</span> <span class='ocrx_word' id='word_1_38' title='bbox 1413 542 1536 590; x_wconf 85' lang='lat' dir='ltr'>igneis</span> <span class='ocrx_word' id='word_1_39' title='bbox 1599 535 1730 583; x_wconf 54' lang='lat' dir='ltr'>prela‘tes</span> <span class='ocrx_word' id='word_1_40' title='bbox 1751 552 1782 575; x_wconf 92' lang='lat' dir='ltr'>to</span> 
     </span>
     <span class='ocr_line' id='line_1_6' title="bbox 192 584 1751 651; baseline -0.004 -10"><span class='ocrx_word' id='word_1_41' title='bbox 192 610 363 642; x_wconf 84' lang='lat' dir='ltr'>5contra</span> <span class='ocrx_word' id='word_1_42' title='bbox 397 603 669 651; x_wconf 86' lang='lat' dir='ltr'>serpentinam</span> <span class='ocrx_word' id='word_1_43' title='bbox 703 602 984 639; x_wconf 85' lang='lat' dir='ltr'>seduccioncm</span> <span class='ocrx_word' id='word_1_44' title='bbox 1020 614 1097 650; x_wconf 89' lang='lat' dir='ltr'>qua</span> <span class='ocrx_word' id='word_1_45' title='bbox 1133 602 1254 637; x_wconf 91' lang='lat' dir='ltr'>homo</span> <span class='ocrx_word' id='word_1_46' title='bbox 1293 600 1507 637; x_wconf 87' lang='lat' dir='ltr'>obmutuit.</span> <span class='ocrx_word' id='word_1_47' title='bbox 1629 584 1751 618; x_wconf 72' lang='lat' dir='ltr'>preach.</span> 
     </span>
    </p>

    <p class='ocr_par' dir='ltr' id='par_1_3' title="bbox 223 658 1538 884">
     <span class='ocr_line' id='line_1_7' title="bbox 282 658 1538 709; baseline -0.004 -10"><span class='ocrx_word' id='word_1_48' title='bbox 282 665 335 699; x_wconf 81' lang='lat' dir='ltr'>Ex</span> <span class='ocrx_word' id='word_1_49' title='bbox 368 662 444 698; x_wconf 87' lang='lat' dir='ltr'>isto</span> <span class='ocrx_word' id='word_1_50' title='bbox 478 660 682 709; x_wconf 88' lang='lat' dir='ltr'>evangelio</span> <span class='ocrx_word' id='word_1_51' title='bbox 715 669 853 709; x_wconf 87' lang='lat' dir='ltr'>patent</span> <span class='ocrx_word' id='word_1_52' title='bbox 885 659 960 696; x_wconf 86' lang='lat' dir='ltr'>tria</span> <span class='ocrx_word' id='word_1_53' title='bbox 999 659 1038 695; x_wconf 90' lang='lat' dir='ltr'>in</span> <span class='ocrx_word' id='word_1_54' title='bbox 1076 658 1220 707; x_wconf 86' lang='lat' dir='ltr'>quibus</span> <span class='ocrx_word' id='word_1_55' title='bbox 1266 659 1437 706; x_wconf 89' lang='lat' dir='ltr'>populus</span> <span class='ocrx_word' id='word_1_56' title='bbox 1482 667 1538 694; x_wconf 88' lang='lat' dir='ltr'>est</span> 
     </span>
     <span class='ocr_line' id='line_1_8' title="bbox 224 716 1538 768; baseline -0.004 -12"><span class='ocrx_word' id='word_1_57' title='bbox 224 722 449 763; x_wconf 44' lang='lat' dir='ltr'>docendum</span> <span class='ocrx_word' id='word_1_58' title='bbox 473 719 604 768; x_wconf 91' lang='lat' dir='ltr'>primo</span> <span class='ocrx_word' id='word_1_59' title='bbox 623 720 829 767; x_wconf 85' lang='lat' dir='ltr'>quomodo</span> <span class='ocrx_word' id='word_1_60' title='bbox 848 717 1092 755; x_wconf 84' lang='lat' dir='ltr'>excuciendo</span> <span class='ocrx_word' id='word_1_61' title='bbox 1110 716 1348 753; x_wconf 79' lang='lat' dir='ltr'>surditatem</span> <span class='ocrx_word' id='word_1_62' title='bbox 1374 716 1538 753; x_wconf 85' lang='lat' dir='ltr'>audient</span> 
     </span>
     <span class='ocr_line' id='line_1_9' title="bbox 223 774 1537 825; baseline -0.003 -11"><span class='ocrx_word' id='word_1_63' title='bbox 223 780 388 815; x_wconf 86' lang='lat' dir='ltr'>verbum</span> <span class='ocrx_word' id='word_1_64' title='bbox 437 778 520 823; x_wconf 86' lang='lat' dir='ltr'>Dei,</span> <span class='ocrx_word' id='word_1_65' title='bbox 572 778 749 814; x_wconf 89' lang='lat' dir='ltr'>secundo</span> <span class='ocrx_word' id='word_1_66' title='bbox 800 777 1007 825; x_wconf 89' lang='lat' dir='ltr'>quomodo</span> <span class='ocrx_word' id='word_1_67' title='bbox 1057 774 1242 812; x_wconf 81' lang='lat' dir='ltr'>instructi</span> <span class='ocrx_word' id='word_1_68' title='bbox 1288 774 1328 811; x_wconf 88' lang='lat' dir='ltr'>in</span> <span class='ocrx_word' id='word_1_69' title='bbox 1373 774 1449 810; x_wconf 81' lang='lat' dir='ltr'>fide</span> <span class='ocrx_word' id='word_1_70' title='bbox 1494 787 1537 810; x_wconf 81' lang='lat' dir='ltr'>ex</span> 
     </span>
     <span class='ocr_line' id='line_1_10' title="bbox 224 832 1538 884; baseline -0.005 -11"><span class='ocrx_word' id='word_1_71' title='bbox 224 836 362 873; x_wconf 89' lang='lat' dir='ltr'>auditu</span> <span class='ocrx_word' id='word_1_72' title='bbox 409 837 624 884; x_wconf 89' lang='lat' dir='ltr'>loquentur</span> <span class='ocrx_word' id='word_1_73' title='bbox 668 848 757 872; x_wconf 89' lang='lat' dir='ltr'>cum</span> <span class='ocrx_word' id='word_1_74' title='bbox 805 835 951 871; x_wconf 86' lang='lat' dir='ltr'>fiducia</span> <span class='ocrx_word' id='word_1_75' title='bbox 989 835 1155 871; x_wconf 87' lang='lat' dir='ltr'>verbum</span> <span class='ocrx_word' id='word_1_76' title='bbox 1201 832 1286 883; x_wconf 83' lang='lat' dir='ltr'>Dei,</span> <span class='ocrx_word' id='word_1_77' title='bbox 1332 841 1369 868; x_wconf 89' lang='lat' dir='ltr'>et</span> <span class='ocrx_word' id='word_1_78' title='bbox 1412 832 1538 869; x_wconf 90' lang='lat' dir='ltr'>tercio</span> 
     </span>
    </p>

    <p class='ocr_par' dir='ltr' id='par_1_4' title="bbox 173 890 1540 1175">
     <span class='ocr_line' id='line_1_11' title="bbox 173 890 1538 943; baseline -0.004 -12"><span class='ocrx_word' id='word_1_79' title='bbox 173 910 210 931; x_wconf 87' lang='lat'>10</span> <span class='ocrx_word' id='word_1_80' title='bbox 224 896 432 943; x_wconf 87' lang='lat' dir='ltr'>quomodo</span> <span class='ocrx_word' id='word_1_81' title='bbox 465 906 508 931; x_wconf 81' lang='lat' dir='ltr'>ex</span> <span class='ocrx_word' id='word_1_82' title='bbox 540 893 686 930; x_wconf 79' lang='lat' dir='ltr'>virtute</span> <span class='ocrx_word' id='word_1_83' title='bbox 718 906 838 942; x_wconf 88' lang='lat' dir='ltr'>quam</span> <span class='ocrx_word' id='word_1_84' title='bbox 864 895 969 929; x_wconf 86' lang='lat' dir='ltr'>Deus</span> <span class='ocrx_word' id='word_1_85' title='bbox 999 905 1043 929; x_wconf 88' lang='lat' dir='ltr'>ex</span> <span class='ocrx_word' id='word_1_86' title='bbox 1065 891 1151 928; x_wconf 89' lang='lat' dir='ltr'>istis</span> <span class='ocrx_word' id='word_1_87' title='bbox 1175 890 1319 927; x_wconf 85' lang='lat' dir='ltr'>indidit</span> <span class='ocrx_word' id='word_1_88' title='bbox 1343 892 1538 928; x_wconf 82' lang='lat' dir='ltr'>cavebunt</span> 
     </span>
     <span class='ocr_line' id='line_1_12' title="bbox 224 948 1538 1000; baseline -0.004 -11"><span class='ocrx_word' id='word_1_89' title='bbox 224 954 362 989; x_wconf 88' lang='lat' dir='ltr'>laudes</span> <span class='ocrx_word' id='word_1_90' title='bbox 386 952 597 989; x_wconf 86' lang='lat' dir='ltr'>hominum</span> <span class='ocrx_word' id='word_1_91' title='bbox 623 961 659 988; x_wconf 91' lang='lat' dir='ltr'>et</span> <span class='ocrx_word' id='word_1_92' title='bbox 683 953 914 1000; x_wconf 82' lang='lat' dir='ltr'>applausus,</span> <span class='ocrx_word' id='word_1_93' title='bbox 949 963 1039 987; x_wconf 89' lang='lat' dir='ltr'>cum</span> <span class='ocrx_word' id='word_1_94' title='bbox 1064 949 1247 987; x_wconf 89' lang='lat' dir='ltr'>Christus</span> <span class='ocrx_word' id='word_1_95' title='bbox 1270 962 1351 985; x_wconf 90' lang='lat' dir='ltr'>non</span> <span class='ocrx_word' id='word_1_96' title='bbox 1375 948 1538 985; x_wconf 82' lang='lat' dir='ltr'>extorsit</span> 
     </span>
     <span class='ocr_line' id='line_1_13' title="bbox 225 1007 1538 1059; baseline -0.004 -12"><span class='ocrx_word' id='word_1_97' title='bbox 225 1012 362 1048; x_wconf 87' lang='lat' dir='ltr'>laudes</span> <span class='ocrx_word' id='word_1_98' title='bbox 401 1024 422 1048; x_wconf 90' lang='lat' dir='ltr'>a</span> <span class='ocrx_word' id='word_1_99' title='bbox 462 1011 612 1059; x_wconf 90' lang='lat' dir='ltr'>populo</span> <span class='ocrx_word' id='word_1_100' title='bbox 650 1011 718 1046; x_wconf 89' lang='lat' dir='ltr'>sed</span> <span class='ocrx_word' id='word_1_101' title='bbox 760 1009 976 1056; x_wconf 84' lang='lat' dir='ltr'>mandavit,</span> <span class='ocrx_word' id='word_1_102' title='bbox 1016 1021 1060 1045; x_wconf 84' lang='lat' dir='ltr'>ne</span> <span class='ocrx_word' id='word_1_103' title='bbox 1097 1008 1159 1045; x_wconf 85' lang='lat' dir='ltr'>cui</span> <span class='ocrx_word' id='word_1_104' title='bbox 1190 1008 1372 1052; x_wconf 75' lang='lat' dir='ltr'>dicerent,</span> <span class='ocrx_word' id='word_1_105' title='bbox 1411 1007 1538 1055; x_wconf 90' lang='lat' dir='ltr'>suple,</span> 
     </span>
     <span class='ocr_line' id='line_1_14' title="bbox 225 1064 1540 1115; baseline -0.005 -9"><span class='ocrx_word' id='word_1_106' title='bbox 225 1069 464 1106; x_wconf 82' lang='lat' dir='ltr'>adulatorie.</span> <span class='ocrx_word' id='word_1_107' title='bbox 517 1071 652 1105; x_wconf 86' lang='lat' dir='ltr'>Homo</span> <span class='ocrx_word' id='word_1_108' title='bbox 692 1067 797 1105; x_wconf 90' lang='lat' dir='ltr'>enim</span> <span class='ocrx_word' id='word_1_109' title='bbox 838 1076 895 1104; x_wconf 90' lang='lat' dir='ltr'>est</span> <span class='ocrx_word' id='word_1_110' title='bbox 934 1066 1135 1115; x_wconf 87' lang='lat' dir='ltr'>indignus,</span> <span class='ocrx_word' id='word_1_111' title='bbox 1176 1075 1217 1102; x_wconf 89' lang='lat' dir='ltr'>ut</span> <span class='ocrx_word' id='word_1_112' title='bbox 1256 1066 1342 1102; x_wconf 87' lang='lat' dir='ltr'>laus</span> <span class='ocrx_word' id='word_1_113' title='bbox 1376 1064 1458 1101; x_wconf 88' lang='lat' dir='ltr'>eius</span> <span class='ocrx_word' id='word_1_114' title='bbox 1491 1064 1540 1101; x_wconf 87' lang='lat' dir='ltr'>sit</span> 
     </span>
     <span class='ocr_line' id='line_1_15' title="bbox 227 1123 1422 1175; baseline -0.004 -11"><span class='ocrx_word' id='word_1_115' title='bbox 227 1140 379 1164; x_wconf 83' lang='lat' dir='ltr'>merces</span> <span class='ocrx_word' id='word_1_116' title='bbox 412 1126 540 1163; x_wconf 84' lang='lat' dir='ltr'>finalis</span> <span class='ocrx_word' id='word_1_117' title='bbox 573 1126 705 1175; x_wconf 89' lang='lat' dir='ltr'>operis</span> <span class='ocrx_word' id='word_1_118' title='bbox 741 1125 936 1162; x_wconf 88' lang='lat' dir='ltr'>meritorii</span> <span class='ocrx_word' id='word_1_119' title='bbox 970 1125 1063 1161; x_wconf 89' lang='lat' dir='ltr'>facti</span> <span class='ocrx_word' id='word_1_120' title='bbox 1095 1133 1209 1161; x_wconf 86' lang='lat' dir='ltr'>tanto</span> <span class='ocrx_word' id='word_1_121' title='bbox 1243 1123 1422 1160; x_wconf 89' lang='lat' dir='ltr'>domino.</span> 
     </span>
    </p>

    <p class='ocr_par' dir='ltr' id='par_1_5' title="bbox 174 1180 1813 1467">
     <span class='ocr_line' id='line_1_16' title="bbox 174 1180 1813 1233; baseline -0.006 -11"><span class='ocrx_word' id='word_1_122' title='bbox 174 1190 208 1222; x_wconf 76' lang='lat'>13</span> <span class='ocrx_word' id='word_1_123' title='bbox 285 1187 426 1231; x_wconf 82' lang='lat' dir='ltr'>Quoad</span> <span class='ocrx_word' id='word_1_124' title='bbox 472 1184 646 1233; x_wconf 87' lang='lat' dir='ltr'>primum</span> <span class='ocrx_word' id='word_1_125' title='bbox 694 1193 804 1233; x_wconf 88' lang='lat' dir='ltr'>patet</span> <span class='ocrx_word' id='word_1_126' title='bbox 843 1185 949 1232; x_wconf 89' lang='lat' dir='ltr'>quod</span> <span class='ocrx_word' id='word_1_127' title='bbox 995 1182 1134 1219; x_wconf 91' lang='lat' dir='ltr'>audire</span> <span class='ocrx_word' id='word_1_128' title='bbox 1172 1184 1335 1219; x_wconf 78' lang='lat' dir='ltr'>verbum</span> <span class='ocrx_word' id='word_1_129' title='bbox 1372 1180 1441 1217; x_wconf 90' lang='lat' dir='ltr'>Dei</span> <span class='ocrx_word' id='word_1_130' title='bbox 1483 1190 1541 1217; x_wconf 87' lang='lat' dir='ltr'>est</span> <span class='ocrx_word' id='word_1_131' title='bbox 1575 1186 1711 1225; x_wconf 70' lang='lat' dir='ltr'>Hearing</span> <span class='ocrx_word' id='word_1_132' title='bbox 1727 1189 1813 1225; x_wconf 76' lang='lat' dir='ltr'>¹must</span> 
     </span>
     <span class='ocr_line' id='line_1_17' title="bbox 225 1221 1807 1291; baseline -0.004 -11"><span class='ocrx_word' id='word_1_133' title='bbox 225 1244 458 1280; x_wconf 81' lang='lat' dir='ltr'>obedienter</span> <span class='ocrx_word' id='word_1_134' title='bbox 490 1243 619 1291; x_wconf 90' lang='lat' dir='ltr'>ipsum</span> <span class='ocrx_word' id='word_1_135' title='bbox 662 1252 793 1279; x_wconf 87' lang='lat' dir='ltr'>mente</span> <span class='ocrx_word' id='word_1_136' title='bbox 826 1241 1051 1290; x_wconf 83' lang='lat' dir='ltr'>concipere,</span> <span class='ocrx_word' id='word_1_137' title='bbox 1093 1241 1186 1290; x_wconf 88' lang='lat' dir='ltr'>quia</span> <span class='ocrx_word' id='word_1_138' title='bbox 1225 1240 1340 1277; x_wconf 88' lang='lat' dir='ltr'>aliter</span> <span class='ocrx_word' id='word_1_139' title='bbox 1375 1241 1537 1275; x_wconf 90' lang='lat' dir='ltr'>brutum</span> <span class='ocrx_word' id='word_1_140' title='bbox 1582 1221 1807 1283; x_wconf 47' lang='grc' dir='ltr'>Ξῗῖὲῃῐξῗὲιζῗῗζ</span> 
     </span>
     <span class='ocr_line' id='line_1_18' title="bbox 225 1291 1795 1353; baseline -0.004 -15"><span class='ocrx_word' id='word_1_141' title='bbox 225 1302 382 1339; x_wconf 91' lang='lat' dir='ltr'>audiret</span> <span class='ocrx_word' id='word_1_142' title='bbox 415 1303 578 1338; x_wconf 87' lang='lat' dir='ltr'>verbum</span> <span class='ocrx_word' id='word_1_143' title='bbox 614 1301 684 1337; x_wconf 89' lang='lat' dir='ltr'>Dei</span> <span class='ocrx_word' id='word_1_144' title='bbox 725 1303 771 1337; x_wconf 88' lang='lat' dir='ltr'>ad</span> <span class='ocrx_word' id='word_1_145' title='bbox 815 1310 988 1337; x_wconf 83' lang='lat' dir='ltr'>mentem</span> <span class='ocrx_word' id='word_1_146' title='bbox 1029 1299 1246 1348; x_wconf 84' lang='lat' dir='ltr'>scripture3</span> <span class='ocrx_word' id='word_1_147' title='bbox 1292 1299 1360 1334; x_wconf 89' lang='lat' dir='ltr'>sed</span> <span class='ocrx_word' id='word_1_148' title='bbox 1397 1306 1540 1334; x_wconf 87' lang='lat' dir='ltr'>natura</span> <span class='ocrx_word' id='word_1_149' title='bbox 1591 1291 1795 1353; x_wconf 45' lang='lat' dir='ltr'>*ggssfflfflcgy</span> 
     </span>
     <span class='ocr_line' id='line_1_19' title="bbox 225 1356 1542 1408; baseline -0.004 -12"><span class='ocrx_word' id='word_1_150' title='bbox 225 1360 352 1408; x_wconf 87' lang='lat' dir='ltr'>aperit</span> <span class='ocrx_word' id='word_1_151' title='bbox 376 1372 491 1396; x_wconf 90' lang='lat' dir='ltr'>aures</span> <span class='ocrx_word' id='word_1_152' title='bbox 515 1359 700 1396; x_wconf 86' lang='lat' dir='ltr'>animalis</span> <span class='ocrx_word' id='word_1_153' title='bbox 719 1361 767 1395; x_wconf 85' lang='lat' dir='ltr'>ad</span> <span class='ocrx_word' id='word_1_154' title='bbox 793 1359 973 1395; x_wconf 86' lang='lat' dir='ltr'>auditum</span> <span class='ocrx_word' id='word_1_155' title='bbox 999 1357 1243 1402; x_wconf 86' lang='lat' dir='ltr'>huiusmodi,</span> <span class='ocrx_word' id='word_1_156' title='bbox 1268 1356 1357 1392; x_wconf 90' lang='lat' dir='ltr'>ideo</span> <span class='ocrx_word' id='word_1_157' title='bbox 1381 1364 1542 1404; x_wconf 85' lang='lat' dir='ltr'>oportet</span> 
     </span>
     <span class='ocr_line' id='line_1_20' title="bbox 225 1414 1538 1467; baseline -0.005 -12"><span class='ocrx_word' id='word_1_158' title='bbox 225 1420 334 1467; x_wconf 87' lang='lat' dir='ltr'>quod</span> <span class='ocrx_word' id='word_1_159' title='bbox 391 1418 616 1466; x_wconf 81' lang='lat' dir='ltr'>evangelice</span> <span class='ocrx_word' id='word_1_160' title='bbox 671 1417 838 1454; x_wconf 87' lang='lat' dir='ltr'>audiens</span> <span class='ocrx_word' id='word_1_161' title='bbox 890 1418 1055 1454; x_wconf 91' lang='lat' dir='ltr'>verbum</span> <span class='ocrx_word' id='word_1_162' title='bbox 1116 1415 1351 1452; x_wconf 85' lang='lat' dir='ltr'>obedienter</span> <span class='ocrx_word' id='word_1_163' title='bbox 1408 1414 1538 1462; x_wconf 84' lang='lat' dir='ltr'>ipsum</span> 
     </span>
    </p>

    <p class='ocr_par' dir='ltr' id='par_1_6' title="bbox 169 1472 1541 1758">
     <span class='ocr_line' id='line_1_21' title="bbox 169 1472 1541 1525; baseline -0.003 -13"><span class='ocrx_word' id='word_1_164' title='bbox 169 1476 441 1525; x_wconf 76' lang='lat' dir='ltr'>2ointelliga13</span> <span class='ocrx_word' id='word_1_165' title='bbox 480 1489 618 1513; x_wconf 91' lang='lat' dir='ltr'>sensus</span> <span class='ocrx_word' id='word_1_166' title='bbox 657 1475 761 1512; x_wconf 89' lang='lat' dir='ltr'>enim</span> <span class='ocrx_word' id='word_1_167' title='bbox 803 1476 1003 1511; x_wconf 86' lang='lat' dir='ltr'>humanus</span> <span class='ocrx_word' id='word_1_168' title='bbox 1043 1483 1099 1511; x_wconf 91' lang='lat' dir='ltr'>est</span> <span class='ocrx_word' id='word_1_169' title='bbox 1131 1474 1255 1510; x_wconf 89' lang='lat' dir='ltr'>virtus</span> <span class='ocrx_word' id='word_1_170' title='bbox 1288 1472 1463 1521; x_wconf 80' lang='lat' dir='ltr'>passiva3</span> <span class='ocrx_word' id='word_1_171' title='bbox 1504 1481 1541 1509; x_wconf 89' lang='lat' dir='ltr'>et</span> 
     </span>
     <span class='ocr_line' id='line_1_22' title="bbox 225 1531 1541 1583; baseline -0.004 -12"><span class='ocrx_word' id='word_1_172' title='bbox 225 1544 385 1583; x_wconf 88' lang='lat' dir='ltr'>oportet</span> <span class='ocrx_word' id='word_1_173' title='bbox 418 1536 525 1583; x_wconf 86' lang='lat' dir='ltr'>quod</span> <span class='ocrx_word' id='word_1_174' title='bbox 558 1535 823 1582; x_wconf 87' lang='lat' dir='ltr'>respondetur</span> <span class='ocrx_word' id='word_1_175' title='bbox 853 1535 901 1569; x_wconf 87' lang='lat' dir='ltr'>ad</span> <span class='ocrx_word' id='word_1_176' title='bbox 938 1532 1173 1581; x_wconf 86' lang='lat' dir='ltr'>magistrum</span> <span class='ocrx_word' id='word_1_177' title='bbox 1208 1531 1470 1580; x_wconf 84' lang='lat' dir='ltr'>spiritualiter</span> <span class='ocrx_word' id='word_1_178' title='bbox 1504 1539 1541 1566; x_wconf 88' lang='lat' dir='ltr'>et</span> 
     </span>
     <span class='ocr_line' id='line_1_23' title="bbox 225 1588 1539 1641; baseline -0.005 -11"><span class='ocrx_word' id='word_1_179' title='bbox 225 1594 457 1630; x_wconf 89' lang='lat' dir='ltr'>obedienter</span> <span class='ocrx_word' id='word_1_180' title='bbox 480 1592 646 1641; x_wconf 87' lang='lat' dir='ltr'>recipiat</span> <span class='ocrx_word' id='word_1_181' title='bbox 668 1592 842 1641; x_wconf 89' lang='lat' dir='ltr'>speciem</span> <span class='ocrx_word' id='word_1_182' title='bbox 874 1591 1167 1628; x_wconf 78' lang='lat' dir='ltr'>immaterialem</span> <span class='ocrx_word' id='word_1_183' title='bbox 1198 1603 1319 1639; x_wconf 88' lang='lat' dir='ltr'>quam</span> <span class='ocrx_word' id='word_1_184' title='bbox 1345 1588 1539 1637; x_wconf 86' lang='lat' dir='ltr'>inprimit.</span> 
     </span>
     <span class='ocr_line' id='line_1_24' title="bbox 226 1649 1539 1697; baseline -0.005 -9"><span class='ocrx_word' id='word_1_185' title='bbox 226 1654 306 1688; x_wconf 87' lang='lat' dir='ltr'>Nec</span> <span class='ocrx_word' id='word_1_186' title='bbox 345 1653 420 1688; x_wconf 89' lang='lat' dir='ltr'>hoc</span> <span class='ocrx_word' id='word_1_187' title='bbox 459 1651 605 1687; x_wconf 86' lang='lat' dir='ltr'>sufficit</span> <span class='ocrx_word' id='word_1_188' title='bbox 646 1652 693 1686; x_wconf 86' lang='lat' dir='ltr'>ad</span> <span class='ocrx_word' id='word_1_189' title='bbox 736 1649 1024 1686; x_wconf 85' lang='lat' dir='ltr'>beatitudinem</span> <span class='ocrx_word' id='word_1_190' title='bbox 1065 1651 1124 1695; x_wconf 88' lang='lat' dir='ltr'>(ut</span> <span class='ocrx_word' id='word_1_191' title='bbox 1157 1657 1265 1697; x_wconf 87' lang='lat' dir='ltr'>patet</span> <span class='ocrx_word' id='word_1_192' title='bbox 1300 1650 1404 1684; x_wconf 89' lang='lat' dir='ltr'>Luce</span> <span class='ocrx_word' id='word_1_193' title='bbox 1436 1649 1539 1694; x_wconf 65' lang='lat' dir='ltr'>Xls‘),</span> 
     </span>
     <span class='ocr_line' id='line_1_25' title="bbox 226 1705 1539 1758; baseline -0.004 -13"><span class='ocrx_word' id='word_1_194' title='bbox 226 1711 293 1746; x_wconf 90' lang='lat' dir='ltr'>sed</span> <span class='ocrx_word' id='word_1_195' title='bbox 326 1719 486 1758; x_wconf 88' lang='lat' dir='ltr'>oportet</span> <span class='ocrx_word' id='word_1_196' title='bbox 509 1710 618 1758; x_wconf 88' lang='lat' dir='ltr'>quod</span> <span class='ocrx_word' id='word_1_197' title='bbox 641 1709 690 1745; x_wconf 90' lang='lat' dir='ltr'>sit</span> <span class='ocrx_word' id='word_1_198' title='bbox 713 1708 821 1745; x_wconf 90' lang='lat' dir='ltr'>verbi</span> <span class='ocrx_word' id='word_1_199' title='bbox 846 1708 1022 1757; x_wconf 90' lang='lat' dir='ltr'>perfecta</span> <span class='ocrx_word' id='word_1_200' title='bbox 1045 1706 1242 1744; x_wconf 89' lang='lat' dir='ltr'>custodia.</span> <span class='ocrx_word' id='word_1_201' title='bbox 1277 1705 1407 1743; x_wconf 79' lang='lat' dir='ltr'>Clavis</span> <span class='ocrx_word' id='word_1_202' title='bbox 1435 1705 1539 1741; x_wconf 86' lang='lat' dir='ltr'>enim</span> 
     </span>
    </p>

    <p class='ocr_par' dir='ltr' id='par_1_7' title="bbox 168 1765 1541 2049">
     <span class='ocr_line' id='line_1_26' title="bbox 168 1765 1541 1815; baseline -0.002 -13"><span class='ocrx_word' id='word_1_203' title='bbox 168 1767 365 1804; x_wconf 80' lang='lat' dir='ltr'>25infixus</span> <span class='ocrx_word' id='word_1_204' title='bbox 398 1767 652 1804; x_wconf 88' lang='lat' dir='ltr'>ferramentis</span> <span class='ocrx_word' id='word_1_205' title='bbox 687 1779 882 1815; x_wconf 86' lang='lat' dir='ltr'>equorum</span> <span class='ocrx_word' id='word_1_206' title='bbox 908 1767 968 1803; x_wconf 88' lang='lat' dir='ltr'>vel</span> <span class='ocrx_word' id='word_1_207' title='bbox 1001 1765 1182 1802; x_wconf 86' lang='lat' dir='ltr'>curribus</span> <span class='ocrx_word' id='word_1_208' title='bbox 1216 1773 1471 1812; x_wconf 86' lang='lat' dir='ltr'>retorquetur</span> <span class='ocrx_word' id='word_1_209' title='bbox 1504 1772 1541 1799; x_wconf 88' lang='lat' dir='ltr'>et</span> 
     </span>
     <span class='ocr_line' id='line_1_27' title="bbox 224 1821 1539 1874; baseline -0.004 -12"><span class='ocrx_word' id='word_1_210' title='bbox 224 1825 388 1874; x_wconf 87' lang='lat' dir='ltr'>insuper</span> <span class='ocrx_word' id='word_1_211' title='bbox 427 1827 753 1871; x_wconf 86' lang='lat' dir='ltr'>circumrotatur,</span> <span class='ocrx_word' id='word_1_212' title='bbox 795 1838 884 1861; x_wconf 89' lang='lat' dir='ltr'>cum</span> <span class='ocrx_word' id='word_1_213' title='bbox 924 1825 1039 1861; x_wconf 89' lang='lat' dir='ltr'>aliter</span> <span class='ocrx_word' id='word_1_214' title='bbox 1078 1823 1275 1871; x_wconf 89' lang='lat' dir='ltr'>reciperet</span> <span class='ocrx_word' id='word_1_215' title='bbox 1314 1821 1539 1870; x_wconf 79' lang='lat' dir='ltr'>rubiginem</span> 
     </span>
     <span class='ocr_line' id='line_1_28' title="bbox 223 1881 1541 1933; baseline -0.005 -12"><span class='ocrx_word' id='word_1_216' title='bbox 223 1894 432 1933; x_wconf 83' lang='lat' dir='ltr'>tamquam</span> <span class='ocrx_word' id='word_1_217' title='bbox 459 1883 757 1921; x_wconf 86' lang='lat' dir='ltr'>frustratorium</span> <span class='ocrx_word' id='word_1_218' title='bbox 783 1884 917 1931; x_wconf 86' lang='lat' dir='ltr'>quoad</span> <span class='ocrx_word' id='word_1_219' title='bbox 951 1883 1138 1927; x_wconf 88' lang='lat' dir='ltr'>fructum,</span> <span class='ocrx_word' id='word_1_220' title='bbox 1172 1881 1227 1917; x_wconf 88' lang='lat' dir='ltr'>sie</span> <span class='ocrx_word' id='word_1_221' title='bbox 1251 1889 1410 1929; x_wconf 90' lang='lat' dir='ltr'>oportet</span> <span class='ocrx_word' id='word_1_222' title='bbox 1432 1881 1541 1929; x_wconf 90' lang='lat' dir='ltr'>quod</span> 
     </span>
     <span class='ocr_line' id='line_1_29' title="bbox 225 1939 1541 1989; baseline -0.004 -10"><span class='ocrx_word' id='word_1_223' title='bbox 225 1942 392 1979; x_wconf 90' lang='lat' dir='ltr'>audiens</span> <span class='ocrx_word' id='word_1_224' title='bbox 424 1944 589 1979; x_wconf 88' lang='lat' dir='ltr'>verbum</span> <span class='ocrx_word' id='word_1_225' title='bbox 624 1941 693 1978; x_wconf 89' lang='lat' dir='ltr'>Dei</span> <span class='ocrx_word' id='word_1_226' title='bbox 727 1941 908 1977; x_wconf 89' lang='lat' dir='ltr'>intendat</span> <span class='ocrx_word' id='word_1_227' title='bbox 947 1941 1076 1989; x_wconf 85' lang='lat' dir='ltr'>ipsum</span> <span class='ocrx_word' id='word_1_228' title='bbox 1112 1940 1315 1988; x_wconf 88' lang='lat' dir='ltr'>complere</span> <span class='ocrx_word' id='word_1_229' title='bbox 1347 1939 1387 1975; x_wconf 91' lang='lat' dir='ltr'>in</span> <span class='ocrx_word' id='word_1_230' title='bbox 1420 1950 1541 1986; x_wconf 88' lang='lat' dir='ltr'>opere</span> 
     </span>
     <span class='ocr_line' id='line_1_30' title="bbox 226 1999 1541 2049; baseline -0.005 -11"><span class='ocrx_word' id='word_1_231' title='bbox 226 2010 263 2037; x_wconf 88' lang='lat' dir='ltr'>et</span> <span class='ocrx_word' id='word_1_232' title='bbox 295 2002 488 2049; x_wconf 88' lang='lat' dir='ltr'>procedat</span> <span class='ocrx_word' id='word_1_233' title='bbox 528 2000 855 2037; x_wconf 86' lang='lat' dir='ltr'>circumrotando</span> <span class='ocrx_word' id='word_1_234' title='bbox 896 2012 967 2047; x_wconf 90' lang='lat' dir='ltr'>pro</span> <span class='ocrx_word' id='word_1_235' title='bbox 1006 1999 1096 2035; x_wconf 90' lang='lat' dir='ltr'>loco</span> <span class='ocrx_word' id='word_1_236' title='bbox 1130 2007 1166 2034; x_wconf 88' lang='lat' dir='ltr'>et</span> <span class='ocrx_word' id='word_1_237' title='bbox 1204 2007 1387 2046; x_wconf 88' lang='lat' dir='ltr'>tempore</span> <span class='ocrx_word' id='word_1_238' title='bbox 1422 2009 1541 2045; x_wconf 88' lang='lat' dir='ltr'>opor-</span> 
     </span>
    </p>

    <p class='ocr_par' dir='ltr' id='par_1_8' title="bbox 169 2055 1542 2339">
     <span class='ocr_line' id='line_1_31' title="bbox 169 2055 1540 2106; baseline -0.004 -10"><span class='ocrx_word' id='word_1_239' title='bbox 169 2059 350 2105; x_wconf 77' lang='lat' dir='ltr'>30tuni33</span> <span class='ocrx_word' id='word_1_240' title='bbox 397 2069 435 2096; x_wconf 90' lang='lat' dir='ltr'>et</span> <span class='ocrx_word' id='word_1_241' title='bbox 473 2059 528 2096; x_wconf 89' lang='lat' dir='ltr'>sic</span> <span class='ocrx_word' id='word_1_242' title='bbox 567 2058 741 2095; x_wconf 87' lang='lat' dir='ltr'>surditas</span> <span class='ocrx_word' id='word_1_243' title='bbox 781 2057 991 2106; x_wconf 87' lang='lat' dir='ltr'>culpabilis</span> <span class='ocrx_word' id='word_1_244' title='bbox 1031 2066 1088 2093; x_wconf 89' lang='lat' dir='ltr'>est</span> <span class='ocrx_word' id='word_1_245' title='bbox 1133 2056 1281 2104; x_wconf 88' lang='lat' dir='ltr'>fugata.</span> <span class='ocrx_word' id='word_1_246' title='bbox 1335 2057 1384 2091; x_wconf 90' lang='lat' dir='ltr'>Et</span> <span class='ocrx_word' id='word_1_247' title='bbox 1423 2055 1540 2091; x_wconf 89' lang='lat' dir='ltr'>istam</span> 
     </span>
     <span class='ocr_line' id='line_1_32' title="bbox 225 2112 1542 2164; baseline -0.004 -10"><span class='ocrx_word' id='word_1_248' title='bbox 225 2117 451 2154; x_wconf 87' lang='lat' dir='ltr'>doctrinam</span> <span class='ocrx_word' id='word_1_249' title='bbox 497 2117 650 2154; x_wconf 90' lang='lat' dir='ltr'>notavit</span> <span class='ocrx_word' id='word_1_250' title='bbox 695 2115 768 2152; x_wconf 85' lang='lat' dir='ltr'>sibi</span> <span class='ocrx_word' id='word_1_251' title='bbox 801 2115 1061 2164; x_wconf 78' lang='lat' dir='ltr'>Augustinus,</span> <span class='ocrx_word' id='word_1_252' title='bbox 1102 2127 1192 2151; x_wconf 88' lang='lat' dir='ltr'>cum</span> <span class='ocrx_word' id='word_1_253' title='bbox 1233 2113 1436 2151; x_wconf 89' lang='lat' dir='ltr'>confessus</span> <span class='ocrx_word' id='word_1_254' title='bbox 1469 2112 1542 2149; x_wconf 88' lang='lat' dir='ltr'>fuit</span> 
     </span>
     <span class='ocr_line' id='line_1_33' title="bbox 226 2171 1542 2224; baseline -0.005 -11"><span class='ocrx_word' id='word_1_255' title='bbox 226 2189 316 2212; x_wconf 88' lang='lat' dir='ltr'>curn</span> <span class='ocrx_word' id='word_1_256' title='bbox 349 2176 562 2224; x_wconf 87' lang='lat' dir='ltr'>Apostolo:</span> <span class='ocrx_word' id='word_1_257' title='bbox 602 2175 745 2212; x_wconf 73' lang='lat' dir='ltr'>Gracia</span> <span class='ocrx_word' id='word_1_258' title='bbox 782 2175 857 2210; x_wconf 84' lang='lat' dir='ltr'>Dei</span> <span class='ocrx_word' id='word_1_259' title='bbox 886 2187 969 2210; x_wconf 80' lang='lat' dir='ltr'>sum</span> <span class='ocrx_word' id='word_1_260' title='bbox 1003 2174 1043 2209; x_wconf 85' lang='lat' dir='ltr'>id</span> <span class='ocrx_word' id='word_1_261' title='bbox 1074 2173 1176 2222; x_wconf 84' lang='lat' dir='ltr'>quod</span> <span class='ocrx_word' id='word_1_262' title='bbox 1207 2185 1304 2219; x_wconf 85' lang='lat' dir='ltr'>sum,</span> <span class='ocrx_word' id='word_1_263' title='bbox 1337 2177 1375 2209; x_wconf 85' lang='lat' dir='ltr'>et</span> <span class='ocrx_word' id='word_1_264' title='bbox 1402 2171 1542 2222; x_wconf 78' lang='lat' dir='ltr'>gracia</span> 
     </span>
     <span class='ocr_line' id='line_1_34' title="bbox 226 2229 1542 2281; baseline -0.005 -10"><span class='ocrx_word' id='word_1_265' title='bbox 226 2235 305 2271; x_wconf 85' lang='lat' dir='ltr'>eius</span> <span class='ocrx_word' id='word_1_266' title='bbox 336 2235 372 2270; x_wconf 85' lang='lat' dir='ltr'>in</span> <span class='ocrx_word' id='word_1_267' title='bbox 404 2247 465 2270; x_wconf 89' lang='lat' dir='ltr'>me</span> <span class='ocrx_word' id='word_1_268' title='bbox 496 2246 615 2270; x_wconf 82' lang='lat' dir='ltr'>vacua</span> <span class='ocrx_word' id='word_1_269' title='bbox 649 2246 722 2269; x_wconf 86' lang='lat' dir='ltr'>non</span> <span class='ocrx_word' id='word_1_270' title='bbox 751 2233 850 2281; x_wconf 85' lang='lat' dir='ltr'>fuit,</span> <span class='ocrx_word' id='word_1_271' title='bbox 883 2232 984 2268; x_wconf 87' lang='lat' dir='ltr'>sicut</span> <span class='ocrx_word' id='word_1_272' title='bbox 1022 2240 1132 2280; x_wconf 89' lang='lat' dir='ltr'>patet</span> <span class='ocrx_word' id='word_1_273' title='bbox 1166 2232 1214 2267; x_wconf 89' lang='lat' dir='ltr'>de</span> <span class='ocrx_word' id='word_1_274' title='bbox 1251 2229 1542 2278; x_wconf 85' lang='lat' dir='ltr'>multiplicibus</span> 
     </span>
     <span class='ocr_line' id='line_1_35' title="bbox 226 2289 1291 2339; baseline -0.004 -10"><span class='ocrx_word' id='word_1_275' title='bbox 226 2292 478 2329; x_wconf 85' lang='lat' dir='ltr'>sermonibus</span> <span class='ocrx_word' id='word_1_276' title='bbox 512 2301 549 2328; x_wconf 91' lang='lat' dir='ltr'>et</span> <span class='ocrx_word' id='word_1_277' title='bbox 582 2291 780 2339; x_wconf 88' lang='lat' dir='ltr'>scripture</span> <span class='ocrx_word' id='word_1_278' title='bbox 814 2303 924 2327; x_wconf 88' lang='lat' dir='ltr'>sacre</span> <span class='ocrx_word' id='word_1_279' title='bbox 958 2289 1291 2338; x_wconf 86' lang='lat' dir='ltr'>exposicionibus.</span> 
     </span>
    </p>

    <p class='ocr_par' dir='ltr' id='par_1_9' title="bbox 170 2346 1830 2513">
     <span class='ocr_line' id='line_1_36' title="bbox 170 2346 1830 2398; baseline -0.004 -12"><span class='ocrx_word' id='word_1_280' title='bbox 170 2353 209 2386; x_wconf 80' lang='lat'>35</span> <span class='ocrx_word' id='word_1_281' title='bbox 285 2352 427 2396; x_wconf 87' lang='lat' dir='ltr'>Quoad</span> <span class='ocrx_word' id='word_1_282' title='bbox 460 2351 679 2386; x_wconf 86' lang='lat' dir='ltr'>secundum</span> <span class='ocrx_word' id='word_1_283' title='bbox 714 2358 824 2398; x_wconf 87' lang='lat' dir='ltr'>patet</span> <span class='ocrx_word' id='word_1_284' title='bbox 857 2349 963 2397; x_wconf 88' lang='lat' dir='ltr'>quod</span> <span class='ocrx_word' id='word_1_285' title='bbox 1002 2348 1094 2384; x_wconf 91' lang='lat' dir='ltr'>licet</span> <span class='ocrx_word' id='word_1_286' title='bbox 1133 2347 1265 2384; x_wconf 90' lang='lat' dir='ltr'>omnis</span> <span class='ocrx_word' id='word_1_287' title='bbox 1301 2346 1541 2383; x_wconf 90' lang='lat' dir='ltr'>christianus</span> <span class='ocrx_word' id='word_1_288' title='bbox 1581 2350 1830 2392; x_wconf 65' lang='lat' dir='ltr'>Preachingthev</span> 
     </span>
     <span class='ocr_line' id='line_1_37' title="bbox 227 2388 1827 2458; baseline -0.004 -13"><span class='ocrx_word' id='word_1_289' title='bbox 227 2408 288 2445; x_wconf 88' lang='lat' dir='ltr'>cui</span> <span class='ocrx_word' id='word_1_290' title='bbox 334 2410 439 2444; x_wconf 88' lang='lat' dir='ltr'>Deus</span> <span class='ocrx_word' id='word_1_291' title='bbox 484 2410 606 2445; x_wconf 86' lang='lat' dir='ltr'>donat</span> <span class='ocrx_word' id='word_1_292' title='bbox 651 2407 894 2456; x_wconf 85' lang='lat' dir='ltr'>potenciam,</span> <span class='ocrx_word' id='word_1_293' title='bbox 940 2407 1056 2442; x_wconf 89' lang='lat' dir='ltr'>debet</span> <span class='ocrx_word' id='word_1_294' title='bbox 1104 2405 1213 2454; x_wconf 89' lang='lat' dir='ltr'>loqui</span> <span class='ocrx_word' id='word_1_295' title='bbox 1258 2418 1348 2442; x_wconf 86' lang='lat' dir='ltr'>cum</span> <span class='ocrx_word' id='word_1_296' title='bbox 1396 2404 1542 2441; x_wconf 86' lang='lat' dir='ltr'>fiducia</span> <span class='ocrx_word' id='word_1_297' title='bbox 1568 2388 1777 2458; x_wconf 44' lang='lat' dir='ltr'>specxglgitffi</span> <span class='ocrx_word' id='word_1_298' title='bbox 1796 2388 1827 2414; x_wconf 51' lang='lat'>⁰¹</span> 
     </span>
     <span class='ocr_line' id='line_1_38' title="bbox 227 2462 1542 2513; baseline -0.003 -11"><span class='ocrx_word' id='word_1_299' title='bbox 227 2468 389 2503; x_wconf 87' lang='lat' dir='ltr'>verbum</span> <span class='ocrx_word' id='word_1_300' title='bbox 437 2466 522 2513; x_wconf 90' lang='lat' dir='ltr'>Dei,</span> <span class='ocrx_word' id='word_1_301' title='bbox 567 2475 703 2502; x_wconf 87' lang='lat' dir='ltr'>tamen</span> <span class='ocrx_word' id='word_1_302' title='bbox 748 2464 976 2513; x_wconf 88' lang='lat' dir='ltr'>specialiter</span> <span class='ocrx_word' id='word_1_303' title='bbox 1028 2463 1249 2512; x_wconf 89' lang='lat' dir='ltr'>spiritualis</span> <span class='ocrx_word' id='word_1_304' title='bbox 1299 2462 1542 2511; x_wconf 88' lang='lat' dir='ltr'>prepositus,</span> 
     </span>
    </p>
   </div>
   <div class='ocr_carea' id='block_1_3' title="bbox 227 2520 1543 2572">
    <p class='ocr_par' dir='ltr' id='par_1_10' title="bbox 227 2520 1543 2572">
     <span class='ocr_line' id='line_1_39' title="bbox 227 2520 1543 2572; baseline -0.003 -12"><span class='ocrx_word' id='word_1_305' title='bbox 227 2524 328 2561; x_wconf 90' lang='lat' dir='ltr'>sicut</span> <span class='ocrx_word' id='word_1_306' title='bbox 366 2524 458 2560; x_wconf 88' lang='lat' dir='ltr'>fecit</span> <span class='ocrx_word' id='word_1_307' title='bbox 490 2524 752 2572; x_wconf 83' lang='lat' dir='ltr'>Augustinus,</span> <span class='ocrx_word' id='word_1_308' title='bbox 796 2523 908 2560; x_wconf 89' lang='lat' dir='ltr'>cuius</span> <span class='ocrx_word' id='word_1_309' title='bbox 948 2523 1091 2558; x_wconf 87' lang='lat' dir='ltr'>festum</span> <span class='ocrx_word' id='word_1_310' title='bbox 1127 2521 1246 2557; x_wconf 89' lang='lat' dir='ltr'>hodie</span> <span class='ocrx_word' id='word_1_311' title='bbox 1279 2520 1543 2569; x_wconf 88' lang='lat' dir='ltr'>solempnizat</span> 
     </span>
    </p>
   </div>
   <div class='ocr_carea' id='block_1_4' title="bbox 226 2643 1547 2818">
    <p class='ocr_par' dir='ltr' id='par_1_11' title="bbox 226 2643 1547 2818">
     <span class='ocr_line' id='line_1_40' title="bbox 296 2643 1543 2683; baseline -0.003 -9"><span class='ocrx_word' id='word_1_312' title='bbox 296 2655 322 2674; x_wconf 91' lang='lat'>2.</span> <span class='ocrx_word' id='word_1_313' title='bbox 344 2649 388 2675; x_wconf 85' lang='lat' dir='ltr'>A:</span> <span class='ocrx_word' id='word_1_314' title='bbox 410 2645 564 2683; x_wconf 81' lang='lat' dir='ltr'>affectum.</span> <span class='ocrx_word' id='word_1_315' title='bbox 621 2645 646 2673; x_wconf 87' lang='lat'>3.</span> <span class='ocrx_word' id='word_1_316' title='bbox 662 2647 705 2673; x_wconf 91' lang='lat' dir='ltr'>A:</span> <span class='ocrx_word' id='word_1_317' title='bbox 749 2646 876 2673; x_wconf 75' lang='lat' dir='ltr'>relatus.</span> <span class='ocrx_word' id='word_1_318' title='bbox 933 2653 958 2679; x_wconf 87' lang='lat'>7.</span> <span class='ocrx_word' id='word_1_319' title='bbox 982 2643 1055 2671; x_wconf 73' lang='lat' dir='ltr'>lJG:</span> <span class='ocrx_word' id='word_1_320' title='bbox 1078 2644 1265 2676; x_wconf 60' lang='lat' dir='ltr'>docendurm·</span> <span class='ocrx_word' id='word_1_321' title='bbox 1285 2643 1326 2671; x_wconf 87' lang='lat' dir='ltr'>ib.</span> <span class='ocrx_word' id='word_1_322' title='bbox 1342 2645 1387 2671; x_wconf 87' lang='lat' dir='ltr'>A:</span> <span class='ocrx_word' id='word_1_323' title='bbox 1407 2643 1543 2671; x_wconf 80' lang='lat' dir='ltr'>audiret.</span> 
     </span>
     <span class='ocr_line' id='line_1_41' title="bbox 227 2678 1547 2716; baseline -0.003 -7"><span class='ocrx_word' id='word_1_324' title='bbox 227 2690 255 2713; x_wconf 84' lang='lat' dir='ltr'>Q.</span> <span class='ocrx_word' id='word_1_325' title='bbox 278 2682 351 2709; x_wconf 87' lang='lat' dir='ltr'>DG:</span> <span class='ocrx_word' id='word_1_326' title='bbox 373 2682 525 2709; x_wconf 83' lang='lat' dir='ltr'>locuntur.</span> <span class='ocrx_word' id='word_1_327' title='bbox 588 2689 617 2716; x_wconf 83' lang='lat'>9,</span> <span class='ocrx_word' id='word_1_328' title='bbox 635 2689 675 2708; x_wconf 89' lang='lat'>10.</span> <span class='ocrx_word' id='word_1_329' title='bbox 692 2681 716 2708; x_wconf 89' lang='lat' dir='ltr'>D</span> <span class='ocrx_word' id='word_1_330' title='bbox 758 2690 764 2707; x_wconf 77' lang='lat' dir='ltr'>t</span> <span class='ocrx_word' id='word_1_331' title='bbox 787 2684 818 2707; x_wconf 84' lang='lat' dir='ltr'>et</span> <span class='ocrx_word' id='word_1_332' title='bbox 838 2697 863 2698; x_wconf 31' lang='lat' dir='ltr'><em>j</em></span> <span class='ocrx_word' id='word_1_333' title='bbox 888 2680 1001 2707; x_wconf 78' lang='lat' dir='ltr'>virtute</span> <span class='ocrx_word' id='word_1_334' title='bbox 1021 2680 1115 2706; x_wconf 82' lang='lat' dir='ltr'>deest.</span> <span class='ocrx_word' id='word_1_335' title='bbox 1180 2687 1220 2706; x_wconf 87' lang='lat'>10.</span> <span class='ocrx_word' id='word_1_336' title='bbox 1244 2679 1288 2705; x_wconf 78' lang='lat' dir='ltr'>A:</span> <span class='ocrx_word' id='word_1_337' title='bbox 1309 2686 1347 2706; x_wconf 85' lang='lat' dir='ltr'>ex</span> <span class='ocrx_word' id='word_1_338' title='bbox 1366 2678 1432 2706; x_wconf 78' lang='lat' dir='ltr'>istis</span> <span class='ocrx_word' id='word_1_339' title='bbox 1451 2678 1547 2709; x_wconf 79' lang='lat' dir='ltr'>vidit,-</span> 
     </span>
     <span class='ocr_line' id='line_1_42' title="bbox 227 2713 1546 2750; baseline -0.003 -7"><span class='ocrx_word' id='word_1_340' title='bbox 227 2716 269 2744; x_wconf 88' lang='lat' dir='ltr'>D:</span> <span class='ocrx_word' id='word_1_341' title='bbox 291 2716 402 2744; x_wconf 81' lang='lat' dir='ltr'>indidit</span> <span class='ocrx_word' id='word_1_342' title='bbox 424 2716 504 2743; x_wconf 80' lang='lat' dir='ltr'>Deus</span> <span class='ocrx_word' id='word_1_343' title='bbox 523 2716 644 2750; x_wconf 84' lang='lat' dir='ltr'>(twice).</span> <span class='ocrx_word' id='word_1_344' title='bbox 719 2723 758 2743; x_wconf 87' lang='lat'>21.</span> <span class='ocrx_word' id='word_1_345' title='bbox 779 2716 822 2742; x_wconf 86' lang='lat' dir='ltr'>A:</span> <span class='ocrx_word' id='word_1_346' title='bbox 852 2715 1089 2750; x_wconf 77' lang='lat' dir='ltr'>respondentur.</span> <span class='ocrx_word' id='word_1_347' title='bbox 1163 2721 1206 2741; x_wconf 80' lang='lat'>22.</span> <span class='ocrx_word' id='word_1_348' title='bbox 1229 2713 1273 2742; x_wconf 82' lang='lat' dir='ltr'>G:</span> <span class='ocrx_word' id='word_1_349' title='bbox 1299 2713 1330 2740; x_wconf 87' lang='lat' dir='ltr'>in</span> <span class='ocrx_word' id='word_1_350' title='bbox 1351 2715 1527 2741; x_wconf 81' lang='lat' dir='ltr'>naturalem</span> <span class='ocrx_word' id='word_1_351' title='bbox 1536 2723 1546 2745; x_wconf 79' lang='grc'>,-</span> 
     </span>
     <span class='ocr_line' id='line_1_43' title="bbox 227 2747 1544 2791; baseline -0.003 -13"><span class='ocrx_word' id='word_1_352' title='bbox 227 2752 267 2778; x_wconf 91' lang='lat' dir='ltr'>ib.</span> <span class='ocrx_word' id='word_1_353' title='bbox 290 2751 332 2778; x_wconf 87' lang='lat' dir='ltr'>G:</span> <span class='ocrx_word' id='word_1_354' title='bbox 362 2751 510 2791; x_wconf 79' lang='lat' dir='ltr'>reprimit.</span> <span class='ocrx_word' id='word_1_355' title='bbox 627 2750 668 2777; x_wconf 83' lang='lat'>25.</span> <span class='ocrx_word' id='word_1_356' title='bbox 691 2750 764 2778; x_wconf 87' lang='lat' dir='ltr'>DG:</span> <span class='ocrx_word' id='word_1_357' title='bbox 792 2750 1002 2777; x_wconf 71' lang='lat' dir='ltr'>ser-ramentis.</span> <span class='ocrx_word' id='word_1_358' title='bbox 1122 2756 1169 2784; x_wconf 85' lang='lat'>29,</span> <span class='ocrx_word' id='word_1_359' title='bbox 1193 2747 1236 2775; x_wconf 78' lang='lat'>30.</span> <span class='ocrx_word' id='word_1_360' title='bbox 1258 2748 1332 2775; x_wconf 88' lang='lat' dir='ltr'>DG:</span> <span class='ocrx_word' id='word_1_361' title='bbox 1361 2751 1544 2784; x_wconf 80' lang='lat' dir='ltr'>opportuno.</span> 
     </span>
     <span class='ocr_line' id='line_1_44' title="bbox 226 2782 1545 2818; baseline -0.003 -5"><span class='ocrx_word' id='word_1_362' title='bbox 226 2785 272 2814; x_wconf 84' lang='lat'>30.</span> <span class='ocrx_word' id='word_1_363' title='bbox 288 2785 362 2813; x_wconf 92' lang='lat' dir='ltr'>DG:</span> <span class='ocrx_word' id='word_1_364' title='bbox 383 2786 477 2813; x_wconf 80' lang='lat' dir='ltr'>tllam.</span> <span class='ocrx_word' id='word_1_365' title='bbox 545 2784 588 2813; x_wconf 87' lang='lat'>32.</span> <span class='ocrx_word' id='word_1_366' title='bbox 605 2785 648 2812; x_wconf 89' lang='lat' dir='ltr'>G:</span> <span class='ocrx_word' id='word_1_367' title='bbox 671 2785 750 2812; x_wconf 84' lang='lat' dir='ltr'>idem</span> <span class='ocrx_word' id='word_1_368' title='bbox 769 2793 844 2812; x_wconf 85' lang='lat' dir='ltr'>sum.</span> <span class='ocrx_word' id='word_1_369' title='bbox 913 2783 958 2818; x_wconf 77' lang='lat'>34.</span> <span class='ocrx_word' id='word_1_370' title='bbox 975 2784 1048 2811; x_wconf 91' lang='lat' dir='ltr'>DG:</span> <span class='ocrx_word' id='word_1_371' title='bbox 1069 2786 1101 2811; x_wconf 88' lang='lat' dir='ltr'>et</span> <span class='ocrx_word' id='word_1_372' title='bbox 1118 2784 1211 2811; x_wconf 84' lang='lat' dir='ltr'>deest.</span> <span class='ocrx_word' id='word_1_373' title='bbox 1280 2782 1327 2811; x_wconf 74' lang='lat'>36.</span> <span class='ocrx_word' id='word_1_374' title='bbox 1343 2783 1385 2810; x_wconf 87' lang='lat' dir='ltr'>D:</span> <span class='ocrx_word' id='word_1_375' title='bbox 1407 2782 1545 2810; x_wconf 80' lang='lat' dir='ltr'>donavit.</span> 
     </span>
    </p>
   </div>
   <div class='ocr_carea' id='block_1_5' title="bbox 225 2855 1546 2981">
    <p class='ocr_par' dir='ltr' id='par_1_12' title="bbox 225 2855 1546 2981">
     <span class='ocr_line' id='line_1_45' title="bbox 301 2855 1546 2897; baseline -0.004 -7"><span class='ocrx_word' id='word_1_376' title='bbox 301 2868 351 2890; x_wconf 89' lang='lat'>12.</span> <span class='ocrx_word' id='word_1_377' title='bbox 376 2858 480 2890; x_wconf 84' lang='lat' dir='ltr'>Marci</span> <span class='ocrx_word' id='word_1_378' title='bbox 509 2858 581 2897; x_wconf 89' lang='lat' dir='ltr'>VII,</span> <span class='ocrx_word' id='word_1_379' title='bbox 609 2856 661 2891; x_wconf 82' lang='lat'>36.</span> <span class='ocrx_word' id='word_1_380' title='bbox 742 2858 795 2891; x_wconf 87' lang='lat'>32.</span> <span class='ocrx_word' id='word_1_381' title='bbox 823 2858 846 2889; x_wconf 89' lang='grc' dir='ltr'>Ι.</span> <span class='ocrx_word' id='word_1_382' title='bbox 874 2857 952 2889; x_wconf 91' lang='lat' dir='ltr'>Cor.</span> <span class='ocrx_word' id='word_1_383' title='bbox 978 2857 1051 2897; x_wconf 90' lang='lat' dir='ltr'>XV,</span> <span class='ocrx_word' id='word_1_384' title='bbox 1075 2866 1125 2888; x_wconf 89' lang='lat'>10.</span> <span class='ocrx_word' id='word_1_385' title='bbox 1199 2855 1252 2890; x_wconf 84' lang='lat'>38.</span> <span class='ocrx_word' id='word_1_386' title='bbox 1280 2855 1332 2887; x_wconf 90' lang='lat' dir='ltr'>Cf.</span> <span class='ocrx_word' id='word_1_387' title='bbox 1358 2855 1546 2887; x_wconf 89' lang='lat' dir='ltr'>Introduct.</span> 
     </span>
     <span class='ocr_line' id='line_1_46' title="bbox 225 2904 1413 2981; baseline -0.003 -45"><span class='ocrx_word' id='word_1_388' title='bbox 225 2906 261 2937; x_wconf 87' lang='lat' dir='ltr'>in</span> <span class='ocrx_word' id='word_1_389' title='bbox 287 2906 435 2947; x_wconf 86' lang='lat' dir='ltr'>primam</span> <span class='ocrx_word' id='word_1_390' title='bbox 462 2912 608 2947; x_wconf 84' lang='lat' dir='ltr'>partem,</span> <span class='ocrx_word' id='word_1_391' title='bbox 635 2914 714 2946; x_wconf 88' lang='lat' dir='ltr'>pag.</span> <span class='ocrx_word' id='word_1_392' title='bbox 740 2904 842 2935; x_wconf 87' lang='lat' dir='ltr'>XXX.</span> <span class='ocrx_word' id='word_1_393' title='bbox 1343 2947 1413 2981; x_wconf 72' lang='lat'>26÷÷</span> 
     </span>
    </p>
   </div>
  </div>
 </body>
</html>
