2062 3276
125 1275 203 1304 This
225 1280 363 1310 patience

120 1312 181 1338 will
204 1311 237 1338 be
258 1312 372 1347 greatly

161 1346 330 1374 rewarded.

689 238 912 270 JOHANNIS
930 232 1115 269 WYCLIF
1135 237 1390 269 SERMONUM
1436 223 1587 281 [SERMO
1609 232 1705 261 XXV-

397 346 713 392 dempnandum,
750 344 844 380 dixit
869 346 986 380 Petro
1010 343 1157 380 volenti
1183 343 1385 379 vindicare
1409 344 1515 391 quod
1541 344 1706 379 mitteret

395 402 571 453 gladium
615 415 725 438 suum
771 403 806 437 in
854 402 1046 452 vaginam.
1096 404 1236 438 Nonne
1281 401 1343 437 hic
1388 410 1445 437 cst
1485 400 1706 437 contrarius

396 459 556 497 Christo
591 459 682 508 quia
716 459 791 508 legi
816 473 860 496 ac
885 459 1067 496 doctrine
1091 472 1159 496 sue
1183 459 1249 508 qui
1274 459 1465 507 profitens
1488 471 1528 495 se
1552 472 1706 495 summe

396 527 433 555 et
477 517 823 554 immediatissime
869 531 1005 566 gerere
1050 517 1175 553 vicem
1217 516 1365 554 Christi
1409 516 1449 552 in
1493 516 1623 562 terris,
1670 526 1707 553 et

396 585 531 612 tamen
577 575 642 611 ubi
676 575 856 612 Christus
900 575 998 623 fugit
1043 575 1247 623 regaliam,
1293 575 1363 611 iste
1410 574 1581 610 maxime
1625 574 1705 610 siti-

396 635 528 670 bunde
553 633 827 682 prosequitur;
852 633 919 669 ubi
939 633 1118 670 Christus
1142 633 1321 681 precepit
1347 632 1506 669 mittere
1528 631 1704 680 gladium

397 692 436 728 in
470 691 651 739 vaginam
686 691 812 728 eciam
860 691 898 727 in
933 690 1159 727 defensione
1205 703 1323 728 cause
1368 690 1595 735 iustissime,
1643 689 1706 726 illc

399 749 566 797 precipit
597 750 754 786 vibrare
786 749 976 797 gladium,
1022 748 1234 796 spoliando
1279 761 1475 797 pauperes
1521 747 1707 784 ecclesias

400 820 469 855 pro
494 807 709 843 satellitum
744 806 966 854 stipendiis,
1001 808 1271 843 subtrahendo
1306 806 1375 842 Dei
1400 806 1609 842 servicium
1636 818 1707 853 pro

398 864 643 912 acquirenda
676 864 958 901 dominacione
993 873 1268 904 monstruosa:
1315 863 1381 900 ubi
1415 864 1594 900 Christus
1636 863 1708 899 im-

399 922 546 971 pedivit
578 921 795 959 vindictam
830 923 878 959 ab
912 921 1169 959 iniustiSsime
1215 921 1482 958 detinentibus
1526 921 1599 957 sibi
1633 921 1708 957 vite

398 979 636 1025 necessaria,
683 980 746 1017 hic
779 993 912 1017 severe
946 980 1267 1016 excommunicat
1311 993 1382 1027 pro
1427 979 1539 1015 bonis
1573 992 1707 1027 super-

400 1038 487 1075 fluis
521 1048 557 1075 et
590 1051 671 1074 non
703 1038 784 1075 suis
817 1040 865 1075 ad
900 1038 1177 1074 sustinendum
1212 1050 1403 1086 pompam
1436 1037 1582 1074 seculi?
1618 1038 1708 1073 Ideo

398 1106 507 1144 patet
553 1098 660 1145 quod
705 1096 735 1132 si
781 1096 870 1145 quis
916 1105 973 1132 est
1019 1095 1264 1142 huiusmodi,
1312 1095 1374 1132 hic
1419 1105 1474 1132 est
1519 1095 1709 1131 subdolus

401 1154 670 1191 Antichristus
704 1163 740 1191 et
773 1167 843 1202 per
877 1167 1124 1203 consequens
1169 1153 1299 1191 omnis
1343 1153 1417 1190 sibi
1451 1152 1709 1190 consenciens
1752 1158 1766 1189 ὃ

399 1225 437 1248 m
470 1222 567 1250 istis.

455 1272 632 1307 Moveret
664 1271 839 1307 secundo
872 1271 921 1307 ad
954 1269 1195 1318 paciendum
1231 1269 1379 1306 dictam
1413 1269 1600 1306 iniurium
1626 1281 1712 1318 spes

393 1329 551 1378 premii,
587 1341 677 1365 cum
712 1327 878 1377 quilibet
912 1329 1074 1364 deberet
1108 1330 1268 1365 credere
1302 1340 1345 1364 ex
1378 1327 1577 1376 scriptura
1602 1328 1707 1375 quod

399 1386 602 1422 humiliter
647 1399 719 1434 pro
753 1385 912 1423 Christo
956 1385 1117 1434 paciens
1164 1385 1309 1422 auferri
1355 1387 1426 1422 hec
1471 1384 1711 1433 temporalia

399 1444 563 1492 recipiet
596 1444 781 1480 virtutem
817 1453 854 1480 et
886 1444 1055 1491 gloriam
1090 1457 1110 1480 a
1135 1444 1293 1481 Christo
1327 1443 1393 1491 qui
1427 1453 1484 1480 est
1506 1442 1707 1479 infinitum

399 1501 649 1551 prestancior
672 1515 793 1551 quam
818 1504 955 1539 eadem
981 1502 1242 1550 temporalia:
1267 1503 1373 1550 quod
1391 1501 1570 1538 Christus
1595 1502 1710 1537 docet

399 1560 564 1597 Matthei
597 1562 664 1605 VO,
698 1573 770 1606 40:
806 1561 849 1596 Si
878 1561 973 1609 quis,
1006 1560 1147 1609 inquit,
1181 1561 1312 1608 aufert
1344 1573 1365 1595 α
1389 1568 1423 1596 te
1446 1560 1628 1597 tunicam.
1662 1559 1709 1594 da

399 1619 433 1654 ei
463 1626 497 1654 et
524 1618 713 1667 pallittm;
744 1627 780 1654 et
813 1617 844 1654 si
878 1619 1006 1654 aufert
1039 1631 1060 1654 a
1093 1627 1130 1654 te
1163 1619 1268 1654 bona
1301 1617 1434 1665 gracie
1468 1627 1509 1653 ut
1543 1616 1711 1652 virtutes

398 1689 474 1724 que
507 1676 692 1724 proprius
726 1684 763 1712 et
795 1675 929 1712 utilius
962 1675 1095 1711 insunt
1130 1675 1283 1712 homini
1317 1688 1437 1723 quam
1472 1674 1711 1722 temporalia

399 1747 474 1782 que
507 1743 598 1770 sunt
631 1743 673 1770 ut
706 1733 886 1781 pallium,
922 1735 970 1770 da
995 1733 1027 1770 ei
1052 1733 1293 1781 temporalia
1317 1742 1534 1781 antequam
1569 1733 1710 1780 perdas
1754 1737 1768 1768 5

399 1791 576 1828 tunicam
607 1792 812 1828 virtutum.
847 1793 961 1828 Unde
997 1793 1055 1838 (ut
1090 1791 1167 1827 dixi
1192 1804 1376 1828 sermone
1402 1790 1597 1839 proximo)
1632 1803 1711 1825 non

401 1860 457 1886 cst
491 1850 602 1886 color
635 1849 852 1886 christiano
887 1849 1137 1897 expugnandi
1172 1862 1416 1898 quemquam
1451 1862 1522 1897 pro
1556 1858 1711 1895 tempo-

401 1907 550 1944 ralibus
583 1907 658 1944 nisi
691 1907 826 1955 gracia
860 1907 1101 1955 corripiendi
1134 1921 1224 1943 eum
1271 1916 1307 1943 et
1352 1920 1422 1955 per
1467 1918 1712 1954 consequens

401 1979 473 2014 pro
518 1978 655 2002 amore
699 1964 758 2002 sui
804 1974 970 2013 urgente
1013 1967 1063 2001 ad
1109 1965 1438 2013 castigacionem:
1485 1965 1593 2013 quod
1630 1977 1711 2000 non

401 2023 573 2071 pertinet
606 2024 712 2060 clero
745 2025 813 2059 sed
847 2022 957 2059 laicis
1003 2036 1024 2059 a
1071 2024 1176 2060 clero
1223 2023 1438 2059 instructis.
1495 2025 1584 2058 Non
1618 2027 1745 2069 erg03

401 2091 563 2129 propter
595 2082 740 2118 fastum
774 2082 834 2117 vel
867 2082 1062 2117 honorem
1097 2082 1345 2117 mundanum
1379 2093 1494 2117 suum
1529 2079 1712 2117 continu-

400 2141 548 2176 andum
584 2141 700 2175 debet
732 2140 920 2175 sacerdos
955 2138 1104 2175 Christi
1150 2151 1366 2186 procurare
1406 2138 1707 2175 contencionem

400 2197 459 2233 vel
505 2196 847 2245 expugnacionem
894 2196 1074 2243 divitum,
1129 2209 1218 2232 cum
1266 2198 1411 2233 debent
1456 2196 1495 2232 in
1541 2208 1712 2243 persona

401 2254 565 2303 propria
599 2267 681 2291 esse
715 2267 911 2302 pauperes
945 2253 1069 2290 instar
1102 2254 1260 2290 Christi.

1730 879 1767 899 10

1728 1458 1768 1478 20

458 2312 600 2349 Tercio
635 2322 811 2348 moveret
844 2312 964 2348 timor
997 2311 1145 2348 erroris
1190 2321 1322 2348 tenere
1355 2321 1510 2360 partem
1545 2311 1710 2348 alteram
1731 2316 1768 2348 '35

402 2382 605 2417 sccuram3
658 2383 751 2407 nam
798 2383 843 2406 eo
888 2370 975 2417 ipso
1021 2382 1099 2418 quo
1142 2369 1229 2418 quis
1275 2379 1424 2418 pugnat
1467 2370 1527 2406 vel
1572 2368 1713 2417 repetit

471 2524 494 2542 2.
516 2515 559 2542 A:
581 2514 650 2542 Non
671 2516 728 2552 liic.
811 2514 836 2542 3.
859 2514 900 2542 H:
925 2515 979 2554 qui
996 2515 1079 2551 legi:
1106 2515 1146 2552 itw.
1169 2515 1213 2542 H:
1235 2515 1289 2550 qui
1308 2515 1401 2541 deest.
1483 2524 1511 2547 4.
1534 2514 1578 2542 H:
1603 2515 1717 2542 christi

400 2551 494 2577 deest.
619 2550 642 2577 5.
666 2550 739 2577 DG:
766 2550 902 2586 regalia,
923 2551 983 2577 ille.
1103 2549 1185 2577 0—8.
1208 2549 1251 2576 H:
1281 2550 1400 2576 mittere
1419 2565 1450 2568 ξ
1466 2550 1600 2585 precipil
1621 2550 1712 2576 deest.

400 2585 426 2612 δ’.
450 2585 494 2611 ll:
515 2585 672 2619 sPoIiam‘H
693 2584 733 2611 ib.
752 2585 793 2611 D:
809 2592 965 2619 pauperes
985 2584 1081 2611 twice.
1138 2592 1166 2619 ς).
1184 2584 1255 2611 DG:
1274 2584 1467 2619 prosalitmn.
1524 2592 1564 2611 10.
1581 2584 1623 2611 H:
1656 2592 1714 2610 wr-

400 2620 562 2658 qm'renda.
626 2627 659 2646 ιι,
681 2619 705 2645 D
728 2619 757 2646 in
779 2627 893 2654 marg:
918 2620 1033 2646 Contra
1053 2618 1131 2646 bella
1152 2619 1282 2645 ›nturime
1301 2619 1492 2645 clericorum.
1551 2618 1586 2646 115,
1609 2619 1635 2645 Α
1657 2619 1712 2644 )(}:

401 2654 470 2680 ait-0
491 2654 585 2680 deest.
672 2662 713 2686 14.
735 2653 839 2681 ADG:
861 2653 946 2688 quod
964 2653 1064 2684 deest:
1093 2653 1134 2680 ib.
1157 2653 1229 2680 lui:
1251 2652 1299 2680 hic
1320 2653 1415 2679 deest.
1508 2652 1549 2680 16.
1571 2653 1645 2680 DG:
1667 2653 1714 2680 liic

401 2689 430 2715 in
452 2688 524 2715 istis.
600 2696 640 2722 υ).
663 2688 766 2715 DGH:
790 2689 961 2723 pacienter.
1035 2688 1078 2715 23.
1099 2687 1143 2714 H:
1166 2691 1195 2714 et
1214 2687 1349 2714 virtutes.
1424 2686 1470 2714 30.
1492 2687 1564 2714 DG:
1593 2696 1610 2714 a
1631 2688 1713 2714 clero

401 2723 501 2751 deest:
530 2722 569 2749 ib.
593 2722 666 2749 DG:
688 2723 847 2750 instinctis.
921 2721 959 2749 31.
984 2721 1058 2749 DG:
1085 2724 1147 2749 aut.
1220 2721 1262 2748 33.
1285 2721 1359 2749 DG:
1382 2722 1430 2749 vel
1449 2722 1550 2751 deest:
1578 2722 1617 2750 ib.
1640 2722 1711 2748 DG:

401 2758 449 2785 vel
468 2757 603 2784 divitum.
677 2756 719 2791 33,
742 2756 787 2791 34.
809 2756 914 2784 DGH:
939 2764 1075 2792 persona
1094 2764 1158 2783 sua.
1232 2755 1277 2789 2⁴4.
1301 2755 1343 2783 H:
1377 2756 1492 2784 Christi
1510 2756 1603 2783 deest.

482 2862 507 2883 1.
533 2851 609 2883 Joh.
636 2849 753 2891 XVIII:
779 2863 827 2882 ιω.
