2062 3276
251 236 386 265 sumno
408 225 504 283 xx¹.]
728 238 920 278 QUARTA
948 238 1073 270 Pist.

250 359 331 383 non
364 346 484 382 habet
517 354 758 393 potestatem
794 344 850 381 sic
883 344 1123 381 distribuere
1157 344 1253 381 istos
1288 345 1455 381 celestes
1479 346 1563 382 the-

250 416 404 449 sauros,
438 402 515 439 nisi
539 403 700 440 Christo
734 402 932 451 placuerit
962 411 999 438 et
1028 402 1191 439 cuilibet
1215 415 1318 451 pape
1342 403 1401 439 vel
1424 412 1563 440 sancto

250 462 290 498 in
324 461 431 507 celis,
465 463 673 510 quomodo
706 461 855 497 faceret
883 460 967 508 ipse
991 460 1152 497 evidens
1178 460 1322 497 viatori
1347 462 1454 508 quod
1479 470 1563 497 tota

251 519 407 557 celestis
457 519 607 556 milicia
651 520 726 555 hoc
772 519 985 567 approbat,
1034 531 1124 555 cum
1157 531 1231 555 nec
1264 518 1314 554 sit
1347 518 1456 555 racio
1489 532 1563 555 nec

217 580 234 612 5
251 579 358 615 bulla
382 579 431 614 ad
456 579 531 614 hoc
555 576 782 614 sufficiens?
816 576 880 613 Sic
914 589 1008 624 ergo
1032 585 1123 613 sunt
1147 585 1327 625 pastores
1360 576 1400 612 in
1432 577 1562 624 lupos,

251 637 390 684 vulpes
431 644 468 672 et
508 647 624 672 canes
664 634 863 672 diabolice
901 634 1192 680 transformati,
1237 633 1331 683 quia
1369 634 1400 670 si
1434 643 1564 671 essent

251 703 432 743 pastores
465 693 599 730 ovium
634 692 816 729 iuvarent
849 705 941 729 oves
974 705 1064 729 suas
1088 692 1128 729 in
1153 692 1311 741 pascuis
1343 692 1564 729 virentibus

250 752 555 800 scripturarum,
608 751 868 787 defenderent
912 750 1018 799 ipsas
1053 763 1074 787 a
1107 750 1253 787 talibus
1298 750 1485 787 hereticis
1526 759 1563 787 et

249 809 355 858 lupis
399 809 612 858 rapacibus
652 818 689 845 et
729 821 821 846 oves
864 809 1019 845 sedatas
1064 808 1211 845 talibus
1257 808 1462 845 heresibus
1503 821 1565 845 ex-

195 880 235 901 10
250 877 481 917 purgarent.
506 869 582 904 Sed
606 867 839 904 mercenarii
858 874 945 903 sunt
967 870 1025 911 (ut
1049 866 1195 903 dicitur
1217 868 1304 903 Joh.
1325 868 1393 913 XO,
1417 877 1477 912 12,
1502 867 1564 912 13)

250 938 322 963 non
357 933 552 976 pastores.
599 927 646 961 Et
678 924 769 961 ideo
811 937 900 961 cum
946 924 1024 961 sint
1068 924 1245 973 presciti,
1290 937 1372 961 non
1416 926 1564 961 habent

250 996 342 1021 oves
375 983 561 1032 proprias
592 995 721 1032 neque
745 982 975 1032 quicquam.
1011 984 1104 1019 Ideo
1128 982 1225 1019 dicit
1249 982 1431 1020 Christus
1456 984 1564 1031 quod

249 1050 337 1078 sunt
369 1042 602 1078 mercenarii
632 1053 794 1090 quorum
829 1053 901 1077 non
934 1049 1022 1077 sunt
1054 1053 1153 1078 oves.

307 1102 389 1137 Nec
428 1100 532 1136 valet
572 1099 612 1136 in
651 1099 727 1136 ista
772 1098 940 1136 materia
986 1098 1271 1147 sophisticacio
1305 1098 1560 1135 Antichristi:

196 1159 232 1192 15
250 1157 355 1195 Dicit
400 1158 505 1195 enim
551 1159 658 1207 quod
706 1156 957 1206 excipiuntur
1002 1156 1165 1205 presciti
1199 1165 1236 1193 et
1267 1156 1342 1192 viri
1376 1156 1443 1205 qui
1483 1169 1563 1192 non

249 1225 341 1253 sunt
381 1215 543 1253 contriti
575 1216 636 1252 vel
670 1215 853 1264 dispositi
886 1217 936 1252 ad
975 1215 1253 1263 recipiendum
1292 1216 1395 1251 hanc
1434 1214 1564 1251 indul-

249 1274 448 1323 genciam,
488 1287 609 1323 quam
644 1282 727 1310 tam
760 1273 943 1321 largiflue
976 1287 1081 1322 papa
1114 1274 1252 1310 donat.
1300 1275 1451 1310 Revera
1491 1274 1563 1309 hec

250 1332 460 1381 responsio
498 1345 589 1369 vere
627 1331 757 1368 innuit
796 1333 905 1380 quod
945 1331 1044 1368 nulli
1085 1333 1203 1368 datur
1242 1330 1449 1368 absolucio
1488 1330 1564 1368 nisi

250 1390 307 1427 illi
331 1403 449 1439 quem
470 1393 575 1427 Deus
605 1389 834 1427 eternaliter
868 1389 1156 1438 predestinavit
1191 1390 1240 1426 ad
1273 1388 1564 1426 beatitudinem

194 1448 384 1486 eotaliter
423 1448 628 1497 premiari.
675 1449 753 1485 Sed
796 1448 995 1497 numquid
1039 1461 1145 1497 papa
1190 1456 1355 1496 propter
1400 1460 1562 1484 causam

250 1516 333 1543 tam
368 1508 583 1555 reprobam
618 1507 694 1543 hoc
728 1506 938 1543 concedit?
971 1506 1012 1543 Si
1046 1519 1139 1554 ergo
1174 1505 1454 1542 subintellecta
1487 1505 1562 1542 ista

251 1564 488 1602 condicione
533 1577 639 1613 papa
685 1564 869 1601 concedit
902 1565 971 1602 has
1016 1563 1305 1612 indulgencias,
1352 1572 1488 1612 posset
1528 1572 1565 1600 et

251 1624 473 1661 concedere
507 1623 789 1659 subintellecta
824 1622 1026 1659 consimili
1060 1622 1300 1659 condicione
1334 1635 1410 1671 que
1442 1622 1567 1658 nichil

249 1681 364 1730 ponit
397 1681 472 1718 nisi
505 1690 692 1718 naturam
735 1681 911 1718 divinam
954 1681 1176 1729 quemlibet
1216 1692 1300 1717 esse
1334 1683 1475 1717 Deum.
1523 1680 1564 1716 Si

193 1742 232 1774 25
251 1753 344 1788 ergo
377 1741 597 1776 secundum
639 1739 865 1776 doctrinam
907 1739 1012 1776 beati
1045 1738 1184 1775 Jacobi
1222 1738 1347 1776 nichil
1385 1739 1565 1775 futurum

249 1806 483 1835 nostrorum
523 1810 692 1846 operum
737 1799 930 1834 debemus
970 1809 1161 1843 asserere,
1207 1805 1566 1845 quantumcunque

250 1856 398 1893 fuerint
430 1856 470 1892 in
503 1864 641 1893 nostra
673 1855 800 1893 libera
833 1864 1046 1904 potestate,
1080 1855 1157 1892 nisi
1191 1855 1474 1892 subintellecta
1506 1855 1568 1891 vel

252 1927 436 1963 expressa
483 1913 720 1951 condicione
751 1914 786 1950 si
816 1915 923 1950 Deus
956 1914 1133 1960 voluerit,
1180 1914 1308 1950 multo
1348 1913 1476 1961 magis
1517 1914 1563 1949 de

252 1972 328 2008 illis
373 1971 516 2009 divinis
562 1981 598 2008 et
642 1972 805 2008 secretis
839 1971 911 2008 Dei
956 1971 1284 2008 concessionibus
1329 1972 1377 2008 de
1422 1971 1565 2020 quibus

195 2034 236 2066 30
252 2043 358 2079 papa
389 2043 470 2067 non
504 2031 623 2066 habet
663 2029 911 2067 evidenciam
952 2029 1085 2066 taliter
1126 2029 1447 2078 blasphemandi.
1494 2031 1566 2065 Per

252 2089 328 2125 hoc
363 2088 466 2125 enim
502 2088 772 2125 Antichristus
806 2087 1021 2134 extollitur,
1056 2088 1231 2136 populus
1265 2087 1305 2123 in
1338 2087 1415 2124 fide
1449 2088 1564 2124 sedu-

253 2146 355 2183 citur
387 2155 424 2183 et
457 2146 627 2196 pecunia
660 2159 881 2195 pauperum
916 2146 1146 2194 symoniace
1180 2145 1425 2183 exhauritur.

309 2206 390 2241 Nec
422 2205 526 2241 valet
558 2206 732 2241 secunda
767 2204 1052 2253 sophisticacio
1078 2217 1155 2253 qua
1174 2203 1445 2241 Antichristus
1469 2203 1565 2240 dicit

252 2275 291 2299 se
315 2276 396 2299 non
419 2262 625 2299 intendere
650 2264 758 2312 quod
783 2262 932 2299 Christi
965 2262 1137 2299 vicarius
1162 2264 1212 2299 ad
1235 2263 1314 2299 tale
1338 2261 1562 2299 dominium

195 2322 235 2357 35
253 2333 459 2358 cesareum
502 2330 642 2358 contra
681 2321 807 2369 legem
842 2321 1006 2357 Domini
1046 2321 1271 2367 extollatur,
1318 2322 1387 2357 sed
1426 2319 1565 2368 pocius

252 2379 461 2416 intendere
494 2381 601 2427 quod
635 2378 758 2415 libere
792 2388 829 2416 et
862 2379 995 2427 quiete
1028 2388 1139 2427 regat
1173 2378 1385 2416 ecclesiam
1417 2378 1565 2415 Christi

253 2447 290 2474 et
322 2437 592 2474 Antichristus
625 2437 698 2474 Dei
732 2446 770 2474 et
803 2436 969 2474 ecclesie
1008 2437 1260 2474 adversarius
1301 2436 1564 2486 deprimatur.

254 2494 318 2532 Sic
351 2495 457 2532 enim
492 2495 603 2544 fingit
636 2495 894 2543 symoniacus
929 2507 1106 2544 pangens
1141 2508 1230 2532 cum
1266 2494 1428 2532 homine
1458 2508 1567 2543 mag-

322 2640 346 2669 5.
362 2641 395 2680 ⁶I:
417 2649 483 2668 cum
502 2648 589 2678 ergo.
680 2650 707 2677 7.
728 2641 799 2670 AE:
819 2641 994 2675 minarent;
1020 2641 1063 2669 D:
1079 2642 1242 2670 inviarent.
1334 2641 1361 2670 8.
1382 2641 1451 2669 DE:
1474 2641 1566 2677 ipsos.

253 2683 292 2703 12.
314 2676 338 2703 D
361 2684 391 2703 ιη
413 2684 526 2710 marg:
555 2675 646 2704 Nota.
765 2685 806 2710 14.
827 2677 926 2708 valet;
952 2677 997 2704 A:
1024 2676 1174 2704 videlicet.
1293 2684 1331 2712 17.
1352 2677 1382 2704 l:
1409 2679 1567 2712 quantam.

252 2718 295 2738 22.
317 2710 400 2738 DEI:
421 2714 452 2738 et
469 2710 562 2737 deest.
636 2710 678 2738 25.
700 2711 913 2747 DEI:futuri.
988 2710 1027 2739 31.
1043 2712 1086 2739 A:
1109 2711 1188 2739 enim
1203 2711 1306 2741 deest:
1327 2711 1357 2739 ib
1372 2713 1417 2739 A:
1434 2712 1568 2747 populus

253 2745 347 2773 deest.
420 2744 463 2773 33.
486 2745 510 2772 E
529 2746 557 2772 in
581 2754 694 2780 marg:
715 2745 940 2781 Sophisticacio
959 2747 1114 2779 secunda,-
1134 2746 1173 2773 ib.
1196 2746 1264 2774 DE:
1286 2745 1467 2774 Antichristi
1484 2746 1568 2774 Anti-

253 2781 394 2807 christus.
469 2778 515 2813 34.
538 2780 655 2808 Codd.:
680 2780 819 2808 Christus
837 2781 983 2809 vicarius.

325 2863 376 2897 28.
403 2865 472 2897 Jac.
501 2864 555 2903 IV,
588 2863 636 2898 15.

1776 230 1848 276 187

1584 1105 1757 1133 Antichrist
1779 1110 1850 1141 puts

1583 1141 1613 1168 in
1634 1141 1684 1168 the
1705 1141 1771 1176 plea
1792 1141 1857 1168 tliat

1584 1176 1783 1211 indulgences
1804 1183 1855 1202 are

1613 1211 1686 1247 only
1706 1211 1754 1249 sor
1773 1211 1824 1238 the

1648 1250 1789 1273 contrite.

1659 1454 1742 1483 Such
1764 1462 1780 1481 a

1580 1489 1739 1516 condition
1755 1489 1861 1516 makes

1598 1524 1680 1551 them
1702 1524 1762 1551 idle
1783 1524 1842 1551 and

1639 1558 1750 1586 should
1772 1559 1808 1586 be

1663 1593 1779 1629 plainly

1628 1628 1810 1664 express-ed.

1673 2209 1773 2237 Other

1604 2244 1788 2279 sophistries
1809 2244 1845 2271 of

1580 2279 1755 2307 Antichrist
1775 2288 1808 2307 as
1828 2284 1858 2307 to

1651 2315 1784 2350 simony.
