2062 3276
217 1772 330 1808 Prayer
351 1772 376 1799 is
398 1777 449 1799 not

206 1815 291 1834 more
314 1807 461 1841 powerful

251 1841 298 1869 for
324 1841 413 1876 being

227 1877 442 1903 conccutrated

208 1919 246 1938 on
268 1919 325 1938 oue
346 1919 381 1938 or
402 1911 458 1939 few

274 1946 400 1980 objects.

783 270 1005 301 JOHANNIS
1025 269 1208 302 Vx'YCLlF
1227 269 1481 302 SERMONUM
1575 256 1726 314 [SERMO
1746 267 1796 294 lll-

489 377 615 424 gradu
648 388 732 412 suo.
780 376 893 412 Unde
934 375 1040 412 idem
1081 385 1138 412 est
1177 388 1224 412 ac
1265 375 1296 412 si
1335 375 1472 423 ydiota
1504 375 1560 412 ita
1592 385 1795 424 argueret:

491 437 595 470 Deus
628 442 685 470 est
719 433 860 470 melior
893 442 1090 479 creatura,
1125 433 1226 470 sicut
1259 434 1388 470 celum
1430 441 1488 470 est
1534 433 1675 470 melius
1720 443 1797 470 ter—

490 491 694 537 restribus,
748 504 842 539 ergo
896 494 1000 528 Deus
1052 504 1133 527 non
1185 493 1427 539 produceret
1479 500 1683 528 creaturas
1735 493 1795 528 vel

490 550 630 587 saltem
666 558 838 586 cessaret
870 551 920 586 ad
944 549 1260 597 produccionern
1286 557 1562 585 creaturarum
1586 549 1795 586 nobilium.

492 611 591 645 Nam
625 607 665 644 in
698 608 962 656 producendo
995 607 1124 643 celum
1155 609 1261 643 Deus
1293 606 1481 655 produxit
1516 606 1726 643 materiam
1761 610 1830 644 et5

489 665 718 703 uccidencia
751 665 895 714 quibus
928 677 1009 701 non
1042 673 1098 701 est
1132 664 1302 701 debilior
1335 673 1531 701 creatura.
1567 666 1599 701 O
1634 664 1665 702 si
1688 666 1794 713 Apo—

489 724 613 760 stolus
647 723 821 760 audisset
844 723 959 759 istam
986 722 1203 770 arguciam,
1239 731 1433 771 quantum
1457 722 1567 759 illam
1590 731 1797 771 contemp-

489 791 612 818 neret.
658 782 809 818 Oculus
853 790 910 817 est
954 793 1150 828 organum
1195 780 1370 817 nobilius
1403 782 1504 828 pede
1536 781 1597 818 vel
1629 780 1796 826 ossibus,
1814 806 1875 837 ΡΟ]

489 840 609 887 igitur
653 839 720 875 illa
759 838 1002 887 ignobiliora
1045 838 1383 875 irracionabiliter
1427 847 1518 875 sunt
1563 829 1894 891 productalmss'c

491 897 611 934 Racio
645 897 807 945 quidem
842 896 957 944 exigit
991 897 1099 945 quod
1132 896 1285 933 diversa
1318 896 1396 932 sint
1418 909 1563 945 genera
1588 896 1797 944 adorandi,
1818 891 1856 929 16

490 965 526 992 et
559 955 800 1003 generaliter
822 954 1025 1004 loquendo
1049 954 1224 1003 quelibet
1248 967 1339 1003 pars
1362 954 1559 1003 scripture
1584 967 1653 1002 per
1676 968 1797 1003 quam

491 1013 656 1050 devocio
709 1012 914 1049 christiani
968 1011 1201 1049 accenditur
1248 1021 1381 1060 potest
1429 1012 1507 1049 dici
1556 1012 1706 1058 oracio,
1756 1021 1798 1049 ut

490 1071 657 1120 quilibet
709 1080 882 1120 quatuor
939 1083 1127 1107 sensuum
1185 1070 1381 1119 scripture
1437 1079 1795 1119 quantumcunque

489 1130 607 1166 fuerit
652 1128 865 1166 historicus
909 1130 969 1166 vel
1013 1128 1182 1164 subtilis.
1228 1130 1317 1165 Non
1364 1137 1499 1165 tamen
1543 1128 1659 1165 video
1700 1128 1796 1177 quin

491 1187 605 1224 multi
638 1187 678 1224 in
711 1187 936 1224 ordinando
970 1186 1179 1223 oraciones
1211 1186 1340 1223 varias
1374 1195 1411 1223 et
1450 1186 1624 1235 prolixas
1665 1187 1853 1223 multi-15

490 1245 647 1294 pliciter
669 1253 956 1294 peccaverunt3
988 1258 1080 1281 nam
1106 1245 1291 1281 doctores
1314 1244 1495 1293 precipui
1516 1257 1597 1281 non
1621 1245 1798 1281 fecerunt

491 1312 633 1341 cuncta
657 1304 761 1341 facta
785 1317 855 1340 sua
880 1304 929 1340 ad
952 1303 1131 1350 regulam
1157 1302 1239 1339 sine
1264 1303 1394 1350 culpa.
1430 1304 1504 1339 Per
1526 1302 1795 1340 variacionem

490 1361 610 1409 igitur
642 1361 878 1398 oracionum
914 1359 1144 1397 huiusmodi
1178 1360 1375 1397 excutitur
1413 1360 1616 1397 fastidium
1658 1374 1680 1397 a
1717 1360 1798 1397 via-

489 1419 643 1457 toribus
689 1420 755 1468 qui
800 1420 975 1468 gaudent
1020 1418 1228 1465 extraneis,
1276 1431 1435 1467 semper
1480 1427 1615 1455 tamen
1653 1431 1795 1467 appre-

489 1478 677 1515 ciandum
713 1486 770 1515 est
803 1478 891 1526 plus
923 1490 1024 1525 opus
1058 1476 1309 1513 meritorium
1343 1485 1379 1513 et
1412 1476 1485 1513 sibi
1519 1485 1576 1513 est
1599 1476 1796 1514 attencius
1814 1488 1855 1510 20

489 1535 742 1572 innitendum
787 1549 906 1584 quam
953 1534 1103 1572 vocalis
1151 1534 1300 1580 oracio,
1348 1547 1436 1571 cum
1484 1534 1664 1583 Baptista
1708 1535 1796 1583 plus

490 1593 641 1643 placuit
674 1593 970 1642 privacionibus
1004 1602 1041 1629 et
1073 1592 1153 1629 vita
1187 1592 1395 1629 meritoria
1429 1605 1549 1641 quam
1584 1601 1795 1641 sequentes

489 1651 745 1689 oracionibus
792 1651 988 1688 rithmicis
1042 1659 1399 1700 quantumcunque
1451 1650 1650 1687 subtiliter
1702 1664 1795 1688 con-

491 1709 647 1757 iugatis.

547 1769 731 1804 Secundo
765 1767 894 1815 arguit
928 1768 1186 1815 blasphemus
1219 1766 1292 1802 sic:
1333 1765 1474 1802 Omnis
1514 1765 1638 1802 virtus
1684 1766 1794 1802 unita
1813 1768 1851 1799 25

492 1835 548 1862 est
581 1825 730 1862 forcior
762 1838 802 1862 se
835 1825 921 1873 ipsa
955 1825 1148 1873 dispersa,
1190 1833 1226 1861 et
1259 1823 1314 1860 sic
1352 1823 1476 1860 virtus
1510 1823 1650 1860 orandi
1685 1823 1796 1860 unita

488 1883 527 1920 in
561 1897 683 1920 unum
717 1884 777 1921 vel
810 1896 958 1932 paucos
992 1882 1136 1932 quibus
1170 1881 1374 1918 distribuit
1408 1881 1616 1930 spirituale
1655 1882 1794 1918 suffra-

487 1942 594 1990 gium
630 1951 688 1978 est
721 1941 869 1978 forcior
902 1950 939 1977 et
972 1940 1175 1989 copiosior
1208 1942 1255 1976 ad
1297 1939 1616 1988 imperciendum
1656 1939 1794 1988 paucis

488 2000 719 2047 suffragium
768 2012 836 2036 seu
884 1998 1106 2035 subsidium
1156 2011 1275 2046 quam
1329 1998 1431 2034 foret
1483 1998 1620 2034 eadem
1670 1997 1794 2034 virtus

487 2058 642 2104 orandi,
676 2058 707 2094 si
740 2058 843 2094 inter
875 2056 1071 2105 plurimos
1105 2056 1155 2092 sit
1189 2056 1390 2104 dispersa3
1437 2068 1506 2103 per
1550 2068 1590 2092 se
1630 2055 1791 2104 quidem
1811 2058 1853 2090 '30

487 2125 543 2152 est
576 2125 716 2153 notum
751 2115 978 2152 hominibus
1012 2115 1120 2163 quod
1152 2114 1259 2150 idem
1304 2113 1497 2161 partitum
1543 2113 1645 2149 inter
1678 2114 1793 2161 plura

487 2175 684 2210 redundat
733 2173 895 2210 cuilibet
943 2185 1081 2209 eorum
1130 2171 1169 2207 in
1217 2180 1371 2219 partem
1421 2171 1617 2208 minorem
1672 2184 1791 2219 quam

486 2233 729 2268 redundaret
763 2232 856 2267 dum
892 2230 1150 2279 paucioribus
1183 2231 1234 2266 ad
1258 2228 1476 2265 maximum
1501 2228 1618 2265 fuerit
1641 2228 1791 2277 disper-

487 2289 617 2326 titum.
652 2292 700 2325 Et
733 2289 876 2326 iterum
913 2297 969 2325 est
1002 2297 1140 2324 notum
1168 2286 1399 2324 hominibus
1423 2287 1531 2335 quod
1554 2295 1793 2335 procurator

487 2349 710 2384 conductus
742 2347 903 2383 uberius
937 2355 974 2383 et
1007 2345 1263 2394 singulariter
1298 2344 1437 2381 melius
1478 2357 1550 2393 pro
1589 2357 1668 2381 uno
1702 2358 1793 2393 pro·
1811 2346 1850 2380 35

487 2415 600 2442 curat
644 2418 717 2454 pro
762 2405 844 2451 illo,
892 2417 1012 2453 quam
1057 2403 1089 2440 si
1134 2416 1207 2452 pro
1247 2403 1354 2439 mille
1394 2404 1615 2439 conductus
1659 2402 1789 2448 fuerit,

486 2472 721 2511 procuraret
753 2476 826 2511 pro
859 2463 994 2511 aliquo
1027 2474 1166 2498 eorum
1201 2461 1286 2509 pari
1320 2460 1454 2509 precio
1488 2460 1719 2508 premiatus.
1754 2463 1795 2496 In

487 2522 584 2558 tales
618 2522 763 2558 multas
796 2520 1078 2557 similitudines
1112 2527 1381 2568 prorumpunt
1405 2517 1584 2564 heretici,
1618 2518 1794 2555 dicentes

557 2699 575 2717 1.
597 2690 623 2717 1:
650 2690 694 2716 sic
713 2693 875 2724 argueret.
973 2697 1001 2723 9⁴
1022 2689 1095 2716 AD:
1123 2697 1210 2725 ergo.
1310 2696 1347 2715 12.
1370 2687 1393 2714 E
1414 2687 1442 2715 in
1465 2695 1577 2722 marg:
1607 2687 1794 2714 Ordinantes

485 2725 649 2753 oraciones
668 2725 772 2751 varim·
791 2728 820 2751 el
836 2725 979 2760 prolixas
996 2727 1205 2757 peccaverunt.
1280 2731 1320 2755 ιι.
1338 2722 1378 2749 D:
1400 2722 1594 2749 lzistoriacus.
1668 2721 1698 2748 18
1730 2721 1742 2747 l
1763 2721 1792 2748 in

487 2768 598 2791 maren:
635 2758 717 2792 Opus
744 2759 934 2786 meritorium
961 2759 1030 2793 plus
1061 2758 1303 2793 appreciandum.
1336 2761 1382 2784 esc
1411 2765 1499 2791 quam
1529 2756 1644 2784 vocalis
1675 2756 1792 2783 oracio.

486 2803 528 2822 22.
548 2793 797 2829 privacionibus;
819 2794 857 2820 E:
877 2792 1113 2827 pronominibus.
1187 2793 1227 2820 25.
1249 2792 1273 2819 E
1293 2792 1322 2819 in
1344 2799 1458 2826 marg:
1480 2799 1516 2823 2‚·
1536 2791 1576 2818 ib.
1598 2791 1626 2818 1:
1646 2791 1794 2825 arguitur

486 2830 550 2856 blas
574 2829 697 2855 homins.
798 2829 843 2856 26.
865 2828 963 2854 ADE:
991 2827 1057 2861 ipsa
1078 2827 1171 2854 deest.
1268 2834 1313 2861 29.
1337 2827 1394 2853 AI:
1421 2825 1605 2862 suffragium
1625 2833 1677 2852 seu
1699 2825 1791 2852 deest.

486 2863 531 2891 30.
575 2873 580 2890 :
608 2863 761 2898 disparsa.
840 2861 878 2890 31.
901 2863 927 2889 I:
958 2862 988 2889 in
1006 2862 1151 2897 plurima.
1231 2860 1276 2895 31.
1299 2861 1343 2887 A:
1372 2860 1412 2887 Et
1429 2863 1542 2887 certum
1563 2863 1616 2887 est.
1689 2858 1730 2887 35.
1752 2859 1790 2886 E:

486 2898 608 2925 uberius
628 2898 726 2931 dcest;
749 2897 788 2924 ib.
810 2897 853 2924 A:
872 2905 931 2932 pro
952 2904 1011 2924 uno
1033 2897 1148 2923 melius.
