2062 3276
168 249 218 294 96
746 253 969 286 JOHANNIS
987 252 1172 285 wrcttr
1191 253 1446 285 SERMONUM
1528 241 1679 299 [senno
1702 251 1765 280 x11.

454 359 669 406 sentencia,
724 368 765 396 ut
809 359 849 395 in
893 359 1145 396 sermonibus
1191 359 1331 396 ceteris
1375 360 1473 396 solet
1513 360 1611 396 fieri.
1662 360 1766 396 Dicit

454 426 587 453 autem
622 417 718 453 fides
751 417 946 465 scripture
990 417 1030 453 in
1069 417 1266 465 principio
1300 417 1504 454 leccionis:
1548 419 1633 454 Hec
1677 418 1767 454 dicit

455 475 630 511 dominus
652 474 775 520 Deus,
807 474 876 511 ubi
910 476 1135 511 notandum
1167 475 1325 511 videtur
1349 475 1531 511 fidelibus
1554 477 1660 524 quod
1685 488 1765 511 non

454 542 618 570 narrent
650 533 818 580 fabulas,
853 533 1030 581 apocrifa
1051 533 1112 569 vel
1134 532 1268 581 aliqua
1291 532 1389 570 citra
1413 533 1531 569 fidem
1556 533 1764 581 scripture,

454 591 554 628 citra
586 591 861 628 sensacionem
895 592 955 627 vel
989 590 1087 627 citra
1119 591 1383 627 necessariam
1419 591 1639 628 racionem:
1687 597 1801 628 non5

192 664 259 692 Our
279 665 409 700 pretates
456 649 653 697 (inquam)
687 657 850 685 narrent
883 649 1018 684 fideles
1050 648 1146 685 talia
1169 661 1298 697 neque
1322 650 1499 685 credant.
1534 650 1648 685 Unde
1674 649 1767 696 quia

188 700 411 762 ῑῇῗζὲἰῖζὲἓξῃ
455 707 585 744 maior
628 720 720 755 pars
765 707 1011 754 prelatorum
1057 706 1220 743 ecclesie
1268 707 1470 743 fabulatur
1525 706 1767 743 tradiciones

455 765 662 801 hominum
698 774 734 801 et
768 764 845 801 alia
879 764 969 800 fidei
1002 764 1199 813 scripture
1231 764 1549 813 imperdnencia,
1583 765 1672 801 ideo
1695 777 1767 800 nec

456 823 530 859 rite
564 823 698 859 colunt
733 825 860 858 Deum
895 834 967 858 nec
1000 831 1117 859 orant
1151 835 1222 859 nec
1267 824 1418 859 ducunt
1463 823 1657 871 populum
1703 822 1765 858 cui

454 890 632 928 presunt,
668 893 758 916 cum
785 881 925 917 Matth.
949 882 1052 927 XV0‚
1080 893 1101 928 9
1136 880 1342 917 scribitur:
1377 881 1466 917 Sine
1497 892 1615 918 causa
1639 881 1767 916 colunt
1788 896 1826 917 10

454 951 526 979 me,
560 940 737 975 docentes
770 939 968 974 doctrinas
1000 946 1032 974 et
1067 939 1249 974 mandata
1273 939 1491 981 homnium,-
1522 938 1588 974 ubi
1612 938 1769 975 videtur

454 998 562 1044 quod
595 996 721 1032 scribe
766 1005 803 1032 et
847 996 1020 1044 pharisei
1065 997 1197 1033 colant
1232 998 1357 1032 Deum
1403 997 1604 1045 superflue
1649 1005 1768 1044 atque

454 1055 562 1100 false,
616 1054 711 1103 quia
763 1056 907 1090 docent
959 1054 1161 1090 doctrinas
1213 1063 1250 1090 et
1304 1056 1492 1091 mandata
1545 1054 1767 1100 hominum,

454 1112 680 1149 doctrinam
715 1121 751 1148 et
785 1113 975 1149 mandata
1010 1112 1171 1148 Domini
1205 1112 1447 1149 omittentes.
1482 1115 1529 1148 Et
1562 1125 1633 1160 per
1662 1112 1766 1148 idem

454 1171 514 1207 vel
547 1170 774 1206 evidencius
819 1170 959 1218 prelati
1004 1171 1064 1207 vel
1109 1170 1281 1218 religiosi
1328 1171 1450 1206 nostri
1498 1171 1565 1219 qui
1610 1170 1649 1206 in
1694 1171 1826 1206 hac15

455 1228 532 1264 fide
576 1228 772 1276 scripture
817 1228 1008 1264 deficiunt
1058 1237 1180 1275 agunt
1227 1241 1424 1276 perverse,
1477 1228 1678 1276 superflue
1731 1237 1768 1264 et

455 1286 652 1335 nequiter,
698 1287 805 1334 quod
839 1295 934 1322 tunc
967 1295 1103 1334 agunt.
1158 1286 1197 1322 Si
1231 1298 1325 1333 ergo
1369 1287 1437 1322 hec
1470 1287 1559 1322 dicit
1593 1286 1769 1322 dominus

457 1347 576 1390 Deus,
616 1357 695 1380 non
735 1352 953 1392 potuerunt
991 1357 1013 1380 a
1046 1343 1211 1380 veritate
1245 1353 1282 1381 et
1315 1344 1550 1381 necessitate
1583 1344 1765 1380 deficere.

457 1404 504 1438 Et
536 1402 566 1438 si
599 1402 797 1450 scriptura
829 1401 884 1438 sic
917 1401 1068 1448 asserit,
1113 1411 1208 1438 tunc
1253 1403 1355 1439 ultra
1390 1403 1517 1438 bullas
1551 1403 1712 1450 papales
1746 1414 1767 1438 a

457 1459 639 1496 fidelibus
672 1469 728 1496 est
762 1461 1021 1497 credendum.
1786 1475 1827 1497 20

183 1533 250 1562 The
272 1533 420 1569 prophets
513 1520 561 1554 Et
594 1519 666 1554 hec
699 1517 808 1554 racio
841 1530 965 1566 quare
998 1519 1192 1566 prophete
1236 1517 1341 1554 docti
1381 1530 1403 1554 a
1436 1517 1586 1566 Spiritu
1620 1517 1768 1554 Sancto

166 1577 434 1631 ‘Tffils'egaisssvhm
455 1575 694 1624 premittunt
737 1575 776 1611 in
821 1575 901 1611 suis
941 1575 1135 1624 epistolis:
1181 1576 1265 1612 Hec
1309 1576 1400 1611 dicit
1431 1576 1631 1612 Dominus.
1681 1577 1769 1611 Non

250 1638 351 1673 Pope'.
456 1634 559 1670 enim
609 1633 765 1670 dicunt:
820 1635 902 1670 Hec
951 1633 1046 1670 dicit
1094 1646 1212 1682 papa,
1265 1646 1376 1670 cesar
1421 1635 1482 1670 vel
1527 1633 1769 1670 tradiciones

455 1704 608 1738 eorum,
655 1705 745 1728 cum
791 1691 897 1728 dicta
940 1705 1011 1728 sua
1055 1692 1265 1740 obliquant
1309 1691 1578 1728 communiter
1621 1704 1642 1727 a
1687 1692 1770 1738 lege

457 1749 631 1786 Domini.
666 1750 831 1786 Mandat
865 1762 958 1797 ergo
992 1749 1188 1786 Dominus
1220 1751 1414 1798 populum
1448 1749 1641 1786 viatorem
1677 1761 1769 1785 con—
1788 1755 1826 1786 25

455 1807 554 1844 verti
588 1809 637 1844 ad
670 1807 800 1855 ipsum
834 1807 873 1843 in
907 1816 990 1844 toto
1024 1809 1143 1844 corde
1176 1820 1246 1844 suo
1279 1809 1387 1856 quod
1418 1807 1525 1854 facit⁷
1559 1806 1590 1843 si
1619 1819 1662 1843 ex
1684 1815 1769 1843 toto

458 1867 577 1902 corde
611 1865 738 1913 diligit
771 1867 898 1901 Deum
934 1878 1071 1911 suum;
1116 1865 1185 1913 qui
1230 1875 1362 1902 autem
1407 1865 1572 1901 offendit
1616 1864 1655 1900 in
1689 1878 1770 1900 uno

460 1924 743 1960 mandatorum
780 1923 941 1959 Domini
973 1925 1033 1960 vel
1066 1923 1192 1971 diligit
1225 1932 1451 1960 creaturam
1485 1934 1769 1972 quamcunque

460 1981 647 2028 indebite,
681 1981 847 2017 offendit
879 1981 918 2017 in
952 1983 1026 2018 hoc
1061 1983 1252 2018 mandato
1285 1981 1446 2017 Domini
1480 1983 1606 2017 Deum
1643 1980 1770 2017 mani-

166 2040 568 2085 Thedisobcdientfesstss,
614 2052 704 2075 cum
750 2052 868 2075 nemo
914 2041 964 2076 ad
1011 2042 1137 2075 Deum
1184 2039 1429 2076 convertitur
1472 2041 1539 2075 sed
1588 2040 1635 2075 ab
1683 2039 1769 2086 ipso
1788 2044 1830 2076 30

165 2097 237 2119 turn
259 2092 441 2153 '‘3223‘'stOEss
459 2097 664 2144 avertitur,
709 2096 887 2133 tribuens
932 2097 1005 2133 sibi
1050 2099 1212 2133 dorsum
1258 2097 1297 2133 in
1343 2099 1417 2133 hoc
1462 2098 1569 2145 quod
1607 2096 1769 2144 aliquod

457 2156 622 2191 verbum
670 2155 829 2191 Domini
875 2155 1121 2203 centempnit
1168 2156 1228 2191 vel
1274 2155 1480 2203 postponit
1524 2154 1563 2190 in
1609 2166 1770 2202 compa-

458 2212 618 2249 racione
652 2214 701 2249 ad
736 2214 926 2250 mandata
959 2213 1036 2250 alia
1070 2222 1262 2249 creature.
1313 2214 1404 2249 Ideo
1437 2212 1641 2260 signanter
1674 2211 1769 2248 dicit

457 2271 654 2318 propheta
698 2272 806 2319 quod
851 2271 886 2307 in
919 2278 997 2307 toto
1030 2272 1149 2307 corde
1194 2270 1373 2307 homines
1419 2272 1468 2307 ad
1503 2273 1629 2306 Deum
1677 2282 1769 2305 con-

457 2337 686 2364 vertantur:
721 2330 769 2364 Et
802 2328 897 2377 quia
929 2328 1178 2365 medicinalis
1207 2328 1393 2377 operacio
1417 2337 1628 2365 attestatur
1651 2340 1771 2376 super
1787 2333 1827 2366 35

458 2386 636 2423 efficacia
679 2386 788 2422 verbi
832 2386 959 2423 nostri
1003 2395 1040 2423 et
1089 2388 1264 2435 quadam
1309 2385 1517 2435 prioritate
1560 2394 1769 2434 peccatum

459 2456 502 2480 ex
535 2456 654 2480 carne
688 2444 862 2480 hominis
895 2457 1017 2493 supra
1039 2444 1116 2481 alia
1139 2454 1303 2493 peccata
1325 2457 1396 2481 sua
1420 2445 1538 2481 habet
1561 2443 1769 2491 originem,

459 2501 548 2538 ideo
580 2515 652 2550 pro
686 2501 963 2539 satisfaccione
997 2502 1165 2540 confessi
1197 2502 1392 2551 premittit
1435 2503 1630 2550 propheta
1663 2501 1770 2549 quod

529 2633 553 2662 3.
574 2635 602 2662 I:
625 2635 708 2662 Deus
728 2635 822 2675 deest.
880 2635 904 2675 5:
927 2636 968 2663 D:
991 2636 1096 2668 circam
1115 2636 1155 2664 ib.
1171 2636 1217 2664 A:
1237 2635 1527 2675 censacz'otiemgib.
1548 2634 1589 2674 D:
1612 2634 1658 2661 vel
1676 2633 1771 2660 circa.

459 2686 497 2733 1²3.
506 2671 549 2732 ‘1³2'
561 2670 881 2737 {55345-‚3145555’1313132
891 2670 1164 2732 ἒΠεῗῚέπὶἕξᾱᾰῖἕΜ·
1179 2705 1220 2732 15.
1236 2678 1279 2732 5³²}
1293 2670 1594 2739 ‘2{;-‚.{‚2552²55;t.¹b·
1610 2669 1648 2738 {72
1659 2669 1770 2738 CJZZZ}

459 2741 503 2767 A:
525 2739 605 2775 quia.
683 2739 722 2767 18.
743 2740 772 2766 I:
794 2740 944 2774 poterint.
1016 2747 1059 2766 22.
1081 2740 1149 2767 DE:
1176 2739 1318 2766 dominus
1337 2739 1429 2767 Deus.
1509 2739 1551 2766 25.
1572 2738 1583 2764 1
1604 2738 1632 2765 in
1656 2745 1769 2776 marg:

461 2774 608 2801 Converti
631 2773 674 2801 ad
694 2774 855 2801 Dominum
881 2775 910 2801 in
938 2777 1002 2801 toto
1028 2774 1132 2808 corde,
1159 2774 1234 2809 quid
1257 2777 1311 2801 ext.
1438 2781 1484 2804 20.
1506 2774 1622 2801 Deum:
1647 2773 1673 2799 I:
1704 2772 1771 2799 Det.

460 2807 504 2835 30.
526 2808 599 2837 sed:
625 2808 693 2835 DE:
719 2808 756 2835 si.
847 2807 888 2836 33.
910 2809 938 2836 1:
965 2809 1082 2844 aliqua.
1174 2808 1220 2842 34.
1243 2812 1287 2835 A:
1309 2808 1353 2835 nd
1372 2806 1542 2835 Dominum.
1635 2805 1770 2845 363nE:

460 2841 602 2878 efficacia
614 2852 623 2871 :
648 2843 687 2905 ibd.
711 2843 734 2869 E
755 2843 783 2870 in
806 2851 919 2877 marg:
941 2844 1063 2878 primus
1081 2844 1174 2870 hostis
1192 2843 1333 2870 nominis.
1408 2842 1452 2878 37.
1474 2842 1543 2870 DE:
1564 2849 1601 2869 cx
1620 2844 1772 2874 σαν-παίω

460 2879 500 2906 ib.
522 2879 566 2906 A:
587 2885 642 2904 saa
692 2882 762 2905 cest.
