2062 3276
163 248 239 294 392
742 256 966 288 JOHANNIS
984 256 1170 288 WYCLIF
1189 256 1446 288 SERMONUM
1475 243 1628 301 [SERMO
1650 253 1756 281 XLIX·

506 365 592 399 Hoc
645 371 779 398 tamen
831 364 1074 399 credendum
1130 372 1186 399 est
1245 364 1354 411 quod
1412 375 1530 399 nemo
1583 371 1761 399 meretur

447 420 736 457 beatitudinem
781 420 855 457 nisi
901 420 1036 469 gracia
1081 420 1152 457 Dei
1199 421 1404 470 preveniat
1455 430 1491 457 et
1533 421 1617 468 ipse
1669 433 1762 457 con—

447 487 660 528 sequenter
691 481 818 515 Deurn
852 479 1066 525 adiuverit3
1111 478 1238 515 Maria
1282 488 1417 515 tamen
1460 491 1553 527 sepe
1584 478 1762 527 prevenit

187 543 236 571 No
257 552 320 577 sex,
342 551 406 578 age,
449 537 589 574 merita
611 546 884 586 peccatorum,
918 537 1011 585 quia
1035 546 1212 574 meretur
1234 536 1489 573 existentibus
1518 537 1557 573 in
1581 536 1761 583 crimine,

176 583 410 640 consciittizffrbut
447 604 491 631 ut
536 604 758 643 resurgant,
805 604 842 632 et
886 595 940 632 sic
982 608 1064 632 non
1108 604 1165 632 est
1215 607 1341 641 sexus,
1390 603 1487 641 etas,
1532 603 1658 631 status
1702 595 1795 631 velfi

171 648 265 675 needs
286 649 340 675 her
360 648 419 675 aid.
448 653 631 690 condicio
671 653 836 690 humani
874 653 1027 701 generis
1066 653 1162 702 quin
1195 665 1355 690 necesse
1393 654 1539 689 habeat
1571 653 1760 689 auxilium

447 711 610 759 virginis
646 712 875 760 implorare.
920 714 1046 747 Nemo
1085 720 1220 748 tamen
1260 720 1434 747 meretur
1472 710 1761 747 beatitudinem

448 782 520 806 nec
564 769 649 817 ipsa
693 778 781 806 orat
825 782 898 817 pro
937 769 1072 817 aliquo
1111 778 1155 805 ut
1188 771 1334 805 habeat
1365 769 1652 806 beatitudinem
1686 768 1762 804 nisi

448 827 516 876 qui
548 827 745 875 optimam
778 836 934 876 partem
969 840 1059 863 cum
1093 826 1180 875 ipsa
1212 826 1386 875 elegerit.

922 951 1116 992 SERMO
1149 951 1297 992 XLIX.
1783 970 1821 990 10

515 1048 654 1084 Videns
686 1047 876 1083 civitatem
899 1047 1014 1097 flevit
1045 1059 1164 1096 super
1195 1059 1290 1083 eam.
1326 1048 1431 1083 Luce
1463 1047 1583 1091 XIX0‚
1617 1058 1685 1091 41.

177 1113 308 1152 Clu-jstjs
329 1114 412 1151 three
506 1105 602 1142 Tria
626 1114 793 1153 possunt
827 1105 904 1142 dici
939 1104 1097 1142 caritati
1130 1113 1257 1142 vestre
1290 1106 1338 1141 de
1369 1104 1500 1141 verbis
1530 1103 1766 1152 evangelicis

187 1150 401 1218 Οἳῗ-ἶῗξίᾞὲῗῒ
450 1163 670 1212 prelibatis,
716 1163 848 1212 primo
888 1163 1079 1212 quociens
1118 1165 1228 1199 Jesus
1268 1162 1389 1208 flevit,
1427 1163 1603 1199 secundo
1642 1174 1766 1210 quare

451 1231 488 1259 et
521 1223 728 1270 quomodo
750 1224 862 1258 Jesus
895 1221 1016 1268 flevit,
1051 1230 1088 1257 et
1120 1221 1246 1258 tercio
1271 1221 1476 1269 quomodo
1501 1222 1644 1256 modus
1672 1232 1765 1256 suus

450 1280 571 1317 flendi
605 1289 662 1317 est
686 1279 958 1316 edificatorius
982 1280 1132 1328 populo
1156 1279 1388 1316 christiano.
1423 1280 1566 1324 Quoad
1590 1277 1765 1326 primum
1786 1281 1822 1313 15

450 1338 594 1387 legitur
638 1338 679 1374 in
723 1337 928 1386 evangelio
968 1337 1187 1374 Dominum
1233 1346 1293 1374 ter
1337 1337 1505 1382 flevisse,
1551 1336 1682 1384 primo
1726 1335 1767 1372 in

449 1396 717 1433 suscitacione
752 1396 891 1432 Lazari
931 1395 1189 1444 quatriduani
1228 1395 1385 1432 fetentis
1423 1395 1462 1431 in
1501 1402 1766 1431 monumento

452 1454 659 1501 (Johannis
682 1455 768 1500 X10‚
792 1455 871 1500 35),
906 1461 941 1490 et
963 1454 1190 1491 lacrimatus
1213 1461 1269 1489 est
1288 1454 1418 1498 Jesus,·
1451 1454 1626 1489 secundo
1649 1464 1767 1500 super

451 1512 651 1549 civitatem
686 1513 905 1548 Jerusalem
943 1513 1003 1559 (ut
1036 1512 1076 1548 in
1099 1511 1304 1559 evangelio
1327 1511 1538 1557 hodierno)
1573 1520 1611 1547 et
1642 1509 1766 1547 tercio

450 1580 634 1618 tempore
666 1570 864 1619 passionis
897 1574 954 1614 (ut
987 1572 1060 1606 He.
1091 1571 1161 1615 VO,
1197 1583 1239 1617 7:
1278 1570 1480 1606 Fundebat
1506 1581 1644 1618 preces
1682 1581 1765 1604 cum
1783 1580 1825 1601 20

450 1629 624 1665 lacrimis
670 1629 842 1665 clamore
888 1628 1017 1664 valido
1061 1635 1095 1664 et
1133 1628 1341 1664 exauditus
1384 1635 1439 1664 est
1477 1640 1554 1676 pro
1599 1639 1667 1662 sua
1707 1638 1767 1662 re-

451 1687 656 1733 verencia).

221 1759 241 1778 1-
262 1750 311 1797 sps
330 1751 383 1788 the*
510 1745 643 1781 Prima
687 1743 922 1780 lacrimacio
968 1743 1041 1779 fuit
1079 1756 1153 1791 pro
1192 1756 1364 1791 persona
1401 1742 1554 1788 Lazari,
1593 1744 1767 1778 secunda

216 1787 379 1853 ῗζζὲᾗῖιξξ
452 1816 526 1852 pro
542 1802 701 1840 civitate
718 1802 937 1838 Jerusalem
962 1810 999 1837 et
1021 1801 1147 1838 tercia
1170 1815 1243 1849 pro
1261 1810 1347 1837 toto
1369 1801 1519 1849 populo
1536 1800 1766 1837 christiano.

454 1862 598 1907 Quoad
627 1861 848 1897 secundum
881 1860 1103 1896 notandum
1138 1861 1244 1907 quod
1277 1861 1388 1896 Jesus
1416 1871 1622 1907 nunquam
1646 1859 1824 1905 flevit,25

453 1919 528 1955 nisi
573 1920 735 1967 quando
779 1917 887 1954 flevit
931 1930 1004 1965 pro
1044 1926 1209 1965 peccato
1249 1917 1415 1953 humani
1453 1916 1620 1965 generis,
1653 1925 1697 1952 ut
1728 1916 1768 1953 in

454 1977 585 2026 primo
630 1977 726 2012 fletu
770 1975 879 2013 flevit
922 1984 1133 2023 peccatum
1177 1975 1352 2012 hominis
1390 1984 1565 2011 tractum
1604 1974 1643 2010 in
1677 1987 1768 2011 con-

455 2035 706 2072 suetudinem
752 2033 793 2070 in
836 2046 1009 2082 persona
1055 2033 1212 2070 fetentis
1259 2033 1398 2070 Lazari
1444 2033 1672 2081 figuratum.
1725 2034 1767 2068 In

180 2097 280 2145 2-,1'012
294 2097 344 2144 ΦΕ
364 2096 424 2132 city
455 2094 632 2130 secundo
665 2093 762 2128 fletu
794 2091 902 2128 flevit
934 2100 1144 2139 peccatum
1175 2092 1395 2128 Jerusalem
1429 2092 1536 2139 quod
1566 2089 1768 2127 commisit

182 2135 213 2159 ⁰¹
231 2132 417 2165 Je1usalem3
456 2160 493 2188 et
526 2150 791 2187 commissura
823 2150 951 2186 fuerat
983 2149 1023 2185 in
1056 2162 1270 2197 personam
1295 2162 1422 2194 suam,
1455 2161 1635 2185 asserens
1659 2149 1766 2196 quod
1784 2150 1826 2182 '30

456 2218 492 2245 et
515 2209 596 2258 ipsa
619 2208 740 2259 fleret
760 2207 795 2243 si
815 2207 1057 2257 cognovisset
1079 2219 1223 2254 penam
1254 2219 1330 2255 que
1353 2206 1492 2243 exinde
1514 2207 1645 2242 futura
1670 2214 1766 2242 erat.

454 2269 555 2304 Nam
580 2268 704 2302 XLIIO
737 2278 844 2302 anno
878 2274 966 2313 post
999 2264 1273 2301 ascensionem
1297 2265 1412 2301 Titus
1439 2274 1476 2300 et
1498 2263 1767 2312 Vespasianus

454 2325 495 2361 in
517 2323 801 2372 solempnitate
820 2324 970 2360 Pasche
987 2322 1336 2359 circumdederunt
1351 2321 1528 2371 undique
1552 2321 1766 2368 civitatem,

456 2392 493 2419 et
525 2381 735 2419 obsidione
768 2383 868 2418 dura
901 2389 1215 2428 coangustarunt
1246 2380 1447 2417 venientes
1481 2382 1530 2416 ad
1552 2379 1768 2428 solempni-

455 2449 578 2477 tatem
603 2452 683 2477 non
706 2439 984 2488 permittentes
1006 2438 1095 2475 illos
1120 2439 1234 2483 exire,
1260 2447 1297 2475 et
1319 2438 1445 2475 tercio
1467 2446 1768 2486 prostraverunt
1785 2438 1824 2472 '35

456 2500 561 2535 facta
611 2510 757 2545 magna
807 2497 919 2534 clade
970 2501 1027 2540 (ut
1079 2496 1176 2533 dicit
1233 2496 1479 2545 evangeliun]
1539 2505 1575 2533 et
1627 2495 1768 2531 diffuse

455 2557 648 2604 Josephus
682 2555 721 2591 in
755 2556 802 2591 de
835 2555 938 2591 bello
969 2554 1166 2602 Judaico).

525 2665 549 2693 3.
566 2666 610 2692 A:
632 2664 737 2692 Maria
757 2665 851 2692 deest.
906 2664 933 2692 8
948 2665 1021 2692 AD:
1043 2672 1148 2703 ipsam.
1205 2672 1234 2700 9.
1255 2664 1300 2691 H.
1321 2663 1418 2697 eleqzsst
1475 2662 1634 2691 11.DGH:
1664 2662 1769 2690 Vidttzs

455 2700 561 2730 Jesus·
587 2700 630 2727 H:
658 2700 767 2727 Sermo
788 2705 867 2735 271OE
981 2698 1024 2727 23.
1046 2700 1074 2726 A
1094 2707 1124 2726 in
1146 2707 1242 2733 mirg.
1255 2709 1260 2714 ·
1290 2706 1313 2725 1.
1429 2705 1475 2733 29.
1496 2699 1524 2724 A
1545 2698 1575 2725 in
1597 2705 1709 2732 marga:
1737 2705 1766 2724 2.

457 2734 495 2762 3.1
517 2722 621 2762 AbH:
642 2737 670 2762 et
691 2734 784 2762 deest.
859 2732 901 2761 32.
923 2733 997 2761 DG:
1025 2734 1246 2769 Vespesianus;
1265 2733 1340 2760 AH:
1367 2730 1585 2768 t'asphsianus
1657 2725 1702 2760 33.
1722 2733 1766 2759 A:

457 2777 569 2797 cneum
573 2769 732 2797 iedetvzt
805 2768 850 2802 34.
873 2767 946 2796 DG:
968 2769 1174 2800 obsidicihme·
1195 2768 1235 2795 ib.
1259 2768 1301 2795 H:
1323 2767 1578 2801 coangustabant.
1659 2766 1700 2795 35
1723 2766 1766 2794 G.

457 2804 624 2832 mittentes:
644 2804 683 2830 ib.
705 2803 865 2831 DG:eos.
939 2802 1051 2830 36.1-1:
1073 2810 1188 2838 magna
1208 2802 1330 2829 callide.
1405 2802 1448 2836 37.
1470 2803 1514 2829 A.
1535 2801 1696 2837 Josaphus.

534 2886 583 2906 10.
611 2875 739 2917 Gospel
765 2875 819 2906 for
850 2874 916 2906 10²¹¹
941 2875 1082 2917 Sunday
1108 2873 1193 2905 after
1217 2874 1362 2916 Trinity.
