2062 3276
209 252 289 290 492

220 2253 313 2281 What
329 2255 377 2282 the
395 2254 490 2281 world

236 2289 296 2316 will
320 2289 354 2316 bc
376 2289 405 2316 in
427 2289 475 2316 the
518 2309 529 2316 5

265 2324 333 2351 final
356 2328 445 2351 state.

793 249 1016 280 JOHANNIS
1034 249 1219 280 WYCLIF
1239 249 1494 280 SERMONUM
1527 235 1680 292 [SERMO
1702 245 1808 272 LXIII-

502 357 780 401 cathenantur,
820 367 868 391 ne
902 367 972 403 per
1004 354 1250 392 intellectum
1285 363 1322 391 et
1355 354 1542 391 affectum
1577 363 1741 402 surgant
1775 364 1812 391 et

502 414 667 452 tendant
705 414 754 450 ad
796 413 969 459 celestia,
1010 413 1065 450 sic
1098 412 1206 449 avari
1240 425 1310 461 per
1341 412 1493 449 viscum
1527 412 1810 460 temporalium

502 482 539 509 et
575 471 775 509 sarcinam
815 470 1048 508 diviciarum
1089 470 1203 519 quasi
1242 470 1491 519 importabili
1529 471 1707 519 pondere
1747 471 1812 506 de-

501 530 742 579 primuntur,
783 529 823 566 in
862 538 1017 566 tantum
1052 531 1159 578 quod
1192 542 1264 566 nec
1299 528 1444 565 mentis
1477 528 1639 577 quidem
1673 528 1812 564 oculos

501 589 561 625 vel
604 589 747 625 saltem
794 587 1058 635 cogitacionis
1103 587 1317 636 palpebras
1361 588 1411 624 ad
1458 587 1563 623 celos
1608 585 1812 623 meritorie

501 648 632 683 levare
670 645 887 691 sufficiunt,
933 647 1000 682 sed
1043 659 1113 694 per
1151 647 1307 694 pondus
1346 644 1581 682 diviciarum
1622 643 1812 692 depressi,

501 714 544 741 ut
577 703 733 753 gibbosi
768 703 910 740 cameli
947 713 1067 752 caput
1101 712 1138 740 et
1170 716 1308 740 sensus
1340 715 1479 740 omnes
1513 704 1562 739 ad
1594 711 1742 739 terram
1777 711 1814 738 et

502 762 704 800 terrestria
737 762 1049 810 contemplanda
1088 770 1125 798 et
1164 763 1337 798 amanda
1370 761 1563 798 inclinare
1595 760 1815 797 bestialiter

503 821 812 869 compelluntur,
858 819 925 855 ubi
964 832 1160 868 pauperes
1200 819 1342 867 spiritu
1382 829 1418 856 et
1457 831 1528 868 per
1565 830 1814 867 consequens

504 878 608 916 beati
642 891 713 926 per
746 890 926 914 amorem
960 878 1164 914 celestium
1200 886 1236 914 et
1261 886 1536 925 contemptum
1561 886 1814 913 terrenorum

502 936 727 974 voluntarie
765 944 802 972 et
839 948 910 984 per
949 948 1198 984 consequens
1239 935 1443 972 meritorie
1482 936 1565 972 leve
1597 934 1691 972 facti
1731 934 1816 971 sine

504 996 681 1044 pondere
721 1007 963 1043 quocunque
1003 995 1154 1030 mundo
1193 1003 1417 1031 stercorum
1462 992 1701 1042 prohibente
1745 1005 1816 1041 per

504 1053 746 1090 desiderium
777 1061 814 1089 et
844 1065 1023 1089 amorem
1055 1065 1145 1089 cum
1176 1065 1336 1089 summa
1357 1051 1517 1089 levitate
1541 1052 1815 1088 conscendunt

505 1111 678 1156 celestia,
724 1123 886 1160 quorum
926 1111 1172 1147 conversacio
1217 1123 1290 1158 pro
1335 1119 1441 1147 statu
1485 1110 1545 1146 vie
1590 1122 1658 1158 per
1703 1122 1814 1157 spem

505 1170 663 1206 firmam
710 1178 747 1206 et
795 1168 1118 1217 expectacionem
1160 1168 1315 1205 felicem
1361 1176 1416 1205 est
1459 1169 1494 1204 in
1539 1168 1642 1215 celis,
1687 1169 1814 1204 donec

504 1228 544 1264 in
577 1227 710 1276 specie
744 1237 781 1265 et
813 1226 898 1264 iure
931 1239 1090 1264 summo
1123 1228 1229 1263 bono
1265 1235 1302 1263 et
1336 1226 1536 1263 infinitum
1561 1225 1815 1262 desiderabili

506 1287 690 1322 fruantur
724 1285 906 1323 beatifice
939 1298 1012 1334 pro
1046 1294 1151 1322 statu
1185 1284 1323 1333 glorie.

564 1343 685 1391 Igitur
714 1345 771 1391 (ut
797 1343 892 1380 dicit
914 1344 1142 1388 Anselmus)
1167 1343 1258 1392 qnid
1281 1343 1442 1393 vagaris
1466 1342 1568 1378 circa
1587 1341 1761 1391 plurima
1795 1354 1816 1377 o

506 1402 738 1438 homuncio?
767 1402 864 1438 Ama
889 1414 1003 1437 unum
1028 1402 1179 1448 bonum,
1207 1413 1398 1437 summum
1423 1401 1579 1447 bonum,
1607 1400 1643 1435 in
1667 1412 1738 1448 quo
1762 1407 1816 1436 est

506 1473 615 1496 omne
646 1461 784 1496 bonum
817 1467 851 1496 et
883 1460 1038 1510 sufficit.
1080 1461 1170 1505 Quo
1210 1461 1316 1495 bono
1351 1458 1533 1495 beatifice
1566 1457 1703 1494 habito
1736 1470 1815 1494 non

506 1527 564 1555 est
615 1517 899 1566 compossibile
951 1517 1058 1554 aliud
1109 1518 1259 1554 bonum
1313 1525 1421 1553 extra
1466 1516 1597 1565 ipsum
1643 1515 1816 1563 amplius

506 1576 737 1613 desiderari.
780 1578 870 1613 Ideo
904 1588 992 1612 cum
1028 1577 1247 1612 secundum
1282 1576 1442 1611 beatum
1477 1573 1744 1622 Augustinum
1780 1575 1815 1609 10

507 1634 836 1671 Confessionum:
876 1634 1030 1670 Creasti
1049 1646 1116 1669 nos
1138 1633 1303 1670 Domine
1334 1634 1385 1669 ad
1414 1640 1462 1679 te,
1494 1632 1578 1668 ideo
1611 1632 1816 1680 inquietum

506 1700 560 1729 est
593 1705 661 1728 cor
693 1700 880 1737 nostrum,
923 1692 1041 1728 donec
1073 1692 1285 1740 requiescat
1317 1691 1352 1726 in
1385 1698 1433 1737 te,
1468 1689 1641 1727 finaliter
1672 1689 1817 1738 spretis

507 1750 660 1787 cunctis
700 1750 815 1787 huius
854 1750 993 1786 mundi
1032 1748 1371 1786 sollicitudinibus
1416 1747 1541 1785 anxiis
1581 1747 1816 1795 colligamus

507 1821 647 1845 omnes
679 1808 781 1845 vires
813 1817 972 1845 nostras
1005 1807 1044 1843 in
1077 1821 1201 1844 unum
1227 1820 1430 1844 summum
1456 1808 1606 1843 bonum
1631 1806 1815 1852 dulciter,

508 1867 678 1904 fideliter
723 1876 759 1903 et
807 1875 1109 1915 perseveranter
1152 1867 1414 1915 querendum,
1459 1865 1730 1901 venerandum
1781 1873 1817 1901 et

507 1938 626 1974 super
658 1925 794 1962 omnia
829 1924 1075 1972 diligendum
1108 1925 1149 1960 in
1182 1924 1316 1961 secula
1348 1923 1576 1960 seculorum
1609 1923 1751 1959 Arnen.

978 2049 1172 2090 SERMO
1207 2050 1353 2091 LXIII.

572 2135 658 2170 Vidi
688 2135 880 2170 civitatem
913 2141 1085 2170 sanctam
1108 2133 1323 2169 Jerusalem
1358 2144 1495 2168 novam
1530 2132 1817 2168 descendentem

509 2194 554 2229 de
586 2193 677 2229 celo.
712 2194 838 2240 Apoc.
872 2193 994 2237 XX10‚
1030 2201 1066 2227 2.

566 2251 768 2298 Propheta
799 2251 998 2286 Johannes
1038 2248 1077 2284 in
1116 2248 1193 2284 ista
1233 2247 1401 2296 epistola
1434 2248 1638 2283 narrando
1671 2256 1818 2283 statum

509 2309 669 2345 finalem
710 2307 875 2344 ecclesie
916 2307 1055 2355 incipit
1093 2307 1133 2342 in
1174 2306 1249 2342 isto
1295 2305 1472 2353 capitulo
1517 2313 1664 2342 statum
1712 2305 1819 2341 orbis

509 2366 735 2403 sublunaris
775 2366 993 2411 declarare,
1035 2367 1129 2401 dum
1163 2363 1219 2400 sie
1253 2363 1367 2400 dicit:
1410 2363 1495 2398 Vidi
1525 2364 1646 2399 celum
1680 2375 1818 2399 novum

510 2432 543 2462 et
582 2432 729 2461 terram
769 2436 919 2463 novam.
960 2424 1135 2459 Primum
1176 2422 1272 2458 enim
1312 2422 1433 2458 celum
1473 2428 1509 2457 et
1540 2421 1673 2470 prima
1711 2429 1846 2458 terra>

509 2483 599 2519 abiit
644 2491 678 2519 et
724 2495 832 2519 mare
876 2482 950 2517 iam
996 2494 1067 2517 non
1115 2488 1181 2517 est.
1236 2480 1362 2527 Spera
1414 2487 1547 2515 autem
1593 2479 1820 2516 sublunaris

510 2540 701 2578 dividitur
733 2540 774 2576 in
807 2540 936 2577 celum
971 2548 1008 2575 et
1031 2548 1191 2583 terram,
1226 2550 1315 2573 cum
1351 2537 1479 2573 celum
1504 2545 1669 2573 vocatur
1691 2546 1819 2573 totum

481 2605 483 2607 ’
510 2612 655 2649 corpus
679 2598 899 2636 diaffonum
935 2606 971 2634 et
994 2596 1151 2642 subtile,
1187 2596 1306 2631 modo
1340 2607 1420 2643 quo
1454 2594 1604 2631 diaboli
1626 2604 1820 2633 vocantur

578 2721 622 2750 33.
644 2722 739 2750 Cod.:
766 2724 883 2749 vocant.

584 2792 632 2825 18.
660 2793 711 2825 Cf.
738 2794 786 2825 St.
803 2793 960 2825 Anselmi
979 2793 1234 2835 Monologium‚
1253 2803 1326 2834 cap.
1347 2792 1480 2823 LXXIII
1500 2792 1549 2833 (et
1567 2791 1695 2833 passim
1714 2791 1821 2831 alibi).

511 2842 563 2874 23.
597 2840 688 2882 Opp.
720 2847 805 2871 tom.
839 2840 861 2879 Ι,
893 2849 970 2881 pag.
1003 2838 1057 2882 69.
1166 2849 1218 2881 29.
1252 2838 1383 2880 Epistle
1416 2837 1468 2869 for
1499 2838 1703 2870 Dedication
1734 2836 1773 2868 of
1803 2847 1820 2868 a

511 2886 660 2919 Church.
757 2887 810 2926 34.
837 2889 944 2927 Apoc.
969 2885 1056 2925 XXI,
1081 2895 1107 2916 1.

1829 593 1845 625 5

1834 893 1872 914 10

1835 1173 1871 1204 15

1836 2136 1877 2168 30
