2062 3276
288 247 423 276 suano
440 236 594 292 xxx1v.]
762 249 953 288 QUARTA
983 249 1107 280 PARS.
1806 241 1882 287 295

287 365 427 392 nantes
473 355 680 392 confundit
734 364 771 392 et
816 356 987 391 hebetat.
1036 354 1169 390 Primo
1215 354 1377 402 inquam
1424 355 1598 392 vivificat
1625 362 1874 402 l-'aiungjvt-sns

287 415 393 450 iuxta
426 413 523 450 illud
556 413 740 462 Apostoli
776 415 888 449 Rom.
925 415 973 456 10,
1016 425 1075 460 17,
1110 413 1216 460 quod
1251 412 1357 460 capit
1390 412 1539 448 dictum
1575 426 1597 450 a
1722 399 1782 431 ¹¹¹*

287 471 461 509 Domino
495 485 565 520 per
588 485 632 508 os
655 473 817 508 Abacuc
840 471 1037 519 prophete
1061 482 1148 518 cap.
1174 472 1241 515 110,
1265 483 1310 515 4:
1344 470 1470 505 Iustus
1493 483 1598 507 meus

287 542 337 567 ex
369 530 455 580 fide
502 530 615 574 vivit;
657 529 759 565 sicut
804 528 910 565 enim
957 528 1037 565 vita
1080 528 1142 564 vel
1185 527 1316 564 vivere
1362 527 1596 565 immediate

253 588 465 625 §succedit
498 589 548 623 ad
583 599 680 630 esse,
714 586 770 622 sic
805 586 976 622 fideliter
1007 586 1068 622 vel
1100 585 1316 622 infideliter
1349 588 1432 621 Deo
1465 585 1596 622 vivere

287 645 520 682 immediate
553 644 730 681 succedit
763 645 812 680 ad
847 643 1111 692 spiritualiter
1144 656 1240 680 esse.
1281 644 1396 680 Unde
1431 643 1595 680 heretici

287 713 324 740 et
347 702 565 740 scismatici
590 702 794 751 signanter
816 711 1012 738 vocantur
1036 701 1183 737 mortui
1204 710 1240 738 et
1264 702 1393 737 solum
1415 703 1597 738 membra

287 761 468 810 corporis
499 760 647 797 Christi
681 759 825 796 mistici
860 759 993 808 primo
1039 760 1116 796 fide
1151 759 1414 807 conglutinati
1459 759 1597 796 dicun-

286 829 350 856 tur
381 819 524 859 vivere,
571 831 662 855 nam
709 819 873 854 credere
919 827 976 854 est
1020 817 1172 866 primus
1206 826 1318 854 actus
1351 817 1595 854 adhesionis.

233 879 472 915 loSecundo
518 876 616 913 fides
660 876 832 912 viatores
877 876 1019 912 excitat
1064 877 1114 912 ad
1153 877 1414 924 pugnandum
1457 885 1596 912 contra
1630 883 1714 917 gives
1735 892 1868 923 cpurage

286 937 418 972 hostes
451 934 680 983 spirituales
713 934 820 970 iuxta
853 934 950 970 illud
985 935 1106 970 Hebr.
1139 935 1224 976 XI0,
1264 933 1332 970 33:
1367 935 1500 970 Sancti
1525 918 1884 987 peragaiissttsigiititual

273 995 397 1045 fidem
451 993 623 1029 vicerunt
681 1005 819 1043 regna,
869 992 1020 1041 operati
1067 999 1153 1027 sunt
1203 992 1408 1039 iusticiam,
1469 992 1601 1041 adepti
1677 988 1822 1042 enemics,

286 1051 604 1102 repromissiones
623 1059 695 1087 etc.
721 1050 818 1096 Quis
840 1050 1004 1098 inquam
1030 1058 1111 1086 tarn
1137 1049 1352 1086 difficulter
1368 1049 1598 1097 agonizaret

286 1109 525 1146 dimittendo
544 1121 737 1157 prospera
755 1108 996 1156 temporalia
1012 1120 1089 1156 que
1107 1116 1304 1156 apparent
1322 1107 1398 1143 nisi
1418 1109 1598 1144 crederet

233 1168 416 1216 15ipsum
451 1166 646 1215 attingere
681 1168 785 1202 bona
819 1175 955 1203 eterna
988 1178 1095 1202 nunc
1128 1165 1343 1202 invisibilia
1372 1166 1598 1202 occultata?

188 1218 270 1277 ,FOlb-
286 1227 378 1262 Ideo
412 1224 668 1273 prosequitur
699 1225 916 1273 Apostolus
956 1226 1103 1260 docens
1143 1224 1219 1260 hoc
1258 1223 1379 1260 induc
1407 1219 1412 1277 Ι
1441 1223 1517 1260 tive
1552 1225 1599 1260 de

195 1274 467 1332 '²²⁷patribus
499 1283 643 1320 veteris
676 1282 906 1319 testamenti
940 1283 1147 1330 quomodo
1187 1281 1324 1318 omnia
1364 1294 1489 1329 opera
1521 1281 1597 1317 vir-

285 1351 415 1378 tutum
454 1342 515 1377 vel
561 1340 900 1377 commendabilia
933 1339 1089 1388 operati
1130 1348 1222 1376 sunt
1261 1352 1331 1388 per
1371 1339 1503 1376 fidem.
1550 1341 1598 1376 Et

284 1408 445 1437 sanctus
469 1398 721 1447 Evangelista
750 1400 775 1435 Ι.
799 1399 887 1434 Joh.
910 1400 977 1443 VO,
1012 1411 1050 1444 4,
1079 1399 1119 1434 5:
1152 1398 1236 1434 Hec
1259 1405 1313 1434 est
1337 1398 1496 1433 victoria
1530 1410 1600 1446 que

228 1471 270 1492 20
287 1458 398 1494 vincit
421 1458 618 1503 mumdum,
639 1457 746 1507 fides
769 1464 917 1502 nostra,
941 1464 975 1493 et
998 1456 1081 1505 quis
1113 1463 1182 1501 est,
1204 1456 1376 1504 fratres,
1400 1456 1464 1504 qui
1486 1456 1599 1492 vincit

285 1516 466 1552 nuendum
501 1515 574 1551 nisi
604 1515 668 1563 qui
697 1515 820 1550 credit
852 1515 1029 1563 quoniam
1061 1514 1173 1550 Jesus
1205 1521 1260 1550 est
1280 1514 1394 1563 filius
1421 1513 1526 1550 Dei?
1558 1513 1597 1549 Si

285 1573 390 1611 enim
416 1573 616 1610 credimus
639 1574 747 1622 quod
770 1575 881 1609 Jesus
914 1585 985 1620 per
1008 1571 1237 1620 passionem
1262 1584 1374 1608 suam
1400 1571 1449 1608 sit
1472 1571 1599 1619 gloria

285 1641 321 1668 et
345 1633 496 1668 honore
531 1640 747 1668 coronatus
772 1643 891 1679 super
915 1631 1059 1667 choros
1084 1630 1334 1678 angelorum,
1369 1629 1437 1678 qui
1461 1642 1598 1666 sumus

284 1703 357 1727 nos
390 1689 457 1738 qui
491 1702 571 1726 non
604 1689 644 1725 in
669 1689 745 1726 fide
769 1698 805 1726 et
829 1688 975 1725 virtute
1001 1687 1116 1724 huius
1142 1687 1254 1724 ducis
1278 1700 1598 1736 expugnaremus

228 1750 267 1782 25
284 1748 450 1785 viriliter
484 1747 692 1784 inimicos?

343 1808 390 1842 Et
414 1806 696 1842 descendendo
720 1804 1020 1853 particulariter
1042 1805 1092 1841 ad
1111 1813 1190 1840 tres
1211 1803 1408 1840 maneries
1432 1803 1597 1849 inimici,
1643 1811 1701 1837 and
1725 1811 1854 1849 defends

286 1873 393 1912 patet
428 1865 535 1912 quod
571 1864 763 1900 habemus
797 1876 818 1899 a
852 1862 1011 1899 Christo
1052 1861 1300 1898 evidenciam
1336 1861 1598 1898 convincendi
1662 1850 1837 1907 ‘'Stflffissffbt

285 1922 505 1968 diabolum,
540 1934 631 1957 nam
667 1921 881 1969 capitalem
917 1920 1123 1956 diabolum
1155 1919 1338 1956 Christus
1372 1919 1599 1956 convicerat

285 1984 342 2027 (ut
377 1988 485 2028 patet
520 1978 685 2015 Mattbei
720 1980 825 2024 IV0);
860 1987 897 2015 et
935 1991 1025 2014 cum
1060 1977 1145 2026 ipse
1177 1977 1226 2013 sit
1260 1980 1365 2014 Deus
1398 1987 1455 2014 est
1488 1977 1599 2014 omni

227 2042 268 2074 30
284 2047 420 2075 creato
444 2037 587 2086 spiritu
611 2036 810 2073 infinitum
837 2035 1049 2085 potencior
1071 2048 1144 2073 nec
1167 2044 1297 2084 potest
1320 2048 1393 2071 nos
1417 2037 1599 2072 deserere

284 2096 458 2133 iuvando
484 2095 515 2132 si
539 2108 611 2131 nos
634 2108 716 2131 non
748 2094 882 2143 primo
913 2094 1122 2131 deficimus
1155 2106 1227 2130 nec
1259 2093 1493 2142 permittere
1526 2106 1598 2130 nos

283 2153 473 2203 temptari
507 2166 629 2201 supra
662 2153 701 2189 id
725 2154 832 2202 quod
867 2165 1080 2201 possumus
1104 2153 1238 2200 quoad
1264 2153 1474 2197 mundum,
1509 2151 1597 2200 quis

285 2212 411 2249 fidelis
444 2224 525 2248 non
558 2211 688 2260 ipsum
740 2210 983 2259 relinqueret
1024 2210 1284 2247 considerans
1324 2223 1442 2258 quam
1478 2223 1598 2258 parce

283 2271 351 2307 sed
386 2271 566 2307 modeste
599 2269 787 2306 dominus
823 2269 962 2305 mundi
995 2281 1089 2305 usus
1119 2277 1176 2305 est
1200 2268 1283 2304 istis
1306 2268 1599 2316 temporalibus

227 2331 266 2364 35
283 2328 407 2364 nichil
438 2329 574 2364 volens
609 2329 755 2364 habere
795 2326 1019 2375 proprium.
1054 2336 1096 2362 ut
1128 2335 1237 2375 patet
1276 2325 1443 2362 Matthei
1476 2328 1597 2372 V1110‚

285 2397 355 2422 20:
411 2387 550 2436 Vulpes
584 2387 728 2435 foveas
775 2386 913 2421 habent
958 2385 1059 2421 etc.?
1108 2385 1200 2421 Ideo
1248 2383 1452 2432 signanter
1500 2384 1597 2421 dicit

282 2445 370 2480 Joh.
396 2445 515 2489 XVIO,
543 2444 613 2480 33:
653 2444 808 2479 Credite
830 2443 916 2492 quia
951 2455 1024 2493 ego
1059 2443 1132 2478 vici
1162 2443 1359 2478 mundum.
1395 2441 1492 2488 Quis
1515 2455 1598 2478 non

284 2502 457 2539 vinceret
491 2514 653 2538 carnem
686 2500 858 2546 ieiuniis,
892 2500 1147 2549 passionibus
1180 2510 1217 2537 et
1240 2499 1327 2536 aliis
1353 2500 1597 2537 maceracio-

352 2624 376 2652 5.
398 2624 439 2651 D:
461 2624 504 2651 ad
524 2632 588 2650 exse
602 2624 696 2651 deest.
752 2624 777 2657 5,
798 2631 826 2650 o.
849 2623 892 2650 G:
914 2623 957 2649 ad
976 2631 1042 2650 esse
1061 2638 1094 2642 —-
1113 2622 1247 2650 succedit
1268 2622 1361 2650 deest.
1418 2623 1441 2650 5.
1459 2623 1530 2650 UH:
1553 2624 1600 2651 vel

283 2658 389 2694 infide
398 2668 407 2690 ‚·
428 2658 453 2685 Η
464 2657 546 2692 :fide
556 2657 625 2691 filii.
682 2666 707 2693 7.
723 2658 767 2685 A:
784 2658 955 2685 membrum.
1012 2657 1039 2685 S.
1055 2658 1099 2684 A:
1113 2657 1226 2692 prima.
1284 2666 1317 2684 11.
1339 2657 1380 2685 D:
1399 2657 1492 2685 Hebr.
1508 2658 1557 2689 XI,
1572 2666 1596 2685 2.

285 2692 321 2721 13.
344 2694 416 2720 lux:
438 2697 493 2720 etc.
515 2693 615 2721 deest:
637 2692 680 2720 H:
701 2696 732 2720 et
749 2693 826 2728 quis.
884 2701 926 2723 11·
943 2692 1016 2719 DG:
1037 2692 1171 2719 credent.
1229 2692 1263 2719 15.
1280 2692 1352 2720 DG:
1375 2696 1481 2720 eterna
1503 2693 1596 2720 dees-t.

285 2737 326 2757 10.
350 2727 391 2755 H:
414 2728 429 2755 I
447 2728 541 2755 deest.
626 2735 665 2754 21.
687 2728 728 2755 H:
751 2727 893 2754 mumdum
914 2727 1008 2754 deest.
1100 2727 1146 2754 26.
1169 2726 1211 2753 H:
1233 2726 1393 2754 descendo.
1486 2727 1530 2754 28.
1552 2729 1596 2754 A:

285 2761 448 2790 Christum.
551 2770 597 2797 20.
620 2762 663 2789 H:
692 2765 725 2789 ut
743 2762 837 2789 deest.
946 2760 992 2789 36.
1014 2762 1086 2788 lm:
1114 2761 1234 2793 liabent,
1254 2762 1395 2789 volueres
1415 2762 1473 2789 celi
1490 2762 1599 2791 nidos,-

282 2798 324 2826 ib.
345 2799 387 2824 A:
416 2797 491 2824 dicit
510 2797 603 2824 deest.
676 2796 720 2831 37.
742 2797 814 2824 bu:
842 2797 948 2823 Tereia
969 2796 1037 2831 quis
1056 2804 1128 2823 non.

355 2870 408 2911 37.
435 2870 599 2911 Vulgate:
629 2869 700 2901 Sed
725 2870 903 2912 considite,
930 2879 994 2908 ego
1022 2868 1086 2900 vici
1114 2869 1294 2900 mundum.
