2062 3276
223 251 300 298 396

216 665 290 692 Like
311 665 417 692 Christ
436 674 482 693 we

247 699 358 727 should
383 700 453 727 bear

251 734 353 770 injury
372 735 446 762 with

275 770 422 804 patience.

240 2071 413 2099 Falsehood
435 2072 469 2100 of

232 2107 282 2133 the
302 2107 473 2134 Pliarisce's

296 2142 410 2169 words.

805 265 1029 298 JOHANNIS
1048 267 1233 300 WYCLIF
1252 270 1508 303 SERMONUM
1615 258 1766 316 [SERMO
1787 272 1821 299 L-

511 369 653 405 ralium
690 379 726 406 et
758 384 838 407 non
862 385 935 420 pro
959 374 1085 410 salute
1109 374 1287 411 fidelium
1311 376 1562 414 subditorum
1588 379 1679 415 estis
1704 393 1823 418 causa

510 428 638 464 tocius
673 429 840 466 materie
877 430 995 467 huius
1027 432 1156 469 fletus.
1203 435 1294 470 Ideo
1327 434 1593 474 instrumenta
1625 450 1702 486 que
1732 449 1824 476 sunt

509 486 668 523 occasio
703 488 896 533 peccandi
918 489 1031 526 vobis
1065 499 1100 527 et
1124 493 1277 539 populo
1300 502 1392 529 sunt
1416 506 1438 530 a
1466 495 1634 531 seculari
1658 497 1822 534 brachio

508 545 793 592 subtrahenda,
844 559 933 583 cum
981 560 1053 595 ego
1097 557 1140 585 ut
1184 562 1249 586 rex
1293 550 1452 588 veniens
1489 554 1708 590 Jerusalem
1747 554 1823 592 ista

508 602 611 638 facio
646 607 702 647 (ut
735 612 898 640 notatur
930 606 1097 642 Matthei
1128 608 1235 643 XXIO
1271 617 1307 644 et
1339 610 1531 646 Johannis
1563 612 1682 658 XIIO).

568 662 712 706 Quoad
744 662 913 698 tercium
950 673 1058 711 patet
1098 667 1206 713 quod
1245 669 1449 715 sequendo
1484 669 1686 706 Christum
1726 671 1822 707 fietu

508 727 545 754 et
577 719 785 766 paciencia
817 722 951 768 quoad
983 721 1151 759 iniurias
1184 725 1431 761 sedabuntur
1460 726 1593 763 anime
1616 728 1822 775 passiones

507 785 549 812 ut
581 776 801 824 iracundie,
835 791 979 826 pugne,
1015 781 1318 829 mutulaciones,
1357 783 1577 821 rixaciones
1617 794 1655 822 et
1693 786 1822 823 maior

505 847 597 882 pars
642 834 799 871 malicie
847 836 886 871 in
935 837 1010 873 hoc
1055 840 1220 884 mundo,
1269 840 1325 877 sic
1369 843 1475 889 quod
1520 856 1590 891 per
1626 857 1699 880 nos
1743 854 1821 881 stat

505 894 614 940 quod
648 893 813 930 ecclesia
848 894 1024 931 militans
1057 895 1131 933 erit
1162 897 1296 934 taliter
1328 901 1572 946 perturbata.
1605 903 1685 938 Nec
1718 904 1821 939 valet

504 949 702 987 instancia
735 964 812 999 qua
847 951 993 989 dicitur
1025 955 1132 1002 quod
1167 964 1261 992 tunc
1301 959 1474 994 mundus
1512 959 1614 995 foret
1647 961 1820 1008 repletus

505 1007 674 1055 iniuriis,
720 1009 813 1057 quia
858 1010 1040 1047 Christus
1086 1012 1153 1060 qui
1203 1026 1285 1050 non
1329 1023 1460 1062 potest
1505 1028 1638 1054 errare
1684 1019 1820 1056 docuit

504 1065 620 1102 istam
645 1067 872 1104 doctrinam
896 1071 1016 1106 verbo
1040 1079 1076 1106 et
1098 1083 1220 1119 opere
1243 1073 1292 1108 ad
1316 1072 1655 1111 introducendum
1679 1088 1820 1124 pacem

505 1133 542 1160 et
585 1125 807 1161 sedandum
859 1128 1143 1170 contumelias:
1197 1138 1233 1166 et
1283 1130 1372 1167 ideo
1424 1131 1541 1168 istam
1594 1133 1819 1171 doctrinam

504 1191 662 1218 tenetur
695 1184 823 1220 clerus
857 1185 1003 1221 Christi
1037 1187 1265 1234 specialiter
1297 1188 1458 1227 imitari.
1496 1192 1610 1228 Unde
1643 1194 1819 1229 notando

505 1241 816 1278 contumeliosos
849 1243 916 1290 qui
950 1243 1129 1281 abiciunt
1161 1246 1263 1282 hanc
1297 1247 1521 1284 doctrinam
1547 1258 1583 1285 et
1605 1250 1666 1286 vel
1689 1250 1821 1299 impli-

505 1307 596 1334 cant
640 1311 679 1335 se
724 1300 1100 1347 perturbacionibus
1144 1305 1192 1340 ad
1240 1304 1367 1341 maius
1405 1305 1656 1353 dispendium
1697 1321 1819 1357 quam

504 1356 605 1393 inest
638 1358 820 1405 proximo
853 1371 926 1395 suo
959 1361 1133 1408 pacienti
1165 1362 1227 1398 vel
1260 1362 1356 1410 ipsis
1390 1365 1635 1412 prosperatis
1669 1365 1709 1402 in
1741 1367 1817 1413 via,

506 1416 580 1451 hoc
613 1424 683 1460 est,
718 1416 812 1464 quia
836 1419 941 1454 Deus
964 1417 1072 1466 ipsos
1096 1420 1239 1467 refugit
1262 1429 1468 1469 tamquam
1494 1432 1622 1460 morte
1644 1427 1818 1461 secunda

506 1475 755 1519 mactandos,
789 1474 844 1511 sic
869 1475 974 1511 enim
999 1479 1219 1514 secundum
1245 1480 1405 1516 beatum
1430 1481 1666 1529 Gregorium
1692 1483 1817 1519 bestia

506 1533 720 1568 mactanda
768 1534 968 1570 consumit
1014 1535 1099 1572 sine
1143 1536 1410 1585 castigacione
1448 1547 1553 1575 terre
1591 1540 1815 1577 nascencia.

507 1591 619 1626 Unde
663 1590 730 1638 qui
776 1590 831 1627 sic
876 1594 1032 1640 agendo
1076 1604 1336 1642 prosperatur
1379 1605 1436 1632 est
1478 1606 1686 1646 tamquam
1734 1599 1816 1635 fera

505 1647 655 1683 diaboli
694 1650 916 1696 desperata.
971 1651 1202 1688 Efficaciam
1244 1665 1337 1700 ergo
1376 1654 1493 1691 fletus
1525 1655 1686 1701 Christi,
1726 1669 1815 1693 cum

506 1704 555 1741 sit
587 1705 649 1742 via
682 1707 732 1742 ad
766 1708 1069 1755 beatitudinem,
1111 1711 1252 1746 doceat
1285 1724 1356 1748 nos
1389 1721 1524 1749 noster
1557 1714 1747 1762 magister
1780 1723 1816 1751 et

506 1763 694 1800 dominus
726 1765 794 1812 qui
827 1765 882 1802 sic
916 1766 1034 1804 flevit.
1068 1769 1209 1804 Amen.

1028 1905 1221 1945 SERMO
1256 1907 1300 1946 L.

571 1996 704 2033 Omnis
742 1998 875 2046 quise
907 1999 1056 2035 exaltat
1093 1999 1370 2037 humiliabitur.
1418 2004 1523 2039 Luce
1555 2005 1713 2051 XV1110,
1754 2018 1813 2050 14.

564 2056 730 2091 Constat
769 2068 812 2091 ex
856 2056 956 2092 serie
1001 2057 1194 2105 evangelii
1239 2061 1446 2106 quomodo
1492 2062 1571 2097 duo
1616 2062 1813 2108 homines,

505 2112 655 2149 scilicet
699 2113 936 2161 publicanus
970 2123 1007 2151 et
1039 2115 1248 2163 phariseus
1290 2119 1547 2155 ascenderunt
1584 2120 1619 2155 in
1658 2121 1812 2156 domum

503 2171 665 2206 Domini
684 2172 735 2206 ad
753 2172 957 2210 orandum.
983 2173 1194 2209 phariseus
1212 2183 1419 2223 tamquam
1439 2177 1619 2224 ypocrita
1643 2178 1813 2225 pallians
1830 2182 1845 2214 ‘3

503 2240 543 2264 se
583 2229 730 2265 habere
763 2242 784 2265 a
817 2231 900 2266 Deo
946 2231 1044 2267 duas
1088 2240 1221 2279 partes
1266 2232 1435 2280 iusticie,
1480 2234 1611 2282 primo
1653 2237 1814 2285 gracias

501 2286 586 2336 agit
618 2287 702 2322 Deo
734 2288 803 2323 sed
837 2288 933 2324 false
966 2297 1003 2324 et
1036 2290 1286 2326 accusatorie
1318 2292 1524 2339 processit.
1558 2293 1684 2340 False,
1719 2294 1813 2342 quia

502 2344 644 2380 asserit
681 2357 721 2381 se
758 2357 830 2381 non
875 2358 957 2382 esse
1000 2354 1039 2382 ut
1082 2355 1228 2384 ceteros
1272 2356 1484 2398 raptorem,
1529 2351 1707 2387 iniustum
1754 2352 1814 2388 vel

501 2403 735 2439 adulterum.
770 2405 819 2440 Et
853 2416 942 2440 cum
977 2414 1133 2442 constat
1167 2407 1275 2454 quod
1307 2406 1537 2456 quicunque
1570 2417 1628 2444 est
1661 2418 1810 2457 raptor,

571 2545 591 2564 1.
613 2536 656 2564 1-1:
683 2545 744 2565 non
766 2539 859 2565 deest.
956 2548 984 2572 4.
1007 2539 1050 2566 G:
1079 2543 1107 2567 et
1127 2548 1193 2567 rex.
1284 2540 1308 2568 5.
1330 2541 1374 2568 H:
1402 2540 1510 2569 Matllz.
1530 2540 1604 2575 XII,·
1628 2543 1669 2570 ib.
1692 2543 1809 2571 Cocta:

499 2571 568 2598 Joh.
589 2572 626 2599 II.
649 2571 695 2599 Cf.
716 2572 784 2599 Joh.
806 2573 871 2607 XII,
894 2574 929 2601 15.
1039 2573 1065 2601 S.
1087 2574 1130 2601 D:
1151 2575 1383 2603 mutillaciones.
1493 2584 1535 2604 10.
1557 2576 1601 2604 H:
1624 2580 1671 2604 est
1688 2578 1812 2606 taliter.-

500 2606 540 2633 ib.
563 2606 606 2633 H:
634 2607 716 2634 valet
734 2607 827 2635 deest.
943 2609 978 2636 15.
1001 2609 1044 2636 H:
1073 2610 1272 2637 nominando.
1387 2612 1428 2638 16.
1450 2611 1492 2638 D:
1519 2612 1608 2638 istam
1627 2612 1809 2640 doctrinam.

502 2649 540 2675 17-
570 2643 615 2668 A:
667 2641 729 2669 uod
756 2643 859 2678 magis
886 2643 1086 2678 dispendium.
1230 2643 1272 2670 23.
1301 2644 1343 2672 G:
1374 2644 1537 2681 efficacia;
1564 2646 1605 2673 ib.
1627 2646 1668 2673 D:
1698 2647 1809 2682 igitur.

500 2683 546 2709 24.
574 2650 679 2703 ADg:
709 2680 815 2704 noster
840 2677 934 2704 deest.
1048 2679 1094 2705 26.
1122 2678 1232 2705 Sermo
1258 2679 1298 2711 L;
1328 2681 1373 2707 A:
1401 2679 1452 2719 g8.
1559 2689 1604 2715 27.
1629 2682 1674 2708 A:
1703 2682 1809 2709 ealtat.

500 2709 546 2737 30.
561 2710 666 2738 ADG:
683 2711 782 2747 igitur
795 2714 957 2748 tamquam.
1015 2712 1058 2740 32.
1072 2714 1117 2740 A:
1128 2713 1218 2749 false
1231 2717 1437 2742 accusatorio.
1493 2714 1539 2749 34.
1553 2717 1598 2743 A:
1620 2716 1703 2751 quod
1716 2716 1809 2743 deest.

571 2804 623 2825 20.
650 2795 683 2825 S.
704 2795 860 2836 Gregorii
888 2796 1084 2835 Moralium,
1112 2796 1169 2828 lib.
1195 2797 1342 2836 XXXIII,
1370 2798 1403 2828 in
1430 2808 1503 2840 cap.
1529 2799 1589 2829 XL
1615 2798 1705 2830 beati
1730 2799 1809 2831 Job.

501 2841 593 2882 Opp.
619 2847 703 2872 tom.
729 2841 752 2880 Ι,
778 2842 872 2882 1078.
972 2841 1024 2873 2⁴3.
1053 2843 1183 2885 Gospel
1211 2843 1263 2874 for
1294 2842 1360 2874 11th
1387 2845 1527 2887 Sunday
1554 2844 1638 2876 after
1664 2845 1810 2888 Trinity.

502 2896 553 2929 29.
582 2887 697 2918 Lucae
721 2887 841 2929 XVIII,
866 2898 915 2920 10.

1839 615 1855 648 5

1841 916 1879 937 10

1839 1195 1876 1227 15
