2062 3276
191 272 269 308 442
772 269 996 302 JOHANNIS
1013 268 1199 301 WYCLIF
1219 268 1475 300 SERMONUM
1537 254 1688 312 [SERMO
1710 265 1788 293 LVI-

537 378 649 423 Item,
689 375 819 412 omnis
859 377 980 412 homo
1019 384 1177 411 tenetur
1211 374 1375 423 diligere
1408 376 1536 410 Deum
1570 376 1790 411 secundum

479 446 641 471 omnem
689 433 895 471 racionem
944 447 1023 482 qua
1067 433 1141 471 scit
1187 435 1315 469 Deum
1362 444 1459 469 esse.
1511 432 1639 469 Aliter
1686 433 1791 469 enirn

479 492 650 529 scienter
683 492 812 529 odiret
845 505 929 529 rem
962 491 1222 529 iustissimam
1258 500 1295 527 et
1327 503 1398 540 per
1431 503 1679 540 consequens
1711 503 1793 527 non

481 550 663 598 diligeret
687 553 815 587 Deum
849 563 893 587 ex
925 559 1010 587 toto
1046 551 1177 587 corde.
1213 551 1313 587 Cum
1348 562 1442 597 ergo
1475 549 1549 585 scit
1574 551 1702 586 Deum
1734 561 1794 586 se-

480 610 655 646 cundum
695 609 872 658 aliquam
912 608 1116 645 racionem
1163 620 1246 644 esse
1292 617 1471 644 eternum
1518 607 1827 644 ordinatorem5

480 679 580 715 pene
614 667 886 715 cuiuscunque
925 667 1068 715 puniti,
1108 666 1286 714 sequitur
1326 667 1434 714 quod
1474 667 1589 702 debet
1629 665 1794 713 diligere

482 728 609 762 Deum
655 727 874 762 secundum
915 737 1076 761 omnem
1118 724 1234 760 huius
1274 724 1477 761 racionem
1516 733 1553 759 et
1592 736 1662 772 per
1701 736 1794 760 con-

482 795 651 831 sequens
705 785 820 819 debet
874 782 1078 819 racionem
1134 783 1242 818 illam
1297 782 1474 830 diligere.
1527 781 1639 818 Sicut
1688 781 1793 818 enim

482 854 630 889 sponsa
670 841 803 878 mariti
837 840 1106 877 inflexibiliter
1138 839 1232 876 iusti
1265 840 1447 876 obediret
1481 839 1565 876 eius
1597 839 1795 876 voluntati

482 899 521 935 in
554 899 755 946 omnibus,
791 911 836 935 eo
869 899 956 947 ipso
990 899 1246 947 complacens
1270 897 1309 934 in
1332 899 1406 934 hoc
1439 899 1547 945 quod
1579 897 1652 934 scit
1685 909 1854 934 com-10

483 959 641 1005 placere
665 958 733 994 tali
757 970 918 1005 sponso,
953 956 1009 993 sic
1033 958 1150 993 debet
1174 968 1258 993 esse
1283 957 1330 992 de
1354 968 1594 1004 quacunque
1624 968 1795 1004 persona

483 1015 649 1052 ecclesie
695 1016 829 1064 quoad
870 1015 1096 1060 Christum3
1146 1014 1261 1051 aliter
1305 1014 1411 1050 enim
1457 1015 1796 1050 remurmurando

481 1073 704 1110 incurreret
737 1073 1058 1110 inobedienciam
1095 1082 1131 1109 et
1165 1085 1284 1109 omne
1317 1081 1550 1121 peccatum3
1583 1072 1673 1108 ideo
1706 1084 1795 1108 curn

482 1131 610 1169 beatis
653 1132 890 1180 beneplacet
935 1133 982 1168 de
1021 1131 1093 1167 Dei
1136 1132 1343 1167 voluntate
1391 1131 1525 1179 quoad
1570 1142 1713 1178 penam
1761 1139 1797 1166 et

483 1190 697 1238 premium,
732 1198 841 1238 patet
875 1191 981 1238 quod
1014 1189 1186 1226 viatores
1220 1190 1267 1225 de
1301 1197 1452 1237 quanto
1485 1197 1576 1224 sunt
1609 1187 1686 1224 illis
1710 1188 1797 1236 plus
1818 1188 1854 1221 15

485 1248 723 1294 conformes,
759 1250 807 1284 de
839 1257 950 1285 tanto
983 1256 1073 1284 sunt
1107 1248 1156 1284 ad
1188 1247 1356 1295 nupcias
1390 1246 1526 1295 sponsi
1559 1245 1795 1283 habiliores:

486 1307 526 1342 In
555 1307 753 1356 paciencia
787 1306 911 1357 igitur
943 1314 1072 1343 vestra
1100 1305 1346 1355 possidebitis
1378 1305 1527 1341 animas
1562 1312 1721 1342 vestras

227 1374 269 1402 So
290 1382 334 1400 we
356 1378 452 1417 mys-tq
545 1366 716 1411 Quando
741 1377 834 1412 ergo
868 1363 1063 1412 contingit
1097 1376 1204 1400 mors
1237 1371 1450 1411 parentum
1473 1363 1533 1399 vel
1557 1362 1797 1408 amicorum,

196 1408 470 1478 Ῐῇζζξζξῆζξὲἦῗῇἦ
487 1435 577 1459 cum
610 1423 758 1459 scimus
791 1435 953 1459 omnem
980 1431 1150 1459 mortem
1176 1421 1321 1458 iustam
1347 1434 1366 1457 a
1387 1423 1471 1457 Deo
1495 1420 1798 1466 auctorisatam,

208 1478 456 1541 frigggsssssshssglm
487 1481 668 1518 dicamus
691 1481 768 1518 sic:
802 1481 891 1517 Fiat
914 1482 1091 1517 voluntas
1113 1488 1192 1527 tua,
1227 1492 1315 1516 curn
1350 1478 1498 1516 scimus
1523 1480 1630 1528 quod
1655 1478 1799 1515 merito
1816 1490 1858 1511 20

253 1557 288 1576 01-
307 1535 415 1584 ghotis.
485 1541 557 1576 hec
581 1539 775 1587 patimur3
811 1547 847 1576 et
871 1540 919 1576 ad
943 1547 1201 1587 augmentum
1225 1537 1352 1574 nostri
1376 1536 1519 1585 premii
1542 1537 1573 1573 si
1596 1536 1800 1585 pacienter

485 1598 582 1634 suffe
611 1594 616 1650 Ι
645 1597 783 1644 rimus,
837 1597 868 1633 si
920 1597 1074 1633 eveniat
1128 1595 1243 1632 nobis
1300 1594 1520 1643 corporalis
1572 1584 1896 1654 infirmitas‚33⁰02

486 1657 683 1692 bonorum
730 1656 887 1692 fortune
932 1654 1111 1703 perdicio
1157 1654 1216 1690 vel
1261 1653 1485 1690 amicorum
1532 1652 1797 1689 mundialium
1840 1648 1871 1662 '⁴

486 1713 638 1759 odium,
680 1713 860 1750 dicamus
894 1725 1041 1761 sponso
1081 1712 1264 1749 ecclesie:
1300 1712 1390 1747 Fiat
1424 1711 1600 1747 voluntas
1632 1718 1707 1746 tua.
1757 1712 1799 1746 111

486 1772 572 1820 ipso
606 1772 711 1808 enim
746 1780 997 1808 reservantur
1023 1770 1138 1807 nobis
1161 1769 1366 1815 sanitates,
1392 1768 1535 1805 divicie
1559 1778 1595 1805 et
1618 1767 1800 1805 amicicie
1816 1770 1855 1802 25

487 1830 860 1878 incomparabiliter
893 1829 1090 1872 meliores,
1125 1828 1156 1864 si
1190 1841 1262 1864 nos
1297 1826 1569 1863 submittimus
1597 1826 1800 1863 humiliter

487 1888 746 1936 disposicioni
780 1900 860 1924 sue.
902 1887 942 1924 Si
976 1887 1131 1924 eveniat
1172 1894 1424 1935 conquestus,
1464 1886 1684 1933 gaudenter
1722 1884 1800 1920 suf-

489 1947 619 1989 ferret,
672 1946 832 1983 eciamsi
885 1945 1003 1982 fuerit
1048 1944 1156 1993 regni
1203 1943 1410 1992 conquesti
1462 1942 1661 1991 indigena,
1709 1955 1799 1979 cum

487 2004 585 2041 sciat
625 2005 699 2041 hoc
739 2017 821 2041 esse
854 2005 902 2040 ad
944 2003 1255 2052 pulcritudinem
1296 2000 1580 2047 universitatis,
1621 2000 1714 2049 quia
1753 2002 1799 2036 de

488 2062 738 2110 beneplacito
786 2061 922 2111 sponsi
971 2061 1135 2098 ecclesie
1183 2060 1282 2097 sciat
1327 2059 1453 2096 eciam
1501 2060 1576 2095 hoc
1622 2072 1705 2095 esse
1750 2059 1798 2094 ad
1816 2062 1857 2093 30

489 2120 821 2157 iustificacionem
863 2119 997 2156 delicti
1037 2118 1280 2165 vindicandi,
1321 2119 1369 2154 de
1409 2131 1488 2166 quo
1528 2116 1600 2153 scit
1640 2125 1799 2152 sanctos

489 2180 662 2225 gaudere
686 2178 724 2214 in
749 2178 855 2214 celis.
891 2177 972 2215 Scit
998 2177 1123 2214 eciam
1149 2178 1223 2213 hoc
1257 2189 1340 2213 esse
1374 2178 1423 2212 ad
1456 2174 1796 2212 acceleracionem

491 2236 859 2272 consummacionis
893 2235 1088 2284 presentis
1136 2234 1293 2271 miserie
1328 2243 1364 2270 et
1397 2232 1714 2269 introduccionis
1749 2233 1798 2268 ad

490 2307 628 2331 cenam
669 2293 950 2339 novissimam;
995 2293 1097 2329 sicut
1137 2292 1241 2329 enim
1281 2291 1406 2327 iustus
1446 2292 1592 2339 gaudet
1626 2291 1672 2326 de
1706 2303 1798 2326 con-

492 2352 610 2399 digna
651 2365 754 2400 pena
793 2351 1025 2396 adversarii,
1067 2351 1191 2387 eciam
1232 2359 1427 2398 quantum
1467 2349 1613 2397 gaudet
1646 2349 1694 2384 de
1727 2361 1798 2383 suo
1817 2351 1856 2382 35

493 2410 593 2455 utili,
646 2410 701 2446 sic
753 2410 879 2446 iustus
930 2411 1121 2457 gauderet
1172 2410 1219 2445 de
1270 2407 1379 2443 omni
1426 2419 1540 2455 pena,
1593 2419 1681 2442 cum
1727 2405 1799 2441 scit

220 2476 459 2503 sflchwrrmxs
494 2471 619 2504 Deum
668 2481 753 2504 eam
800 2469 937 2516 pulcre
978 2477 1013 2504 et
1053 2467 1153 2503 iuste
1199 2465 1390 2513 infligere.
1446 2466 1553 2501 Idem
1603 2476 1696 2511 ergo
1742 2472 1799 2499 est

209 2519 258 2571 ¹13?
271 2516 471 2571 ‹liiidiil'iif
492 2538 790 2562 remurmurare
823 2535 962 2562 contra
997 2538 1118 2573 penas
1152 2523 1379 2560 huiusmodi
1404 2532 1440 2559 et
1464 2522 1630 2558 nuncios
1653 2520 1798 2558 summi

493 2584 593 2632 regis
627 2586 676 2620 ad
709 2593 891 2620 nostrum
934 2584 1193 2620 commodum
1236 2581 1378 2618 missos
1417 2580 1621 2628 despicere
1661 2588 1697 2616 et
1731 2580 1799 2615 ho-

560 2728 596 2756 13,
619 2729 661 2755 A:
684 2729 713 2755 in
735 2728 987 2755 inobedienciam.
1062 2727 1103 2754 16.
1125 2726 1198 2754 DG:
1219 2726 1406 2753 humiliores.
1483 2733 1521 2759 17*
1537 2726 1581 2751 A:
1602 2727 1707 2751 nostra
1722 2745 1728 2750 .
1746 2745 1751 2750 .
1769 2745 1774 2750 .
1793 2745 1797 2749 .

486 2763 716 2797 possidebimus.
815 2764 854 2789 18.
875 2764 919 2790 A:
949 2762 1028 2797 Quia
1050 2769 1137 2797 ergo.
1234 2768 1277 2795 27,
1300 2760 1344 2787 28.
1368 2760 1409 2787 D:
1437 2759 1613 2795 gaudenter
1631 2758 1797 2794 sufficeret.

492 2798 536 2829 ¹30,
558 2797 596 2825 31.
619 2798 659 2824 l›:
687 2797 730 2824 ad
748 2797 982 2824 institucionem.
1063 2796 1108 2830 34.
1131 2796 1171 2823 1›:
1200 2795 1287 2822 Sicut
1305 2795 1411 2830 igitur.
1485 2794 1528 2829 37.
1549 2793 1590 2821 D:
1617 2801 1683 2820 eam
1704 2793 1797 2820 deest.

565 2903 612 2935 17.
642 2893 755 2923 Lucae
780 2892 866 2931 XXI,
891 2902 940 2936 ¹9·

2028 63 2038 72 <¹
2027 0 2040 35 (ἵεν,

2039 278 2042 281 -
2031 152 2050 258 maan*
2033 84 2044 118 (sl.
