2062 3276
127 369 207 441 ὶΰᾚὶ

172 919 210 940 10

173 1199 210 1232 15

179 2665 223 2695 40

221 273 356 302 SERMO
379 262 471 319 rixi]
703 274 892 313 QUARTA
922 275 1047 305 PARS.

195 381 356 430 piccio
402 380 518 416 huius
563 379 808 422 commercii,
855 382 960 416 Deus
999 379 1039 415 in
1067 375 1072 430 Ι
1102 378 1269 426 provide
1313 377 1534 419 ordinaret,

223 453 313 476 cum
348 439 589 487 impotentes
621 439 754 487 quoad
787 436 895 474 aliud
926 436 1105 485 precium
1153 435 1378 484 reciperent
1424 448 1536 472 excu-

223 497 426 534 sacionem
465 496 623 533 emendi
663 495 967 532 beatitudinem.
1007 496 1209 530 Mercator
1250 503 1383 530 autem
1431 497 1535 539 (cum

223 555 274 592 sit
307 557 429 603 Deus)
471 563 527 591 est
566 566 724 602 semper
756 562 792 589 et
825 552 974 601 ubique
1012 561 1049 588 et
1090 551 1324 588 mercandia
1369 564 1440 588 sua
1481 559 1537 587 est

225 613 447 662 potissima,
481 611 735 660 paratissima
775 619 812 647 et
844 609 1115 659 pacatissima,
1156 622 1247 646 cum
1287 609 1337 645 sit
1371 621 1535 659 regnum

225 672 396 707 celorum
430 671 538 718 quod
574 670 679 706 intra
710 682 779 705 vos
813 678 883 705 est.

283 731 351 765 Est
383 729 560 764 secundo
593 726 814 775 placabilis,
855 726 950 775 quia
983 724 1233 763 delectabilis
1275 733 1311 761 et
1344 722 1538 760 liberalis-

224 786 338 833 sima,
373 799 463 822 cum
498 788 603 822 Deus
637 786 820 822 hortatur
852 798 925 822 nos
957 786 1007 821 ad
1040 784 1269 829 emendum,
1304 783 1428 819 donat
1452 794 1538 830 pre-

225 845 330 881 cium
365 857 455 880 cum
491 857 569 893 quo
604 856 829 880 emeremus
874 852 911 880 et
959 842 1152 879 retribuet
1198 854 1270 890 pro
1314 853 1386 877 suo
1433 841 1539 876 dono

225 902 390 951 proprio
424 901 626 938 infinitum
662 901 910 951 prestancius
949 901 1056 937 iuxta
1089 899 1186 936 illud
1219 898 1335 936 Ysaie
1369 900 1469 944 LV0‚
1502 911 1537 933 1:

234 961 359 997 Venite
405 968 439 996 et
483 961 594 997 emite
626 961 766 1009 absque
797 967 964 1011 argento
1009 966 1043 994 et
1075 959 1216 1007 absque
1261 957 1340 993 ulla
1372 968 1539 993 commu-

225 1019 373 1055 tacione
405 1018 531 1054 vinum
565 1025 600 1054 et
632 1019 702 1054 lac.
737 1020 826 1055 Non
860 1017 964 1054 enim
999 1024 1159 1065 oportet
1193 1029 1265 1064 pro
1292 1014 1540 1051 beatitudine

226 1078 321 1114 dare
344 1085 553 1125 argentum
579 1077 647 1113 sed
671 1077 799 1113 solum
824 1077 972 1112 bonam
997 1075 1259 1119 voluntatem,
1284 1085 1357 1110 nec
1380 1080 1541 1121 oportet

225 1135 286 1171 vel
319 1144 518 1171 ementem
551 1135 613 1172 vel
646 1137 773 1171 Deum
807 1135 1043 1170 vendentem
1085 1140 1336 1169 commutare
1359 1130 1539 1179 precium

226 1194 287 1230 vel
317 1192 537 1238 venditum,
573 1194 793 1230 deserendo
827 1192 909 1229 eius
943 1190 1252 1240 possessionem,
1287 1202 1377 1227 cum
1418 1190 1540 1225 homo

227 1260 318 1299 post
351 1251 592 1288 eleccionem
633 1252 735 1288 bone
779 1250 995 1288 voluntatis
1035 1249 1181 1286 retinet
1218 1248 1293 1285 sibi
1333 1247 1417 1284 eius
1450 1259 1542 1295 pos-

228 1309 461 1353 sessionem,
507 1318 543 1346 et
578 1312 683 1346 Deus
716 1317 806 1358 post
839 1308 1049 1346 dacionem
1096 1306 1209 1355 regni
1249 1306 1428 1343 celorum
1460 1318 1542 1341 non

228 1367 376 1404 deserit
414 1368 498 1404 eius
537 1367 848 1416 possessionem,
887 1380 978 1404 cum
1018 1379 1079 1402 res
1118 1363 1338 1413 spiritualis
1376 1376 1420 1400 ex
1458 1364 1543 1411 lege

229 1425 526 1462 communionis
572 1425 751 1462 caritatis
784 1425 833 1462 sit
867 1438 913 1462 eo
946 1423 1171 1470 iocundior,
1206 1436 1286 1472 quo
1320 1420 1544 1459 communi-

232 1483 418 1530 cativi0r3
459 1493 497 1521 et
528 1483 618 1521 ideo
653 1484 856 1532 signanter
895 1483 992 1520 dicit
1024 1482 1222 1531 propheta
1262 1482 1371 1529 quod
1403 1481 1545 1529 absque

228 1543 307 1578 ulla
351 1543 653 1579 commutacione
697 1551 853 1579 ematur
897 1541 1116 1586 beatitudo,
1163 1552 1239 1588 que
1279 1537 1461 1576 consistit
1505 1537 1545 1573 in

228 1608 346 1637 acuta
377 1600 530 1637 visione
561 1600 771 1637 Trinitatis
805 1600 962 1649 signata
994 1611 1066 1648 per
1098 1599 1225 1634 vinum
1259 1606 1296 1634 et
1320 1596 1426 1633 dulci
1450 1595 1544 1632 frui-

229 1658 342 1695 cione
365 1658 542 1695 eiusdem
567 1658 713 1696 obiecti
736 1671 920 1707 expressa
942 1671 1013 1706 per
1036 1658 1107 1693 lac.
1132 1658 1233 1693 Nam
1257 1656 1343 1692 Joh.
1364 1656 1503 1701 XV110,
1523 1654 1540 1690 3

229 1716 394 1754 dicitur:
427 1718 511 1753 Hec
533 1725 588 1753 est
613 1718 688 1753 vita
721 1724 866 1761 eterna,
896 1724 935 1752 ut
957 1722 1193 1767 cognoscant
1215 1722 1250 1750 te
1270 1714 1396 1750 solum
1419 1714 1545 1749 Deum

230 1782 264 1812 et
308 1787 417 1824 quem
460 1775 597 1811 misisti
636 1776 766 1811 ,Iesum
817 1775 1037 1819 Clzristztn1;
1079 1781 1117 1810 et
1162 1774 1259 1809 Gen.
1299 1773 1456 1817 XL1X0,
1498 1781 1542 1806 12

230 1832 377 1870 dicitur
421 1835 469 1870 de
512 1833 618 1870 tribu
655 1834 770 1880 Juda,
816 1834 891 1870 hoc
936 1841 1006 1879 est,
1051 1830 1310 1868 universitate
1354 1828 1548 1878 predesti-

230 1901 418 1928 natorum
453 1891 657 1931 Christum
691 1890 998 1928 confitencium:
1051 1889 1274 1925 Pulcriores
1317 1895 1405 1924 sunt
1448 1887 1551 1923 oculi

230 1950 311 1986 eius
354 1951 439 1986 vino
484 1958 518 1987 et
551 1951 681 1986 dentes
717 1950 797 1986 eius
840 1950 938 1985 lacte
980 1948 1237 1985 candidiores.
1285 1945 1548 1994 Intelligendo

231 2021 303 2057 per
335 2009 464 2045 oculos
496 2016 531 2045 et
563 2009 694 2045 dentes
724 2008 827 2045 vires
849 2019 995 2056 sponse
1012 2005 1160 2043 Christi
1193 2004 1338 2053 quibus
1370 2003 1548 2040 intuetur

176 2073 191 2104 ἲ
233 2075 271 2103 et
304 2067 447 2103 fruitur
489 2066 707 2112 Trinitate;
752 2067 803 2103 ad
840 2078 957 2115 quem
1004 2076 1166 2102 sensum
1201 2062 1411 2111 exponitur
1449 2062 1548 2098 illud

234 2124 390 2162 Cantici
422 2126 490 2171 VO,
531 2138 568 2161 1:
614 2125 703 2161 Bibi
746 2125 873 2160 vinum
919 2136 1043 2160 meum
1087 2135 1171 2159 cum
1206 2122 1305 2158 lacte
1336 2133 1431 2159 meo.
1481 2122 1550 2156 Est

233 2196 326 2231 ergo
359 2182 641 2220 liberalissima
665 2183 864 2219 mercacio
890 2182 960 2219 Dei
983 2180 1108 2219 nostri
1132 2182 1227 2217 dare
1260 2178 1548 2216 beatitudinem

235 2250 413 2279 eternam
466 2254 539 2290 pro
592 2241 783 2278 facillimo
830 2240 1058 2289 temporali.
1110 2240 1203 2276 Ideo
1247 2251 1329 2275 non
1369 2246 1426 2274 est
1457 2249 1550 2274 ven-

235 2299 340 2336 dicio
373 2299 560 2337 distincta
594 2309 735 2337 contra
766 2299 1048 2336 donacionem.

295 2360 342 2394 Et
375 2367 432 2394 est
475 2358 600 2395 tercio
632 2357 860 2401 utilissima,
906 2357 1000 2406 quia
1045 2356 1076 2393 si
1111 2364 1269 2404 emptor
1307 2353 1549 2403 adquiritur,

236 2416 465 2465 adquiritur
498 2419 603 2453 Deus
648 2426 685 2454 et
729 2429 799 2465 per
844 2427 1092 2464 consequens
1136 2413 1273 2451 omnia
1317 2414 1421 2450 bona
1465 2424 1550 2458 sua,

236 2474 344 2511 iuxta
376 2474 474 2510 illud
498 2477 611 2514 Rom.
630 2475 752 2521 V1110,
772 2475 841 2511 32:
878 2474 1047 2523 Proprio
1067 2473 1157 2523 filio
1190 2484 1258 2509 suo
1291 2483 1362 2507 non
1377 2470 1554 2521 pepercit

237 2531 349 2569 Deus
392 2533 469 2569 sed
493 2545 569 2583 pro
614 2531 721 2570 nobis
765 2533 939 2569 omnibus
982 2531 1145 2568 tradidit
1189 2530 1319 2575 illum;
1362 2529 1552 2578 quomodo

239 2603 310 2627 non
344 2603 428 2627 cum
462 2592 543 2640 ipso
577 2592 703 2627 onmia
736 2592 843 2627 nobis
876 2590 1063 2626 donavit?
1101 2591 1247 2636 Magna
1280 2600 1373 2635 ergo
1408 2586 1553 2624 cecitas

240 2648 485 2685 mercacioni
519 2659 766 2697 sumptuose,
800 2648 1000 2685 laboriose
1033 2656 1071 2684 et
1104 2647 1349 2683 infructuose
1372 2645 1553 2682 insistere

239 2708 313 2744 ista
366 2707 531 2744 dimissa
584 2707 834 2745 condicionis
893 2705 1091 2755 opposite.
1153 2707 1237 2754 Ego
1297 2717 1379 2741 non
1437 2703 1553 2740 video

310 2885 347 2913 17.
371 2877 413 2905 G.
441 2878 536 2914 regni
552 2878 680 2905 celestis.
778 2876 820 2904 32.
843 2876 883 2904 G:
912 2876 1013 2912 igitur
1034 2876 1071 2910 (et
1093 2875 1230 2912 passim).
1324 2872 1370 2908 34.
1392 2875 1436 2902 A:
1464 2873 1554 2901 devo-

239 2913 368 2940 cionem.

1740 275 1821 309 477

1619 733 1766 768 pleasant,

1566 2363 1624 2391 and
1639 2365 1720 2390 most
1732 2362 1841 2390 useful.
