2062 3276
271 244 406 273 sERMo
428 234 550 292 xum]
751 248 942 287 QUARTA
970 248 1095 280 PARS,
1792 243 1867 279 355

270 353 467 390 iusticiam
502 355 551 390 ad
584 353 682 389 illud
706 355 813 402 quod
837 353 1083 398 vendicatur,
1112 355 1219 401 quod
1243 354 1401 390 invasus
1425 354 1583 391 deficiat

271 424 292 448 a
329 411 488 448 iusticia
527 413 577 448 ad
616 411 736 458 idem,
776 420 813 448 et
851 411 976 448 tercio
1015 413 1122 460 quod
1168 411 1359 448 invadens
1403 414 1584 450 observet

271 471 435 506 modum
477 478 514 506 et
553 469 735 506 ordinem
776 469 1041 517 expugnandi,
1076 479 1117 505 ut
1151 479 1245 518 puta
1279 471 1387 518 quod
1421 470 1471 507 sit
1504 484 1583 506 non

271 527 438 564 clericus
472 528 540 564 sed
573 527 763 564 secularis
805 527 867 563 cui
900 527 1017 564 liceat
1056 540 1252 575 pugnare3
1299 537 1442 576 quarto
1476 530 1582 577 quod

238 590 254 621 5
270 585 411 622 offerat
436 597 573 633 pacem
599 586 772 634 petendo
795 597 866 622 sua
889 585 972 622 sine
997 586 1101 622 bello
1134 585 1165 622 si
1198 595 1345 634 posset,
1380 595 1416 622 et
1440 586 1583 635 quinto

270 645 377 692 quod
418 652 530 691 parte
568 643 713 679 iniuste
753 643 955 680 detinente
995 643 1254 691 pertinaciter
1293 645 1369 680 hoc
1413 653 1583 693 negante

270 703 461 750 procedat
499 702 548 738 ad
594 702 741 738 bellum
789 701 1064 750 principaliter
1108 703 1158 738 ob
1204 703 1398 738 honorem
1432 702 1503 738 Dei
1548 711 1584 738 et

268 759 482 796 utilitatem
528 759 706 805 ecclesie,
757 759 881 796 immo
926 761 1013 808 plus
1057 761 1232 796 amando
1278 769 1314 796 et
1359 760 1584 797 affectando

268 817 467 854 iusticiam
502 830 671 866 persone
704 817 838 854 invase
861 831 982 866 quam
1016 819 1173 854 lucrum
1207 818 1491 866 temporalium
1525 819 1584 854 vel

216 877 462 912 tohonorem
496 876 618 912 seculi
651 889 724 924 pro
758 875 901 924 quibus
935 876 1026 913 licet
1064 876 1299 913 secundarie
1338 888 1583 925 expugnare:

268 946 344 982 que
378 933 409 969 si
444 943 574 970 essent
607 934 722 982 plene
755 943 921 980 servata,
956 936 1076 971 credo
1100 936 1208 983 quod
1241 934 1360 983 pauci
1393 936 1453 971 vel
1486 934 1584 970 nulli

269 991 477 1028 christiani
517 992 766 1029 debellarent
805 992 1045 1029 christianos
1089 994 1158 1029 sed
1202 993 1333 1029 solum
1379 992 1419 1029 in
1464 1005 1583 1029 causa

269 1050 340 1086 Dei
373 1063 446 1098 pro
479 1050 652 1087 utilitate
685 1050 863 1087 ecclesie.
910 1050 950 1088 Si
985 1064 1078 1099 ergo
1118 1051 1354 1099 colligamus
1392 1051 1432 1087 in
1470 1050 1585 1087 nobis

268 1108 476 1145 caritatem
518 1117 555 1145 et
594 1108 869 1145 diffundamus
908 1109 1086 1158 undique
1126 1109 1234 1145 iuxta
1278 1109 1449 1158 primam
1489 1108 1584 1145 solis

214 1166 571 1215 15prop1'ietatem,
606 1176 642 1203 et
675 1166 707 1203 si
740 1168 916 1204 secundo
948 1180 1152 1204 servamus
1182 1167 1221 1204 in
1245 1166 1360 1204 nobis
1384 1166 1582 1204 iusticiam

267 1225 402 1273 quoad
425 1227 553 1261 Deum
588 1234 627 1262 et
649 1225 875 1273 proximum
909 1225 1016 1262 iuxta
1047 1227 1265 1262 secundam
1289 1225 1383 1262 solis
1406 1225 1585 1274 proprie-

266 1292 389 1320 tatem
423 1292 460 1319 et
492 1282 523 1319 si
555 1283 680 1320 tercio
713 1283 907 1320 sentimus
939 1285 1161 1321 orthodoxe
1185 1285 1232 1320 de
1256 1284 1332 1320 fide
1356 1282 1583 1329 eukaristie,

268 1341 533 1377 ministrando
572 1342 635 1390 pie
675 1342 746 1378 Dei
791 1342 1078 1390 gratitudinem
1124 1342 1232 1379 iuxta
1279 1342 1444 1379 terciam
1490 1342 1584 1378 solis

267 1399 571 1448 proprietatem,
602 1409 639 1436 et
669 1400 700 1436 si
724 1409 867 1448 quarto
897 1402 1179 1437 habundamus
1203 1400 1408 1437 dilatando
1432 1401 1584 1436 habun-

210 1471 251 1492 20
267 1457 434 1494 dancius
486 1458 619 1495 radios
673 1458 849 1495 caritatis
903 1468 939 1495 et
993 1461 1192 1495 bonorum
1253 1471 1422 1507 operum
1476 1458 1583 1495 iuxta

267 1525 453 1564 quartam
469 1516 562 1552 solis
586 1516 891 1564 proprietatem,
917 1526 1013 1554 tunc
1029 1518 1223 1553 habemus
1240 1517 1373 1553 cibum
1389 1516 1581 1553 viaticum

267 1574 530 1611 sufficientem
565 1576 615 1611 ad
638 1588 709 1611 nos
733 1575 1010 1612 sustinendum
1041 1575 1341 1624 peregrinantes
1364 1575 1403 1611 in
1428 1576 1583 1612 deserto

268 1632 385 1669 huius
424 1632 545 1669 seculi
579 1646 790 1682 quousque
822 1633 1030 1670 veniamus
1069 1635 1119 1670 ad
1160 1642 1338 1670 montem
1372 1633 1444 1670 Dei
1477 1635 1584 1670 Oreb

267 1703 343 1739 que
377 1700 434 1727 est
458 1691 613 1728 celestis
635 1692 855 1728 Jerusalem
885 1705 965 1741 quo
998 1705 1070 1729 nos
1103 1693 1298 1741 perducat
1330 1692 1404 1737 via,
1438 1692 1583 1728 veritas

210 1752 249 1783 25
267 1758 304 1785 et
336 1748 428 1786 vita.
463 1751 604 1789 Amen.

743 1887 940 1927 SERMO
975 1887 1118 1927 XLIII.

327 1981 415 2017 Pax
449 1981 554 2017 vobis
585 1981 671 2017 Joh.
706 1982 809 2027 XXO,
846 1991 913 2017 21.

327 2039 399 2075 Die
433 2041 673 2076 Parasceues
707 2039 858 2075 dictum
894 2048 951 2075 est
984 2040 1031 2076 de
1065 2039 1213 2075 Christi
1247 2039 1510 2077 tribulacione
1545 2050 1582 2078 et
1596 2048 1871 2089 Chrisz'stconffict

269 2097 331 2133 die
355 2098 505 2134 Pasche
529 2098 576 2133 de
599 2097 683 2134 eius
708 2097 1004 2144 consolacione,
1035 2097 1185 2134 scilicet
1208 2100 1413 2147 quomodo
1436 2099 1581 2136 veritas
1631 2085 1690 2111 ‘¹¹¹²'
1714 2089 1841 2121 wctory.

211 2159 252 2191 30
268 2164 305 2191 et
343 2155 492 2192 falsitas
532 2164 623 2192 sunt
662 2155 861 2192 contrarie
901 2165 937 2192 et
976 2156 1078 2192 inter
1116 2168 1156 2192 se
1196 2166 1464 2205 repugnantes
1498 2158 1581 2194 sine

268 2226 365 2261 pace
405 2214 628 2262 recipi-occu
674 2213 856 2251 Christus
896 2227 989 2261 ergo
1029 2227 1188 2250 summa
1225 2215 1372 2252 veritas
1415 2226 1451 2252 et
1489 2229 1579 2252 eum

267 2272 363 2308 false
397 2281 433 2308 et
472 2272 721 2308 atrocissime
755 2273 1034 2320 crucifigentes
1074 2282 1187 2309 erant
1220 2284 1503 2322 repugnantes,
1544 2284 1580 2310 et

268 2331 318 2366 ad
351 2339 510 2378 tempus
542 2330 686 2367 veritas
719 2330 759 2366 in
793 2344 913 2367 carne
947 2340 1153 2379 assumpta
1178 2341 1338 2368 mortua
1372 2341 1428 2368 est
1461 2346 1580 2381 agens

268 2401 340 2435 pro
373 2388 486 2425 nobis
519 2389 622 2425 bella
655 2388 884 2435 fortissima,
918 2390 985 2425 sed
1020 2389 1191 2425 finaliter
1212 2389 1305 2426 vicit
1337 2393 1581 2439 resurgendo

212 2450 290 2482 3521
324 2455 453 2482 morte
487 2446 666 2495 corporis
699 2448 749 2483 ad
781 2447 902 2483 vitam
939 2447 1062 2495 glorie
1096 2456 1132 2483 et
1162 2448 1272 2496 pacis
1305 2458 1497 2497 perpetue
1531 2451 1579 2486 ad

269 2505 373 2541 hunc
413 2504 532 2541 finem
566 2514 609 2541 ut
647 2518 738 2541 suos
773 2505 944 2553 eriperet
983 2507 1029 2541 de
1062 2514 1260 2553 potestate
1300 2506 1449 2543 diaboli
1483 2516 1520 2544 et
1559 2521 1579 2544 a

338 2636 356 2654 1.
391 2628 433 2654 I):
474 2628 633 2659 vendicast-
670 2628 709 2655 ib.
743 2628 785 2655 G:
819 2629 946 2656 [amisis.
1089 2639 1118 2662 4.
1152 2630 1259 2656 ADG:
1291 2630 1425 2657 secundo
1457 2634 1578 2664 quarto.

267 2662 290 2689 5.
314 2662 418 2690 DGH:
442 2663 559 2697 possit,-
585 2663 624 2690 ib.
647 2662 764 2690 Codd.:
792 2664 898 2691 tercio.
998 2672 1022 2698 7.
1046 2664 1118 2691 bG:
1145 2665 1189 2691 ad
1207 2665 1366 2692 lzonorem.
1457 2668 1484 2692 δ’.
1506 2666 1579 2692 mx:

266 2698 366 2729 primo
398 2698 462 2724 *lma
538 2706 570 2724 11.
594 2697 696 2731 llGH3
719 2701 806 2733 puto.
882 2698 919 2725 13.
943 2699 1014 2725 bo:
1043 2699 1152 2734 igilur.
1227 2699 1263 2726 15.
1287 2700 1389 2727 bGH:
1416 2708 1578 2727 servemus:

269 2734 307 2758 ιδ’.
326 2732 370 2759 (jo
397 2732 442 2759 d.:
465 2732 619 2759 mirando.
676 2741 721 2760 20.
737 2734 780 2759 A:
802 2734 832 2760 in
848 2733 1007 2760 bonorum.
1065 2742 1110 2760 22.
1126 2734 1165 2760 b:
1186 2734 1383 2766 .vlt.s·line}ld0;
1402 2735 1442 2761 ib.
1458 2736 1502 2762 A:
1526 2744 1580 2761 llos

262 2767 515 2802 peregrinante&
581 2775 628 2801 24.
645 2768 688 2794 H:
709 2769 792 2803 quod
805 2768 892 2795 nobis
905 2768 1064 2795 concedat.
1133 2768 1179 2795 26.
1198 2769 1220 2795 1)
1236 2769 1265 2796 in
1282 2778 1395 2803 marga
1420 2770 1579 2796 flaminica

268 2801 351 2835 (siem
374 2802 416 2828 H:
438 2802 546 2829 Serum
561 2808 606 2829 21.
680 2802 717 2829 31.
740 2802 813 2829 lJG:
834 2803 952 2838 igilur:
980 2804 1019 2829 ib.
1036 2803 1076 2829 b:
1099 2807 1128 2830 et
1147 2811 1231 2834 cum,-
1250 2805 1398 2831 correxit:
1421 2805 1579 2838 cassasse.

339 2884 390 2915 27.
420 2875 546 2916 Uospel
577 2874 629 2905 for
656 2873 727 2905 first
753 2876 893 2917 Sunday
922 2876 1006 2906 after
1034 2876 1163 2906 liaster.

1379 2936 1416 2961 qq
1432 2935 1445 2950 ἦ(
