2062 3276
155 498 230 529 Ful.

150 545 231 579 2ι)’,ἶ’“

191 891 229 911 10

190 1171 226 1202 15

181 2043 223 2074 30

180 2333 219 2366 35

248 249 383 278 sl-:Rmo
405 241 458 295 11.]
727 253 915 291 Qimn'm
947 254 1071 285 PAR&

247 357 373 401 bacie‚
409 358 564 406 collegii
598 360 658 395 vel
693 359 913 407 capellanie
948 360 1007 395 vel
1040 369 1233 407 perpetua
1264 361 1418 398 novitas
1452 372 1556 399 secte

246 417 428 452 fratrum.
464 416 610 452 Omnia
644 425 777 453 autem
812 416 886 453 ista
920 417 1103 454 videntur
1128 417 1247 454 michi
1273 421 1459 465 ponenda
1483 423 1554 456 sub

245 473 506 510 ordinacione
551 474 684 511 divina
729 483 765 510 et
813 487 886 523 pro
933 488 1055 523 parvo
1100 475 1325 512 meditullio
1365 478 1558 525 temporis

246 533 488 580 sperandum
524 531 743 569 instancius
777 534 996 569 secundum
1023 535 1131 582 quod
1156 536 1261 569 Deus
1291 530 1294 586 Ι
1324 533 1557 571 limitavcrit

245 602 315 638 per
347 589 524 637 graciam
557 591 617 626 vel
651 590 907 638 scripturam,
942 604 1022 627 non
1056 600 1190 628 autem
1222 594 1470 639 expectando
1494 593 1557 630 hic

244 647 554 696 perpetuitatem
589 649 649 684 vel
681 648 937 685 securitatem
974 649 1077 685 ultra
1118 650 1193 686 hoc
1234 651 1341 698 quod
1375 650 1557 687 Christus

245 705 477 742 limitaverit
522 708 827 754 expectandum,
873 707 942 743 sed
987 709 1095 756 quod
1140 716 1224 744 tota
1269 707 1464 745 securitas
1510 722 1557 746 ac

245 763 504 812 perpetuacio
549 765 748 812 speranda
794 773 851 800 est
897 774 986 812 post
1032 765 1137 802 diem
1182 765 1320 801 iudicii
1366 775 1402 802 et
1448 769 1554 815 quod

244 822 497 869 operandum
530 831 587 858 est
621 822 900 870 temporaliter
923 831 960 859 et
984 822 1180 860 instanter
1202 825 1422 860 secundum
1447 827 1555 872 quod

245 881 349 915 Deus
383 879 585 916 influxerit
620 879 763 916 viatori
803 880 1156 917 continuacionem
1194 890 1230 918 et
1266 882 1553 919 connexionem

244 950 425 985 operum.
472 940 573 974 Nam
619 937 924 975 ordinacionem
971 952 1092 987 quam
1127 941 1231 975 Deus
1271 939 1442 976 instituit
1483 954 1555 988 pro

244 996 327 1043 lege
380 995 502 1031 veteri
546 996 672 1033 voluit
716 1009 789 1044 pro
834 1009 905 1032 sua
953 997 1120 1045 periodo
1169 997 1391 1034 terminari.
1446 1001 1550 1046 Ergo

245 1054 371 1089 multo
405 1053 532 1101 magis
557 1056 661 1090 Deus
697 1054 937 1101 dedignatur
969 1068 1042 1103 pro
1075 1064 1259 1103 tempore
1293 1056 1388 1103 legis
1422 1057 1554 1104 gracie

244 1120 286 1148 ut
319 1112 441 1148 homo
474 1124 517 1148 ex
550 1125 620 1148 sua
654 1111 894 1149 auctoritate
939 1112 1111 1149 instituit
1156 1113 1405 1150 ceremonias
1450 1115 1553 1151 ultra

244 1170 318 1206 hoc
363 1171 472 1218 quod
512 1172 617 1207 Deus
662 1183 753 1207 suas
797 1169 969 1207 instituit
1012 1173 1244 1219 perdurare.
1299 1171 1554 1209 Subiciamus

243 1240 335 1275 crgo
368 1240 441 1264 nos
481 1227 646 1265 domino
685 1228 893 1277 temporis,
934 1231 1141 1277 operando
1175 1229 1367 1266 continuo
1402 1232 1552 1267 bonum

243 1287 351 1334 quod
371 1287 475 1322 Deus
499 1299 572 1334 pro
597 1286 788 1323 brevitate
811 1287 1007 1335 temporis
1031 1287 1285 1336 inspiraverit
1308 1288 1551 1325 faciendum.

301 1346 382 1380 Nec
421 1343 588 1380 dubium
629 1344 725 1393 quin
764 1344 803 1380 in
843 1345 1167 1393 sumptuositate,
1213 1345 1470 1394 preciositate
1516 1356 1553 1384 et

243 1401 542 1450 multiplicitate
574 1402 665 1439 talis
694 1402 847 1451 private
871 1403 1088 1440 elemosine
1112 1404 1334 1452 corporalis
1358 1404 1553 1453 contingit

243 1459 426 1496 homines
458 1459 629 1497 faciliter
663 1470 829 1509 propter
873 1460 1033 1498 inanem
1071 1461 1242 1509 gloriam
1281 1463 1342 1499 vel
1388 1475 1551 1500 causam

243 1517 494 1554 consimilem
528 1520 738 1561 ober1·are;
784 1519 874 1555 ideo
920 1519 1185 1556 insistendum
1231 1529 1288 1556 est
1334 1521 1552 1568 prudencie

243 1575 531 1613 moderaminis
565 1576 605 1613 in
637 1578 711 1613 hac
744 1586 870 1625 parte.
906 1579 1020 1614 Unde
1050 1579 1294 1615 attendendo
1319 1580 1369 1615 ad
1392 1579 1490 1615 ritus
1515 1588 1552 1616 et

241 1642 371 1670 cartas
404 1634 615 1671 hominum
648 1634 804 1671 videtur
837 1637 944 1683 quod
974 1635 1135 1684 sapiunt
1159 1636 1424 1683 blasfemiam,
1449 1637 1551 1674 sicut

240 1692 401 1740 sapiunt
445 1702 554 1729 carte
597 1693 780 1730 fratrum.
830 1693 935 1739 Quid
980 1694 1083 1731 enim
1130 1695 1233 1731 valet
1277 1697 1385 1744 quod
1430 1709 1551 1744 supra

241 1750 443 1787 Christum
478 1760 598 1800 atque
631 1752 837 1800 apostolos
871 1753 994 1789 homo
1027 1752 1177 1801 fragilis
1204 1752 1362 1790 ordinet
1397 1763 1433 1790 et
1457 1766 1551 1790 con-

240 1809 355 1845 cedat
389 1810 497 1857 quod
530 1809 570 1845 in
603 1809 671 1846 tali
706 1811 828 1846 domo
864 1819 1052 1847 maneant
1076 1820 1272 1859 perpetuo
1297 1811 1352 1848 sic
1375 1811 1550 1848 viventes

240 1875 276 1902 et
320 1868 367 1903 de
412 1866 492 1903 suis
540 1867 769 1904 elemosinis
817 1868 1006 1905 continue
1054 1869 1290 1906 sustentati?
1339 1870 1549 1906 ordinacio

240 1924 344 1961 enim
379 1925 469 1961 talis
501 1924 659 1962 videtur
691 1938 776 1962 esse
810 1926 975 1975 propria
1009 1927 1176 1964 domino
1209 1928 1416 1975 temporis,
1458 1940 1547 1964 cum

239 1982 329 2019 talis
363 1982 573 2020 ordinator
613 1984 889 2033 corruptibilis
928 1997 999 2022 nec
1040 1986 1158 2021 habet
1197 1994 1440 2033 potestatem
1479 2000 1549 2034 per

239 2049 396 2077 tantum
442 2041 636 2090 temporis
682 2055 802 2091 super
848 2042 963 2080 bonis
1009 2043 1186 2092 propriis
1233 2043 1433 2080 dominari
1475 2057 1547 2080 nec

239 2098 545 2136 ordinacionem
568 2101 688 2137 talem
715 2100 941 2138 rectificare
964 2103 1014 2138 ad
1038 2101 1306 2138 universalem
1330 2101 1546 2138 utilitatem

240 2156 449 2194 militantis
483 2158 649 2195 ecclesie
682 2171 755 2196 nec
788 2171 981 2207 personas
1015 2161 1275 2196 succedentes
1316 2159 1548 2208 dignificare

237 2224 279 2251 ut
312 2215 502 2252 continue
534 2229 605 2265 per
638 2225 796 2254 tantum
842 2217 1038 2266 temporis
1083 2217 1283 2266 recipiant
1327 2219 1426 2255 tales
1472 2219 1548 2255 ele-

239 2273 415 2310 mosinas
450 2274 604 2311 domini
638 2275 711 2321 sui,
746 2284 783 2312 et
816 2275 872 2312 sic
906 2275 1016 2312 mille
1041 2275 1182 2313 mediis
1208 2276 1404 2325 contingit
1426 2277 1545 2314 talem

237 2344 321 2368 esse
355 2332 602 2369 contrarium
637 2333 835 2370 voluntati
869 2343 906 2370 et
939 2334 1193 2371 ordinacioni
1226 2334 1370 2371 divine.

295 2390 392 2436 Quis
426 2403 519 2439 ergo
553 2391 705 2428 fructus
738 2393 799 2429 vel
832 2394 940 2441 quod
975 2392 1161 2429 meritum
1196 2401 1254 2429 est
1288 2393 1327 2429 in
1357 2392 1442 2429 istis
1465 2402 1546 2429 tam

237 2448 482 2497 presumptis
517 2449 760 2486 blasfemiis?
794 2450 962 2487 Videtur
984 2452 1100 2499 longe
1125 2451 1267 2487 melius
1291 2452 1399 2500 quod
1424 2452 1546 2487 homo

235 2505 340 2543 vivat
384 2507 663 2556 temporaliter
708 2517 746 2545 et
791 2517 1048 2557 expectantes
1095 2522 1117 2546 a
1163 2511 1246 2546 Deo
1296 2510 1418 2546 modo
1468 2522 1546 2558 quo

304 2684 331 2709 4.
353 2675 396 2703 D:
423 2676 572 2703 limitavit.
658 2684 686 2712 9.
707 2677 746 2705 F:
774 2676 962 2710 operandum
984 2681 1028 2705 est
1046 2678 1262 2713 spiritualiter.
1356 2687 1395 2705 10.
1418 2678 1457 2705 F:
1485 2678 1545 2704 via-

233 2714 347 2742 torem;
369 2710 467 2738 ADF:
490 2715 520 2738 et
538 2712 672 2744 viatim-13
691 2712 732 2739 ib.
754 2712 822 2739 DE:
843 2720 880 2739 ac
901 2713 1129 2740 connexionem.
1200 2721 1233 2740 11.
1254 2713 1299 2740 A:
1321 2713 1544 2748 operacionem.

235 2745 272 2773 13.
294 2745 333 2772 F:
361 2746 560 2780 degionatur.
645 2755 685 2779 14.
708 2746 776 2774 DE:
804 2748 990 2774 auctoritate
1009 2748 1192 2774 elemosinas
1212 2748 1304 2774 ultra.
1388 2748 1426 2775 18.
1449 2747 1486 2774 F:
1515 2747 1544 2773 in

234 2781 328 2808 deest⁴
427 2765 466 2815 fg,
487 2788 529 2816 19.
550 2782 593 2807 A:
618 2781 818 2816 preciosilate
838 2797 869 2801 „
890 2782 1063 2816 corporalis
1083 2782 1178 2821 deest.
1275 2789 1321 2815 24.
1343 2782 1383 2810 E:
1401 2781 1544 2816 fratrum

233 2815 459 2850 blasphemiam.
566 2815 608 2842 25.
630 2815 698 2843 DE:
726 2820 756 2843 et
773 2817 867 2843 deest.
976 2817 1021 2843 28.
1042 2816 1111 2844 Dh:
1140 2817 1210 2843 talis
1229 2816 1273 2843 sic
1292 2825 1358 2843 esse
1375 2820 1544 2878 perpetuo:

233 2849 256 2876 E
280 2849 309 2876 in
331 2858 444 2884 marg:
471 2850 567 2878 solam
588 2850 737 2887 competit.
817 2849 859 2879 33.
881 2851 919 2878 F:
949 2853 1076 2887 tempus.
1156 2850 1201 2885 34.
1224 2851 1262 2879 F:
1285 2851 1352 2878 Dei.
1453 2859 1477 2885 7.
1499 2852 1543 2877 A:

229 2885 455 2919 presumptivis.

1616 487 1672 514 We
1694 488 1803 515 should

1601 523 1684 549 work
1707 522 1753 549 sor
1774 523 1821 549 the

1585 556 1658 582 time
1679 557 1740 583 that
1764 558 1832 584 (lod

1597 590 1651 617 has
1671 591 1758 625 given
1782 601 1827 619 us.

1580 1239 1607 1266 A
1629 1247 1698 1266 man
1720 1245 1832 1267 cannot

1612 1275 1729 1301 contro!
1753 1275 1798 1301 liis

1633 1314 1780 1345 property

1604 1344 1734 1375 sorcvcr,
1757 1352 1813 1372 nor

1637 1386 1742 1406 secure
1762 1388 1777 1405 a

1592 1413 1768 1440 succession
1790 1415 1825 1441 ol*

1569 1456 1699 1483 persons
1720 1449 1840 1484 wortliy

1589 1487 1619 1509 to
1640 1483 1756 1510 receive
1777 1483 1824 1510 his

1663 1518 1744 1553 git'ts.
