2062 3276
199 289 272 323 166

273 2143 384 2178 quust

228 2179 385 2205 detention
407 2179 441 2206 of

280 2214 398 2240 sccular

210 2248 406 2283 possessions
429 2248 464 2281 tw

245 2283 293 2309 llic
314 2284 424 2319 clergy.

776 297 1000 328 „IOHANNIS
1019 297 1204 327 WYCLIF
1223 297 1479 328 SERMONUM
1539 284 1690 340 [SERMO
1712 295 1790 322 XIX.

481 403 552 438 Dei
588 403 762 438 deseruit
796 403 1003 448 satisfacit,
1038 416 1117 439 non
1151 404 1299 439 faciens
1332 403 1405 439 sibi
1440 403 1626 439 iniuriam
1661 405 1729 439 sed
1753 415 1793 439 se

482 460 611 508 ipsum
646 460 857 505 iustificat3
904 470 940 496 et
985 461 1040 497 sic
1081 461 1146 496 alii
1181 461 1247 509 qui
1282 461 1346 508 pia
1381 461 1608 497 intencione
1642 462 1791 497 clerum

483 518 657 566 spoliant
692 528 728 554 et
762 519 1010 566 compellunt
1044 518 1207 555 intrare.
1257 521 1305 554 Et
1337 518 1393 555 sic
1426 532 1561 555 verum
1597 529 1653 555 est
1687 519 1793 566 prin-

483 576 631 624 cipium
667 576 879 623 Augustini
914 576 1110 613 catholice
1143 576 1390 613 intellectum
1426 578 1532 625 quod
1567 590 1638 612 non
1663 577 1790 612 dimit-

480 635 577 670 titur
604 642 804 683 peccatum
840 635 913 670 nisi
944 635 1172 670 restituatur
1204 636 1389 681 ablatum,
1423 636 1531 683 quod
1565 644 1626 671 est
1660 635 1825 675 minuSS

482 692 643 728 evidens
678 693 724 727 de
758 692 1019 728 restitucione
1053 692 1258 729 individua
1299 694 1433 741 quoad
1472 693 1684 740 pecuniam
1719 706 1792 740 pro

480 763 559 798 qua
592 759 725 786 tamen
760 750 867 786 avari
903 759 938 786 et
972 750 1101 797 ignari
1135 750 1285 787 dictum
1320 750 1425 786 istud
1470 751 1599 787 solum
1647 750 1791 786 intelli—

480 816 589 856 gunt.
623 807 791 844 Videtur
825 821 917 855 ergo
951 821 1044 844 sane
1078 821 1193 856 posse
1226 808 1393 856 intelligi
1418 810 1465 845 de
1489 818 1657 856 peccato
1682 821 1790 845 com-

483 866 603 902 misso
638 865 676 901 in
702 868 828 902 Deum
865 875 901 902 et
926 879 1038 902 suam
1064 866 1290 910 ecclesiam,
1326 880 1415 902 cum
1441 867 1606 903 ecclesie
1630 875 1791 914 oportet

481 925 588 972 quod
624 923 690 960 fiat
724 924 930 960 restitucio
964 923 1057 960 boni
1092 923 1227 969 ablati,
1275 924 1306 960 si
1340 926 1456 961 debet
1491 924 1575 960 fieri
1610 924 1790 961 dimissio
1811 943 1848 963 10

481 983 613 1030 quoad
649 984 791 1028 Deum,
838 991 879 1018 ut
913 983 1075 1030 quando
1109 983 1232 1018 homo
1266 995 1335 1030 per
1376 982 1666 1019 contricionem
1701 991 1791 1030 post

481 1048 692 1088 peccatum
722 1040 764 1076 fit
791 1040 892 1076 filius
918 1040 1096 1085 ecclesie,
1122 1040 1389 1077 satisfactorie
1412 1040 1486 1076 sibi
1510 1040 1694 1076 restituat
1718 1053 1790 1088 pro

481 1097 626 1134 iniuria
660 1111 780 1146 quam
816 1098 1031 1139 commisit,
1076 1107 1112 1134 et
1151 1098 1231 1135 sive
1272 1111 1443 1146 persona
1476 1098 1525 1134 sit
1558 1107 1719 1134 mortua
1751 1098 1792 1134 in

482 1169 559 1204 qua
593 1155 816 1204 deliquerat
850 1157 929 1193 sive
962 1156 1167 1203 incognita
1191 1156 1270 1193 sive
1294 1158 1449 1201 absens,
1484 1157 1578 1193 satis
1603 1165 1659 1192 est
1683 1157 1791 1204 quod

481 1222 671 1262 peccator
703 1213 923 1250 satisfaciat
957 1216 1040 1250 Deo
1075 1223 1110 1250 et
1143 1227 1211 1251 sue
1245 1214 1411 1251 ecclesie
1444 1214 1484 1261 in
1517 1227 1616 1263 quos
1649 1221 1847 1262 peccat15

484 1285 530 1309 eo
563 1272 651 1320 ipso
685 1285 764 1319 quo
799 1271 980 1320 deliquit.

538 1331 696 1366 Taxans
729 1339 863 1366 autem
897 1329 1218 1366 satisfaccionem
1253 1331 1312 1367 vel
1346 1330 1646 1366 restitucionem
1683 1342 1791 1366 corn—

482 1389 631 1436 pletam
666 1396 722 1424 est
754 1388 982 1424 necessario
1016 1401 1195 1424 summus
1229 1388 1364 1433 iudex3
1411 1397 1447 1424 et
1492 1388 1568 1424 ista
1614 1396 1670 1424 est
1703 1400 1790 1424 sen-

483 1446 614 1482 tencia
647 1446 742 1482 satis
777 1458 932 1494 aspera,
980 1458 1069 1482 cum
1105 1447 1350 1493 degenerans
1384 1459 1406 1483 a
1438 1446 1519 1483 vita
1552 1445 1789 1494 apostolica,

483 1504 747 1552 relinquendo
792 1504 914 1541 vitam
961 1516 1181 1552 pauperem
1228 1513 1264 1540 et
1309 1504 1501 1540 humilem
1536 1516 1581 1540 ac
1614 1504 1789 1540 intentus
1809 1522 1850 1543 20

482 1563 617 1599 seculo
651 1563 991 1610 apprehendendo
1023 1562 1143 1599 vitam
1180 1563 1426 1599 mundanam
1468 1571 1504 1599 et
1534 1574 1789 1610 pomposam,

483 1633 524 1656 se
557 1620 689 1668 ipsum
722 1620 868 1667 spoliat
902 1629 939 1656 et
971 1620 1012 1656 in
1045 1629 1157 1668 parte
1191 1621 1400 1657 ecclesiam
1435 1633 1456 1656 a
1481 1619 1790 1657 conversacione

482 1678 675 1714 laudabili
710 1687 746 1714 et
781 1677 894 1714 bonis
927 1678 1059 1725 gracie
1092 1690 1168 1726 que
1201 1677 1401 1714 infinitum
1438 1688 1673 1727 exsuperant
1706 1691 1791 1714 om-
1808 1708 1869 1739 Fol

482 1736 548 1772 nia
594 1737 698 1772 bona
727 1732 731 1789 Ι
760 1736 936 1781 fortune3
983 1749 1056 1784 pro
1101 1736 1179 1772 illis
1219 1749 1313 1784 ergo
1359 1745 1520 1784 oportet
1567 1737 1675 1785 quod
1723 1735 1791 1772 fiat
1808 1731 1887 1786 gog}

483 1795 649 1831 omnino
682 1794 888 1831 restitucio
923 1795 1044 1830 modo
1078 1794 1205 1839 dict03
1255 1803 1290 1830 et
1337 1807 1426 1830 cum
1462 1794 1566 1830 idem
1602 1793 1788 1830 ultimum
1808 1800 1868 1832 25·

483 1852 683 1899 singulare
716 1865 798 1888 non
832 1861 965 1900 posset
998 1851 1166 1895 restitui,
1212 1851 1313 1888 sicut
1357 1852 1463 1888 idem
1509 1861 1667 1900 tempus
1709 1864 1790 1888 non

473 1919 606 1959 potest
640 1910 783 1955 redire,
819 1919 978 1958 oportet
1012 1911 1119 1957 quod
1153 1909 1218 1946 isti
1253 1909 1439 1957 coniugio
1463 1911 1655 1946 reddatur
1679 1909 1787 1958 equi-

474 1969 610 2004 valens
644 1969 778 2016 quoad
803 1970 944 2004 Deum.
979 1969 1056 2004 Sed
1089 1969 1297 2016 quomodo
1322 1970 1426 2004 Deus
1459 1968 1586 2004 iustus
1622 1967 1785 2004 habebit

475 2025 592 2062 istam
627 2026 930 2062 restitucionem
965 2025 1258 2073 equivalentem
1287 2026 1446 2071 delicto,
1481 2027 1575 2062 dum
1600 2034 1789 2074 peccator

475 2097 548 2120 nec
580 2083 733 2132 penitet
765 2096 838 2120 nec
872 2084 1083 2120 emendat?
1806 2091 1848 2122 ’50

533 2143 581 2178 Et
615 2143 754 2178 eadem
790 2151 846 2178 est
880 2141 1157 2178 consideracio
1192 2143 1239 2177 de
1262 2140 1410 2177 iniusta
1434 2141 1669 2178 detencione
1693 2141 1787 2178 cleri

477 2199 773 2246 possessionem
809 2199 962 2235 brachii
995 2199 1205 2244 secularis;
1238 2212 1319 2234 non
1352 2199 1456 2235 enim
1490 2199 1646 2235 videtur
1678 2201 1786 2247 quod

479 2258 606 2293 clerus
640 2257 812 2293 intendit
846 2257 1054 2293 restituere
1078 2258 1145 2292 sed
1171 2257 1338 2293 auferre.
1374 2258 1421 2292 Et
1445 2256 1475 2293 si
1500 2257 1657 2293 dicatur
1680 2259 1788 2305 quod

477 2315 584 2351 clero
638 2316 787 2351 donata
839 2324 930 2351 sunt
975 2316 1047 2351 hec
1091 2314 1333 2363 temporalia
1378 2323 1413 2351 et
1459 2315 1605 2362 partim
1653 2324 1787 2362 empta

476 2372 666 2419 legitime,
716 2381 826 2420 patet
859 2373 967 2421 quod
1000 2385 1082 2409 non
1113 2373 1217 2410 valet
1250 2373 1371 2409 stulta
1405 2372 1576 2409 donacio
1608 2372 1684 2409 nisi
1718 2386 1788 2420 per
1805 2377 1844 2410 35

476 2429 726 2478 impossibile
761 2430 896 2467 habita
929 2430 1097 2467 licencia
1131 2430 1284 2466 domini
1319 2430 1515 2478 capitalis.
1551 2433 1655 2467 Deus
1680 2430 1784 2467 enim

477 2487 585 2524 dedit
618 2488 788 2525 seculari
823 2488 989 2525 brachio
1023 2489 1201 2525 seculare
1235 2488 1459 2524 dominium
1485 2501 1528 2525 ex
1552 2488 1720 2536 integro,
1745 2496 1786 2524 ut

477 2554 586 2594 patet
621 2547 668 2582 de
700 2547 786 2594 lege
818 2546 942 2583 veteri
982 2546 1022 2582 in
1054 2547 1430 2583 Nabuchodonosor
1462 2545 1548 2584 Jere
1574 2575 1581 2582 .
1608 2576 1615 2583 .
1642 2575 1649 2582 .
1676 2575 1682 2582 .
1738 2547 1787 2582 Et

546 2675 571 2694 2.
592 2668 635 2695 A:
659 2668 754 2702 ipsam
774 2672 820 2697 et,-
841 2668 989 2703 iustificat
1007 2669 1099 2695 deest.
1156 2667 1180 2696 2³.
1198 2669 1221 2695 D
1238 2669 1267 2695 in
1284 2677 1379 2703 marg.
1398 2677 1482 2703 sup.:
1504 2669 1660 2696 restitucio
1680 2669 1784 2696 ablati.

477 2710 517 2729 io.
539 2704 584 2729 A:
606 2703 739 2730 dimisso.
816 2712 849 2730 11.
871 2703 895 2730 E
916 2704 944 2730 iu
967 2712 1080 2738 marga
1109 2702 1200 2730 Nota.
1282 2712 1323 2736 14.
1346 2703 1386 2730 D:
1414 2704 1581 2738 delinquat.
1655 2711 1694 2730 21.
1716 2703 1784 2730 DE:

475 2737 566 2764 vitam
586 2737 757 2764 humanam.
871 2738 914 2765 25.
936 2737 959 2764 E
979 2738 1007 2765 in
1032 2746 1143 2773 marga:
1173 2738 1213 2764 Se
1232 2738 1328 2772 {psum
1348 2738 1482 2773 spolians
1499 2745 1582 2773 papa
1603 2741 1632 2765 et
1650 2739 1679 2765 in
1697 2741 1787 2772 parte

474 2771 642 2799 ecclesiam.
716 2771 761 2798 30.
784 2773 827 2799 A:
849 2780 909 2799 non
925 2773 1050 2808 pelzl'lel.
1118 2771 1160 2799 35.
1184 2772 1207 2799 13
1226 2772 1255 2799 in
1279 2781 1392 2807 marg:
1414 2771 1520 2799 Clerus
1540 2773 1652 2800 iniuste
1672 2773 1788 2800 detinet

472 2807 691 2842 possessionem
711 2807 905 2833 mentm-ium.
962 2806 1006 2834 38.
1029 2806 1145 2834 Codd.:
1167 2807 1318 2840 Jereijmie]
1343 2807 1479 2842 sequitur
1500 2807 1621 2841 lacuna;
1645 2807 1684 2835 ib.
1706 2807 1730 2835 E
1751 2807 1780 2835 in

475 2849 588 2875 marg:
616 2840 694 2868 Nom
715 2843 852 2868 seculare
872 2842 1036 2869 brachimn.

540 2922 572 2953 4.
600 2913 632 2944 S.
660 2913 839 2954 Augustini
869 2913 974 2955 Epist.
1002 2913 1055 2944 ad.
1083 2914 1213 2945 Maced.
1243 2913 1356 2953 CLIII,
1383 2920 1468 2945 tom.
1496 2913 1532 2954 H,
1563 2913 1642 2946 532.
