<?xml version="1.0" encoding="UTF-8"?>
<!DOCTYPE html PUBLIC "-//W3C//DTD XHTML 1.0 Transitional//EN"
    "http://www.w3.org/TR/xhtml1/DTD/xhtml1-transitional.dtd">
<html xmlns="http://www.w3.org/1999/xhtml" xml:lang="en" lang="en">
 <head>
  <title>
</title>
<meta http-equiv="Content-Type" content="text/html;charset=utf-8" />
  <meta name='ocr-system' content='tesseract 3.04.00' />
  <meta name='ocr-capabilities' content='ocr_page ocr_carea ocr_par ocr_line ocrx_word'/>
</head>
<body>
  <div class='ocr_page' id='page_1' title='image "./iohanniswyclifse0704wycl_0314.png"; bbox 0 0 2062 3276; ppageno 0'>
   <div class='ocr_carea' id='block_1_1' title="bbox 154 279 234 316">
    <p class='ocr_par' dir='ltr' id='par_1_1' title="bbox 154 279 234 316">
     <span class='ocr_line' id='line_1_1' title="bbox 154 279 234 316; baseline -0.038 1"><span class='ocrx_word' id='word_1_1' title='bbox 154 279 234 316; x_wconf 73' lang='lat'>294</span> 
     </span>
    </p>
   </div>
   <div class='ocr_carea' id='block_1_2' title="bbox 154 622 428 694">
    <p class='ocr_par' dir='ltr' id='par_1_2' title="bbox 154 622 428 694">
     <span class='ocr_line' id='line_1_2' title="bbox 154 622 428 658; baseline -0.007 -7"><span class='ocrx_word' id='word_1_2' title='bbox 154 633 187 651; x_wconf 74' lang='lat' dir='ltr'>as</span> <span class='ocrx_word' id='word_1_3' title='bbox 201 629 231 651; x_wconf 93' lang='lat' dir='ltr'>to</span> <span class='ocrx_word' id='word_1_4' title='bbox 243 624 292 651; x_wconf 81' lang='lat' dir='ltr'>the</span> <span class='ocrx_word' id='word_1_5' title='bbox 304 622 428 658; x_wconf 75' lang='lat' dir='ltr'>Spirit&#39;s</span> 
     </span>
     <span class='ocr_line' id='line_1_3' title="bbox 183 666 392 694; baseline -0.005 -8"><span class='ocrx_word' id='word_1_6' title='bbox 183 666 392 694; x_wconf 79' lang='lat' dir='ltr'>governance;</span> 
     </span>
    </p>
   </div>
   <div class='ocr_carea' id='block_1_3' title="bbox 169 1260 427 1433">
    <p class='ocr_par' dir='ltr' id='par_1_3' title="bbox 169 1260 427 1356">
     <span class='ocr_line' id='line_1_4' title="bbox 215 1260 370 1286; baseline -0.006 0"><span class='ocrx_word' id='word_1_7' title='bbox 215 1269 248 1286; x_wconf 75' lang='lat' dir='ltr'>as</span> <span class='ocrx_word' id='word_1_8' title='bbox 269 1265 300 1286; x_wconf 89' lang='lat' dir='ltr'>to</span> <span class='ocrx_word' id='word_1_9' title='bbox 321 1260 370 1286; x_wconf 75' lang='lat' dir='ltr'>the</span> 
     </span>
     <span class='ocr_line' id='line_1_5' title="bbox 169 1294 427 1322; baseline -0.008 -1"><span class='ocrx_word' id='word_1_10' title='bbox 169 1294 371 1322; x_wconf 77' lang='lat' dir='ltr'>resurrection</span> <span class='ocrx_word' id='word_1_11' title='bbox 393 1294 427 1320; x_wconf 67' lang='grc' dir='ltr'>οῖ’</span> 
     </span>
     <span class='ocr_line' id='line_1_6' title="bbox 180 1328 404 1356; baseline -0.004 0"><span class='ocrx_word' id='word_1_12' title='bbox 180 1330 228 1356; x_wconf 81' lang='lat' dir='ltr'>the</span> <span class='ocrx_word' id='word_1_13' title='bbox 249 1328 324 1356; x_wconf 76' lang='lat' dir='ltr'>dead</span> <span class='ocrx_word' id='word_1_14' title='bbox 346 1328 404 1355; x_wconf 79' lang='lat' dir='ltr'>and</span> 
     </span>
    </p>

    <p class='ocr_par' dir='ltr' id='par_1_4' title="bbox 227 1364 362 1390">
     <span class='ocr_line' id='line_1_7' title="bbox 227 1364 362 1390; baseline -0.007 0"><span class='ocrx_word' id='word_1_15' title='bbox 227 1364 277 1390; x_wconf 76' lang='lat' dir='ltr'>the</span> <span class='ocrx_word' id='word_1_16' title='bbox 306 1364 362 1390; x_wconf 75' lang='lat' dir='ltr'>last</span> 
     </span>
    </p>

    <p class='ocr_par' dir='ltr' id='par_1_5' title="bbox 210 1398 378 1433">
     <span class='ocr_line' id='line_1_8' title="bbox 210 1398 378 1433; baseline -0.006 -8"><span class='ocrx_word' id='word_1_17' title='bbox 210 1398 378 1433; x_wconf 76' lang='lat' dir='ltr'>judgment.</span> 
     </span>
    </p>
   </div>
   <div class='ocr_carea' id='block_1_4' title="bbox 715 257 1748 316">
    <p class='ocr_par' dir='ltr' id='par_1_6' title="bbox 715 257 1748 316">
     <span class='ocr_line' id='line_1_9' title="bbox 715 257 1748 316; baseline -0.006 -10"><span class='ocrx_word' id='word_1_18' title='bbox 715 274 938 306; x_wconf 77' lang='lat' dir='ltr'>JOHANNIS</span> <span class='ocrx_word' id='word_1_19' title='bbox 957 274 1142 305; x_wconf 77' lang='lat' dir='ltr'>WYCLIF</span> <span class='ocrx_word' id='word_1_20' title='bbox 1161 273 1417 305; x_wconf 82' lang='lat' dir='ltr'>SERMONUM</span> <span class='ocrx_word' id='word_1_21' title='bbox 1443 257 1594 316; x_wconf 81' lang='lat' dir='ltr'>[SERMO</span> <span class='ocrx_word' id='word_1_22' title='bbox 1610 268 1748 297; x_wconf 72' lang='lat' dir='ltr'>XXXIV-</span> 
     </span>
    </p>
   </div>
   <div class='ocr_carea' id='block_1_5' title="bbox 436 378 1818 2626">
    <p class='ocr_par' dir='ltr' id='par_1_7' title="bbox 441 378 1760 603">
     <span class='ocr_line' id='line_1_10' title="bbox 441 378 1750 429; baseline -0.004 -11"><span class='ocrx_word' id='word_1_23' title='bbox 441 381 642 419; x_wconf 87' lang='lat' dir='ltr'>tirannide</span> <span class='ocrx_word' id='word_1_24' title='bbox 666 380 815 417; x_wconf 84' lang='lat' dir='ltr'>diaboli</span> <span class='ocrx_word' id='word_1_25' title='bbox 842 380 1066 429; x_wconf 82' lang='lat' dir='ltr'>captivatos</span> <span class='ocrx_word' id='word_1_26' title='bbox 1090 388 1127 416; x_wconf 90' lang='lat' dir='ltr'>et</span> <span class='ocrx_word' id='word_1_27' title='bbox 1150 379 1242 416; x_wconf 90' lang='lat' dir='ltr'>inde</span> <span class='ocrx_word' id='word_1_28' title='bbox 1264 387 1454 415; x_wconf 84' lang='lat' dir='ltr'>venturus</span> <span class='ocrx_word' id='word_1_29' title='bbox 1477 387 1535 415; x_wconf 89' lang='lat' dir='ltr'>est</span> <span class='ocrx_word' id='word_1_30' title='bbox 1557 378 1597 414; x_wconf 90' lang='lat' dir='ltr'>in</span> <span class='ocrx_word' id='word_1_31' title='bbox 1621 378 1750 414; x_wconf 84' lang='lat' dir='ltr'>forma</span> 
     </span>
     <span class='ocr_line' id='line_1_11' title="bbox 442 435 1751 484; baseline -0.004 -8"><span class='ocrx_word' id='word_1_32' title='bbox 442 439 616 477; x_wconf 87' lang='lat' dir='ltr'>hominis</span> <span class='ocrx_word' id='word_1_33' title='bbox 640 438 818 475; x_wconf 86' lang='lat' dir='ltr'>iudicare</span> <span class='ocrx_word' id='word_1_34' title='bbox 840 438 880 474; x_wconf 88' lang='lat' dir='ltr'>in</span> <span class='ocrx_word' id='word_1_35' title='bbox 903 438 966 475; x_wconf 91' lang='lat' dir='ltr'>die</span> <span class='ocrx_word' id='word_1_36' title='bbox 990 437 1120 474; x_wconf 87' lang='lat' dir='ltr'>finalis</span> <span class='ocrx_word' id='word_1_37' title='bbox 1143 436 1333 474; x_wconf 82' lang='lat' dir='ltr'>examinis</span> <span class='ocrx_word' id='word_1_38' title='bbox 1357 445 1438 473; x_wconf 90' lang='lat' dir='ltr'>tam</span> <span class='ocrx_word' id='word_1_39' title='bbox 1458 435 1751 484; x_wconf 83' lang='lat' dir='ltr'>predestinatos</span> 
     </span>
     <span class='ocr_line' id='line_1_12' title="bbox 442 493 1751 546; baseline -0.004 -12"><span class='ocrx_word' id='word_1_40' title='bbox 442 499 492 535; x_wconf 86' lang='lat' dir='ltr'>ad</span> <span class='ocrx_word' id='word_1_41' title='bbox 516 497 686 546; x_wconf 83' lang='lat' dir='ltr'>gloriam</span> <span class='ocrx_word' id='word_1_42' title='bbox 712 509 832 545; x_wconf 86' lang='lat' dir='ltr'>quam</span> <span class='ocrx_word' id='word_1_43' title='bbox 862 495 1058 545; x_wconf 86' lang='lat' dir='ltr'>prescitos</span> <span class='ocrx_word' id='word_1_44' title='bbox 1091 495 1351 533; x_wconf 88' lang='lat' dir='ltr'>retribuendo</span> <span class='ocrx_word' id='word_1_45' title='bbox 1374 493 1591 543; x_wconf 89' lang='lat' dir='ltr'>unicuique</span> <span class='ocrx_word' id='word_1_46' title='bbox 1613 506 1751 530; x_wconf 88' lang='lat' dir='ltr'>secun-</span> 
     </span>
     <span class='ocr_line' id='line_1_13' title="bbox 445 544 1760 603; baseline -0.002 -11"><span class='ocrx_word' id='word_1_47' title='bbox 445 558 540 592; x_wconf 91' lang='lat' dir='ltr'>dum</span> <span class='ocrx_word' id='word_1_48' title='bbox 574 554 818 603; x_wconf 85' lang='lat' dir='ltr'>exigenciam</span> <span class='ocrx_word' id='word_1_49' title='bbox 852 554 911 591; x_wconf 91' lang='lat' dir='ltr'>sui</span> <span class='ocrx_word' id='word_1_50' title='bbox 946 553 1090 590; x_wconf 87' lang='lat' dir='ltr'>meriti.</span> <span class='ocrx_word' id='word_1_51' title='bbox 1758 544 1760 546; x_wconf 12' lang='lat' dir='ltr'><em>V</em></span> 
     </span>
    </p>

    <p class='ocr_par' dir='ltr' id='par_1_8' title="bbox 442 610 1812 1240">
     <span class='ocr_line' id='line_1_14' title="bbox 502 610 1786 660; baseline -0.004 -10"><span class='ocrx_word' id='word_1_52' title='bbox 502 615 701 650; x_wconf 90' lang='lat' dir='ltr'>Debemus</span> <span class='ocrx_word' id='word_1_53' title='bbox 745 612 870 649; x_wconf 89' lang='lat' dir='ltr'>tercio</span> <span class='ocrx_word' id='word_1_54' title='bbox 916 613 1078 648; x_wconf 86' lang='lat' dir='ltr'>credere</span> <span class='ocrx_word' id='word_1_55' title='bbox 1110 611 1150 648; x_wconf 91' lang='lat' dir='ltr'>in</span> <span class='ocrx_word' id='word_1_56' title='bbox 1183 610 1377 660; x_wconf 87' lang='lat' dir='ltr'>Spiritum</span> <span class='ocrx_word' id='word_1_57' title='bbox 1412 611 1604 647; x_wconf 85' lang='lat' dir='ltr'>Sanctum</span> <span class='ocrx_word' id='word_1_58' title='bbox 1644 610 1786 657; x_wconf 80' lang='lat' dir='ltr'>quod5</span> 
     </span>
     <span class='ocr_line' id='line_1_15' title="bbox 443 666 1753 721; baseline -0.004 -13"><span class='ocrx_word' id='word_1_59' title='bbox 443 674 637 721; x_wconf 82' lang='lat' dir='ltr'>gubernat</span> <span class='ocrx_word' id='word_1_60' title='bbox 671 670 881 708; x_wconf 87' lang='lat' dir='ltr'>ecclesiam</span> <span class='ocrx_word' id='word_1_61' title='bbox 923 669 1164 706; x_wconf 84' lang='lat' dir='ltr'>catholicam</span> <span class='ocrx_word' id='word_1_62' title='bbox 1209 680 1334 717; x_wconf 88' lang='lat' dir='ltr'>usque</span> <span class='ocrx_word' id='word_1_63' title='bbox 1378 669 1427 704; x_wconf 87' lang='lat' dir='ltr'>ad</span> <span class='ocrx_word' id='word_1_64' title='bbox 1474 668 1592 704; x_wconf 89' lang='lat' dir='ltr'>finem</span> <span class='ocrx_word' id='word_1_65' title='bbox 1630 666 1753 703; x_wconf 91' lang='lat' dir='ltr'>seculi</span> 
     </span>
     <span class='ocr_line' id='line_1_16' title="bbox 442 725 1753 779; baseline -0.004 -13"><span class='ocrx_word' id='word_1_66' title='bbox 442 730 708 779; x_wconf 85' lang='lat' dir='ltr'>profuturam,</span> <span class='ocrx_word' id='word_1_67' title='bbox 744 728 836 777; x_wconf 90' lang='lat' dir='ltr'>quia</span> <span class='ocrx_word' id='word_1_68' title='bbox 870 740 959 765; x_wconf 90' lang='lat' dir='ltr'>cum</span> <span class='ocrx_word' id='word_1_69' title='bbox 1001 727 1049 764; x_wconf 91' lang='lat' dir='ltr'>sit</span> <span class='ocrx_word' id='word_1_70' title='bbox 1083 728 1222 764; x_wconf 88' lang='lat' dir='ltr'>eadem</span> <span class='ocrx_word' id='word_1_71' title='bbox 1262 725 1492 763; x_wconf 85' lang='lat' dir='ltr'>substancia</span> <span class='ocrx_word' id='word_1_72' title='bbox 1531 726 1753 773; x_wconf 87' lang='lat' dir='ltr'>procedens</span> 
     </span>
     <span class='ocr_line' id='line_1_17' title="bbox 443 783 1754 834; baseline -0.005 -9"><span class='ocrx_word' id='word_1_73' title='bbox 443 802 465 825; x_wconf 84' lang='lat' dir='ltr'>a</span> <span class='ocrx_word' id='word_1_74' title='bbox 494 790 610 825; x_wconf 88' lang='lat' dir='ltr'>Patre</span> <span class='ocrx_word' id='word_1_75' title='bbox 644 796 681 823; x_wconf 91' lang='lat' dir='ltr'>et</span> <span class='ocrx_word' id='word_1_76' title='bbox 713 786 813 823; x_wconf 88' lang='lat' dir='ltr'>Filio</span> <span class='ocrx_word' id='word_1_77' title='bbox 845 795 888 822; x_wconf 90' lang='lat' dir='ltr'>ut</span> <span class='ocrx_word' id='word_1_78' title='bbox 910 798 988 822; x_wconf 87' lang='lat' dir='ltr'>uno</span> <span class='ocrx_word' id='word_1_79' title='bbox 1015 785 1227 834; x_wconf 86' lang='lat' dir='ltr'>principio,</span> <span class='ocrx_word' id='word_1_80' title='bbox 1251 784 1356 820; x_wconf 90' lang='lat' dir='ltr'>idem</span> <span class='ocrx_word' id='word_1_81' title='bbox 1391 793 1447 820; x_wconf 90' lang='lat' dir='ltr'>est</span> <span class='ocrx_word' id='word_1_82' title='bbox 1480 783 1673 820; x_wconf 89' lang='lat' dir='ltr'>iudicium</span> <span class='ocrx_word' id='word_1_83' title='bbox 1707 784 1754 819; x_wconf 93' lang='lat' dir='ltr'>de</span> 
     </span>
     <span class='ocr_line' id='line_1_18' title="bbox 442 842 1754 895; baseline -0.005 -13"><span class='ocrx_word' id='word_1_84' title='bbox 442 845 736 895; x_wconf 86' lang='lat' dir='ltr'>gubernacione</span> <span class='ocrx_word' id='word_1_85' title='bbox 769 843 955 880; x_wconf 88' lang='lat' dir='ltr'>clementi</span> <span class='ocrx_word' id='word_1_86' title='bbox 990 856 1059 892; x_wconf 92' lang='lat' dir='ltr'>per</span> <span class='ocrx_word' id='word_1_87' title='bbox 1083 842 1276 892; x_wconf 86' lang='lat' dir='ltr'>Spiritum</span> <span class='ocrx_word' id='word_1_88' title='bbox 1300 844 1491 879; x_wconf 87' lang='lat' dir='ltr'>Sanctum</span> <span class='ocrx_word' id='word_1_89' title='bbox 1527 850 1564 878; x_wconf 92' lang='lat' dir='ltr'>et</span> <span class='ocrx_word' id='word_1_90' title='bbox 1596 853 1754 878; x_wconf 89' lang='lat' dir='ltr'>conser-</span> 
     </span>
     <span class='ocr_line' id='line_1_19' title="bbox 442 900 1812 951; baseline -0.005 -10"><span class='ocrx_word' id='word_1_91' title='bbox 442 903 609 941; x_wconf 80' lang='lat' dir='ltr'>vacione</span> <span class='ocrx_word' id='word_1_92' title='bbox 642 915 712 951; x_wconf 91' lang='lat' dir='ltr'>per</span> <span class='ocrx_word' id='word_1_93' title='bbox 744 901 888 938; x_wconf 88' lang='lat' dir='ltr'>Filium</span> <span class='ocrx_word' id='word_1_94' title='bbox 929 914 975 938; x_wconf 89' lang='lat' dir='ltr'>ac</span> <span class='ocrx_word' id='word_1_95' title='bbox 1014 900 1222 938; x_wconf 85' lang='lat' dir='ltr'>creacione</span> <span class='ocrx_word' id='word_1_96' title='bbox 1260 912 1331 948; x_wconf 90' lang='lat' dir='ltr'>per</span> <span class='ocrx_word' id='word_1_97' title='bbox 1364 902 1535 936; x_wconf 87' lang='lat' dir='ltr'>Patrem.</span> <span class='ocrx_word' id='word_1_98' title='bbox 1581 901 1752 947; x_wconf 83' lang='lat' dir='ltr'>Oportet</span> <span class='ocrx_word' id='word_1_99' title='bbox 1773 911 1812 931; x_wconf 88' lang='lat'>10</span> 
     </span>
     <span class='ocr_line' id='line_1_20' title="bbox 442 956 1754 1008; baseline -0.005 -9"><span class='ocrx_word' id='word_1_100' title='bbox 442 963 618 999; x_wconf 86' lang='lat' dir='ltr'>secundo</span> <span class='ocrx_word' id='word_1_101' title='bbox 641 962 804 997; x_wconf 90' lang='lat' dir='ltr'>credere</span> <span class='ocrx_word' id='word_1_102' title='bbox 827 961 935 1008; x_wconf 90' lang='lat' dir='ltr'>quod</span> <span class='ocrx_word' id='word_1_103' title='bbox 957 971 1076 996; x_wconf 90' lang='lat' dir='ltr'>omne</span> <span class='ocrx_word' id='word_1_104' title='bbox 1099 960 1323 995; x_wconf 84' lang='lat' dir='ltr'>membrum</span> <span class='ocrx_word' id='word_1_105' title='bbox 1350 957 1514 994; x_wconf 90' lang='lat' dir='ltr'>ecclesie</span> <span class='ocrx_word' id='word_1_106' title='bbox 1532 956 1754 994; x_wconf 90' lang='lat' dir='ltr'>communi-</span> 
     </span>
     <span class='ocr_line' id='line_1_21' title="bbox 444 1014 1753 1066; baseline -0.005 -9"><span class='ocrx_word' id='word_1_107' title='bbox 444 1029 507 1057; x_wconf 86' lang='lat' dir='ltr'>cat</span> <span class='ocrx_word' id='word_1_108' title='bbox 546 1018 710 1056; x_wconf 87' lang='lat' dir='ltr'>cuilibet</span> <span class='ocrx_word' id='word_1_109' title='bbox 754 1027 836 1054; x_wconf 89' lang='lat' dir='ltr'>tam</span> <span class='ocrx_word' id='word_1_110' title='bbox 875 1017 915 1054; x_wconf 90' lang='lat' dir='ltr'>in</span> <span class='ocrx_word' id='word_1_111' title='bbox 955 1016 1098 1054; x_wconf 88' lang='lat' dir='ltr'>merito</span> <span class='ocrx_word' id='word_1_112' title='bbox 1139 1029 1258 1066; x_wconf 90' lang='lat' dir='ltr'>quam</span> <span class='ocrx_word' id='word_1_113' title='bbox 1300 1015 1510 1058; x_wconf 75' lang='lat' dir='ltr'>demerito,</span> <span class='ocrx_word' id='word_1_114' title='bbox 1556 1014 1611 1051; x_wconf 90' lang='lat' dir='ltr'>sic</span> <span class='ocrx_word' id='word_1_115' title='bbox 1644 1015 1753 1063; x_wconf 89' lang='lat' dir='ltr'>quod</span> 
     </span>
     <span class='ocr_line' id='line_1_22' title="bbox 444 1073 1754 1124; baseline -0.005 -9"><span class='ocrx_word' id='word_1_116' title='bbox 444 1090 564 1115; x_wconf 91' lang='lat' dir='ltr'>omne</span> <span class='ocrx_word' id='word_1_117' title='bbox 609 1077 834 1113; x_wconf 79' lang='lat' dir='ltr'>membrum</span> <span class='ocrx_word' id='word_1_118' title='bbox 888 1077 1052 1124; x_wconf 90' lang='lat' dir='ltr'>prodest</span> <span class='ocrx_word' id='word_1_119' title='bbox 1095 1075 1156 1111; x_wconf 75' lang='lat' dir='ltr'>vel</span> <span class='ocrx_word' id='word_1_120' title='bbox 1200 1082 1318 1110; x_wconf 91' lang='lat' dir='ltr'>nocet</span> <span class='ocrx_word' id='word_1_121' title='bbox 1363 1073 1536 1110; x_wconf 89' lang='lat' dir='ltr'>cuilibet.</span> <span class='ocrx_word' id='word_1_122' title='bbox 1584 1073 1754 1121; x_wconf 88' lang='lat' dir='ltr'>Oportet</span> 
     </span>
     <span class='ocr_line' id='line_1_23' title="bbox 445 1131 1752 1182; baseline -0.005 -10"><span class='ocrx_word' id='word_1_123' title='bbox 445 1136 569 1173; x_wconf 91' lang='lat' dir='ltr'>tercio</span> <span class='ocrx_word' id='word_1_124' title='bbox 593 1136 754 1172; x_wconf 89' lang='lat' dir='ltr'>credere</span> <span class='ocrx_word' id='word_1_125' title='bbox 778 1135 886 1182; x_wconf 89' lang='lat' dir='ltr'>quod</span> <span class='ocrx_word' id='word_1_126' title='bbox 909 1133 1054 1170; x_wconf 87' lang='lat' dir='ltr'>virtute</span> <span class='ocrx_word' id='word_1_127' title='bbox 1078 1132 1209 1169; x_wconf 89' lang='lat' dir='ltr'>meriti</span> <span class='ocrx_word' id='word_1_128' title='bbox 1232 1131 1381 1169; x_wconf 89' lang='lat' dir='ltr'>Christi</span> <span class='ocrx_word' id='word_1_129' title='bbox 1403 1144 1522 1168; x_wconf 91' lang='lat' dir='ltr'>omne</span> <span class='ocrx_word' id='word_1_130' title='bbox 1545 1139 1752 1179; x_wconf 84' lang='lat' dir='ltr'>peccatum</span> 
     </span>
     <span class='ocr_line' id='line_1_24' title="bbox 446 1189 1812 1240; baseline -0.005 -9"><span class='ocrx_word' id='word_1_131' title='bbox 446 1194 545 1231; x_wconf 85' lang='lat' dir='ltr'>citra</span> <span class='ocrx_word' id='word_1_132' title='bbox 579 1193 739 1229; x_wconf 90' lang='lat' dir='ltr'>finalem</span> <span class='ocrx_word' id='word_1_133' title='bbox 774 1191 1101 1240; x_wconf 84' lang='lat' dir='ltr'>impenitenciam</span> <span class='ocrx_word' id='word_1_134' title='bbox 1135 1191 1184 1227; x_wconf 89' lang='lat' dir='ltr'>sit</span> <span class='ocrx_word' id='word_1_135' title='bbox 1217 1189 1467 1227; x_wconf 88' lang='lat' dir='ltr'>remissibile.</span> <span class='ocrx_word' id='word_1_136' title='bbox 1775 1189 1812 1221; x_wconf 76' lang='lat'>15</span> 
     </span>
    </p>

    <p class='ocr_par' dir='ltr' id='par_1_9' title="bbox 436 1245 1815 1867">
     <span class='ocr_line' id='line_1_25' title="bbox 507 1245 1756 1299; baseline -0.004 -12"><span class='ocrx_word' id='word_1_137' title='bbox 507 1254 661 1297; x_wconf 80' lang='lat' dir='ltr'>Quarto</span> <span class='ocrx_word' id='word_1_138' title='bbox 693 1258 853 1299; x_wconf 87' lang='lat' dir='ltr'>oportet</span> <span class='ocrx_word' id='word_1_139' title='bbox 877 1250 1038 1286; x_wconf 90' lang='lat' dir='ltr'>credere</span> <span class='ocrx_word' id='word_1_140' title='bbox 1061 1250 1167 1297; x_wconf 89' lang='lat' dir='ltr'>quod</span> <span class='ocrx_word' id='word_1_141' title='bbox 1192 1247 1265 1285; x_wconf 89' lang='lat' dir='ltr'>erit</span> <span class='ocrx_word' id='word_1_142' title='bbox 1287 1247 1482 1296; x_wconf 88' lang='lat' dir='ltr'>generalis</span> <span class='ocrx_word' id='word_1_143' title='bbox 1511 1245 1756 1283; x_wconf 88' lang='lat' dir='ltr'>resurreccio</span> 
     </span>
     <span class='ocr_line' id='line_1_26' title="bbox 448 1304 1755 1353; baseline -0.004 -8"><span class='ocrx_word' id='word_1_144' title='bbox 448 1319 699 1346; x_wconf 86' lang='lat' dir='ltr'>mortuorum</span> <span class='ocrx_word' id='word_1_145' title='bbox 734 1317 771 1345; x_wconf 90' lang='lat' dir='ltr'>et</span> <span class='ocrx_word' id='word_1_146' title='bbox 803 1307 993 1344; x_wconf 88' lang='lat' dir='ltr'>iudicium</span> <span class='ocrx_word' id='word_1_147' title='bbox 1028 1306 1215 1343; x_wconf 89' lang='lat' dir='ltr'>ultimum</span> <span class='ocrx_word' id='word_1_148' title='bbox 1255 1307 1472 1343; x_wconf 87' lang='lat' dir='ltr'>secundum</span> <span class='ocrx_word' id='word_1_149' title='bbox 1513 1304 1755 1353; x_wconf 84' lang='lat' dir='ltr'>exigenciam</span> 
     </span>
     <span class='ocr_line' id='line_1_27' title="bbox 449 1363 1757 1414; baseline -0.004 -11"><span class='ocrx_word' id='word_1_150' title='bbox 449 1367 697 1405; x_wconf 87' lang='lat' dir='ltr'>meritorum.</span> <span class='ocrx_word' id='word_1_151' title='bbox 731 1368 779 1402; x_wconf 88' lang='lat' dir='ltr'>Et</span> <span class='ocrx_word' id='word_1_152' title='bbox 802 1365 942 1414; x_wconf 87' lang='lat' dir='ltr'>quinto</span> <span class='ocrx_word' id='word_1_153' title='bbox 965 1374 1124 1414; x_wconf 88' lang='lat' dir='ltr'>oportet</span> <span class='ocrx_word' id='word_1_154' title='bbox 1147 1365 1309 1401; x_wconf 89' lang='lat' dir='ltr'>credere</span> <span class='ocrx_word' id='word_1_155' title='bbox 1333 1365 1440 1412; x_wconf 89' lang='lat' dir='ltr'>quod</span> <span class='ocrx_word' id='word_1_156' title='bbox 1464 1363 1567 1399; x_wconf 86' lang='lat' dir='ltr'>sicut</span> <span class='ocrx_word' id='word_1_157' title='bbox 1588 1371 1757 1399; x_wconf 87' lang='lat' dir='ltr'>testatur</span> 
     </span>
     <span class='ocr_line' id='line_1_28' title="bbox 446 1420 1756 1474; baseline -0.005 -12"><span class='ocrx_word' id='word_1_158' title='bbox 446 1426 663 1474; x_wconf 74' lang='lat' dir='ltr'>Apostolus</span> <span class='ocrx_word' id='word_1_159' title='bbox 708 1427 752 1461; x_wconf 91' lang='grc' dir='ltr'>ΙΙ.</span> <span class='ocrx_word' id='word_1_160' title='bbox 793 1425 884 1460; x_wconf 88' lang='lat' dir='ltr'>Cor.</span> <span class='ocrx_word' id='word_1_161' title='bbox 916 1425 985 1469; x_wconf 76' lang='lat' dir='ltr'>VO,</span> <span class='ocrx_word' id='word_1_162' title='bbox 1027 1436 1091 1460; x_wconf 91' lang='lat'>10:</span> <span class='ocrx_word' id='word_1_163' title='bbox 1143 1423 1284 1459; x_wconf 81' lang='lat' dir='ltr'>Omnes</span> <span class='ocrx_word' id='word_1_164' title='bbox 1330 1434 1397 1458; x_wconf 80' lang='lat' dir='ltr'>nos</span> <span class='ocrx_word' id='word_1_165' title='bbox 1443 1429 1593 1471; x_wconf 81' lang='lat' dir='ltr'>oportet</span> <span class='ocrx_word' id='word_1_166' title='bbox 1637 1420 1756 1456; x_wconf 87' lang='lat' dir='ltr'>mani-</span> 
     </span>
     <span class='ocr_line' id='line_1_29' title="bbox 436 1479 1815 1533; baseline -0.007 -14"><span class='ocrx_word' id='word_1_167' title='bbox 436 1484 587 1533; x_wconf 75' lang='lat' dir='ltr'>festari</span> <span class='ocrx_word' id='word_1_168' title='bbox 616 1490 702 1519; x_wconf 77' lang='lat' dir='ltr'>ante</span> <span class='ocrx_word' id='word_1_169' title='bbox 733 1482 903 1518; x_wconf 83' lang='lat' dir='ltr'>tribunal</span> <span class='ocrx_word' id='word_1_170' title='bbox 940 1481 1088 1517; x_wconf 80' lang='lat' dir='ltr'>Christi</span> <span class='ocrx_word' id='word_1_171' title='bbox 1118 1488 1156 1516; x_wconf 84' lang='lat' dir='ltr'>ut</span> <span class='ocrx_word' id='word_1_172' title='bbox 1196 1481 1345 1529; x_wconf 80' lang='lat' dir='ltr'>reserat</span> <span class='ocrx_word' id='word_1_173' title='bbox 1382 1479 1635 1528; x_wconf 78' lang='lat' dir='ltr'>unusquisque</span> <span class='ocrx_word' id='word_1_174' title='bbox 1662 1490 1757 1527; x_wconf 85' lang='lat' dir='ltr'>pro-</span> <span class='ocrx_word' id='word_1_175' title='bbox 1774 1489 1815 1510; x_wconf 85' lang='lat'>20</span> 
     </span>
     <span class='ocr_line' id='line_1_30' title="bbox 449 1536 1757 1591; baseline -0.005 -14"><span class='ocrx_word' id='word_1_176' title='bbox 449 1550 487 1577; x_wconf 81' lang='lat' dir='ltr'>ut</span> <span class='ocrx_word' id='word_1_177' title='bbox 521 1542 580 1577; x_wconf 80' lang='lat' dir='ltr'>hic</span> <span class='ocrx_word' id='word_1_178' title='bbox 611 1541 732 1591; x_wconf 71' lang='lat' dir='ltr'>gessit</span> <span class='ocrx_word' id='word_1_179' title='bbox 764 1541 799 1576; x_wconf 86' lang='lat' dir='ltr'>in</span> <span class='ocrx_word' id='word_1_180' title='bbox 833 1552 948 1589; x_wconf 77' lang='lat' dir='ltr'>opere</span> <span class='ocrx_word' id='word_1_181' title='bbox 979 1540 1058 1576; x_wconf 77' lang='lat' dir='ltr'>sive</span> <span class='ocrx_word' id='word_1_182' title='bbox 1089 1540 1226 1575; x_wconf 82' lang='lat' dir='ltr'>bonum</span> <span class='ocrx_word' id='word_1_183' title='bbox 1259 1539 1338 1575; x_wconf 71' lang='lat' dir='ltr'>sive</span> <span class='ocrx_word' id='word_1_184' title='bbox 1367 1538 1532 1582; x_wconf 60' lang='lat' dir='ltr'>malrum</span> <span class='ocrx_word' id='word_1_185' title='bbox 1563 1536 1618 1573; x_wconf 92' lang='lat' dir='ltr'>sic</span> <span class='ocrx_word' id='word_1_186' title='bbox 1652 1538 1757 1572; x_wconf 88' lang='lat' dir='ltr'>Deus</span> 
     </span>
     <span class='ocr_line' id='line_1_31' title="bbox 449 1593 1757 1646; baseline -0.005 -11"><span class='ocrx_word' id='word_1_187' title='bbox 449 1599 561 1635; x_wconf 90' lang='lat' dir='ltr'>iustis</span> <span class='ocrx_word' id='word_1_188' title='bbox 600 1600 737 1635; x_wconf 83' lang='lat' dir='ltr'>reddet</span> <span class='ocrx_word' id='word_1_189' title='bbox 778 1611 850 1646; x_wconf 91' lang='lat' dir='ltr'>pro</span> <span class='ocrx_word' id='word_1_190' title='bbox 897 1596 1047 1634; x_wconf 88' lang='lat' dir='ltr'>meritis</span> <span class='ocrx_word' id='word_1_191' title='bbox 1085 1596 1255 1644; x_wconf 80' lang='lat' dir='ltr'>gloriam</span> <span class='ocrx_word' id='word_1_192' title='bbox 1294 1595 1595 1643; x_wconf 82' lang='lat' dir='ltr'>sempiternam,</span> <span class='ocrx_word' id='word_1_193' title='bbox 1642 1593 1757 1630; x_wconf 86' lang='lat' dir='ltr'>malis</span> 
     </span>
     <span class='ocr_line' id='line_1_32' title="bbox 449 1652 1757 1703; baseline -0.005 -9"><span class='ocrx_word' id='word_1_194' title='bbox 449 1670 540 1694; x_wconf 70' lang='lat' dir='ltr'>vero</span> <span class='ocrx_word' id='word_1_195' title='bbox 574 1656 746 1693; x_wconf 84' lang='lat' dir='ltr'>finaliter</span> <span class='ocrx_word' id='word_1_196' title='bbox 778 1655 975 1692; x_wconf 83' lang='lat' dir='ltr'>induratis</span> <span class='ocrx_word' id='word_1_197' title='bbox 1008 1654 1139 1703; x_wconf 81' lang='lat' dir='ltr'>ignem</span> <span class='ocrx_word' id='word_1_198' title='bbox 1173 1654 1407 1690; x_wconf 85' lang='lat' dir='ltr'>infernalem</span> <span class='ocrx_word' id='word_1_199' title='bbox 1443 1653 1526 1689; x_wconf 86' lang='lat' dir='ltr'>sine</span> <span class='ocrx_word' id='word_1_200' title='bbox 1560 1652 1636 1688; x_wconf 85' lang='lat' dir='ltr'>fine</span> <span class='ocrx_word' id='word_1_201' title='bbox 1670 1664 1757 1700; x_wconf 85' lang='lat' dir='ltr'>per-</span> 
     </span>
     <span class='ocr_line' id='line_1_33' title="bbox 451 1710 1755 1760; baseline -0.005 -9"><span class='ocrx_word' id='word_1_202' title='bbox 451 1728 684 1751; x_wconf 86' lang='lat' dir='ltr'>mansurum</span> <span class='ocrx_word' id='word_1_203' title='bbox 723 1715 941 1750; x_wconf 88' lang='lat' dir='ltr'>secundum</span> <span class='ocrx_word' id='word_1_204' title='bbox 975 1713 1071 1749; x_wconf 88' lang='lat' dir='ltr'>illud</span> <span class='ocrx_word' id='word_1_205' title='bbox 1103 1711 1295 1760; x_wconf 78' lang='lat' dir='ltr'>evangelii</span> <span class='ocrx_word' id='word_1_206' title='bbox 1324 1710 1491 1748; x_wconf 79' lang='lat' dir='ltr'>Matthei</span> <span class='ocrx_word' id='word_1_207' title='bbox 1522 1711 1658 1755; x_wconf 76' lang='lat' dir='ltr'>XXVO,</span> <span class='ocrx_word' id='word_1_208' title='bbox 1682 1711 1755 1755; x_wconf 76' lang='lat'>46:</span> 
     </span>
     <span class='ocr_line' id='line_1_34' title="bbox 450 1768 1815 1820; baseline -0.004 -12"><span class='ocrx_word' id='word_1_209' title='bbox 450 1774 559 1809; x_wconf 81' lang='lat' dir='ltr'>Ibunt</span> <span class='ocrx_word' id='word_1_210' title='bbox 592 1773 644 1808; x_wconf 83' lang='lat' dir='ltr'>hii</span> <span class='ocrx_word' id='word_1_211' title='bbox 674 1772 817 1808; x_wconf 79' lang='lat' dir='ltr'>scilicet</span> <span class='ocrx_word' id='word_1_212' title='bbox 850 1772 944 1808; x_wconf 75' lang='lat' dir='ltr'>mali</span> <span class='ocrx_word' id='word_1_213' title='bbox 973 1771 1008 1807; x_wconf 83' lang='lat' dir='ltr'>in</span> <span class='ocrx_word' id='word_1_214' title='bbox 1038 1770 1267 1820; x_wconf 77' lang='lat' dir='ltr'>supplicium</span> <span class='ocrx_word' id='word_1_215' title='bbox 1292 1777 1478 1816; x_wconf 82' lang='lat' dir='ltr'>eternum,</span> <span class='ocrx_word' id='word_1_216' title='bbox 1511 1768 1602 1805; x_wconf 81' lang='lat' dir='ltr'>iusti</span> <span class='ocrx_word' id='word_1_217' title='bbox 1631 1768 1815 1804; x_wconf 80' lang='lat' dir='ltr'>autem25</span> 
     </span>
     <span class='ocr_line' id='line_1_35' title="bbox 451 1831 851 1867; baseline -0.005 0"><span class='ocrx_word' id='word_1_218' title='bbox 451 1832 486 1867; x_wconf 81' lang='lat' dir='ltr'>in</span> <span class='ocrx_word' id='word_1_219' title='bbox 521 1831 635 1866; x_wconf 73' lang='lat' dir='ltr'>vitam</span> <span class='ocrx_word' id='word_1_220' title='bbox 669 1838 851 1866; x_wconf 78' lang='lat' dir='ltr'>eternam.</span> 
     </span>
    </p>

    <p class='ocr_par' dir='ltr' id='par_1_10' title="bbox 451 1885 1818 2398">
     <span class='ocr_line' id='line_1_36' title="bbox 509 1885 1756 1930; baseline -0.005 -6"><span class='ocrx_word' id='word_1_221' title='bbox 509 1891 586 1925; x_wconf 87' lang='lat' dir='ltr'>Ista</span> <span class='ocrx_word' id='word_1_222' title='bbox 632 1897 765 1924; x_wconf 84' lang='lat' dir='ltr'>autem</span> <span class='ocrx_word' id='word_1_223' title='bbox 813 1887 909 1924; x_wconf 93' lang='lat' dir='ltr'>fides</span> <span class='ocrx_word' id='word_1_224' title='bbox 956 1896 1015 1923; x_wconf 88' lang='lat' dir='ltr'>est</span> <span class='ocrx_word' id='word_1_225' title='bbox 1060 1885 1285 1923; x_wconf 84' lang='lat' dir='ltr'>necessaria</span> <span class='ocrx_word' id='word_1_226' title='bbox 1338 1886 1386 1921; x_wconf 85' lang='lat' dir='ltr'>ad</span> <span class='ocrx_word' id='word_1_227' title='bbox 1435 1885 1619 1930; x_wconf 84' lang='lat' dir='ltr'>salutem,</span> <span class='ocrx_word' id='word_1_228' title='bbox 1667 1896 1756 1919; x_wconf 89' lang='lat' dir='ltr'>cum</span> 
     </span>
     <span class='ocr_line' id='line_1_37' title="bbox 451 1942 1757 1994; baseline -0.005 -12"><span class='ocrx_word' id='word_1_229' title='bbox 451 1948 671 1983; x_wconf 87' lang='lat' dir='ltr'>secundum</span> <span class='ocrx_word' id='word_1_230' title='bbox 707 1946 946 1994; x_wconf 76' lang='lat' dir='ltr'>Apostolum</span> <span class='ocrx_word' id='word_1_231' title='bbox 980 1945 1028 1981; x_wconf 77' lang='lat' dir='ltr'>ad</span> <span class='ocrx_word' id='word_1_232' title='bbox 1067 1946 1186 1980; x_wconf 87' lang='lat' dir='ltr'>Hebr.</span> <span class='ocrx_word' id='word_1_233' title='bbox 1217 1945 1303 1989; x_wconf 79' lang='lat' dir='ltr'>XIO,</span> <span class='ocrx_word' id='word_1_234' title='bbox 1338 1944 1360 1979; x_wconf 82' lang='lat'><strong>6</strong></span> <span class='ocrx_word' id='word_1_235' title='bbox 1395 1954 1543 1979; x_wconf 82' lang='lat' dir='ltr'>omnem</span> <span class='ocrx_word' id='word_1_236' title='bbox 1577 1942 1757 1977; x_wconf 83' lang='lat' dir='ltr'>acceden-</span> 
     </span>
     <span class='ocr_line' id='line_1_38' title="bbox 451 2002 1760 2053; baseline -0.005 -13"><span class='ocrx_word' id='word_1_237' title='bbox 451 2013 524 2040; x_wconf 80' lang='lat' dir='ltr'>tem</span> <span class='ocrx_word' id='word_1_238' title='bbox 558 2005 610 2040; x_wconf 76' lang='lat' dir='ltr'>ad</span> <span class='ocrx_word' id='word_1_239' title='bbox 642 2005 766 2040; x_wconf 78' lang='lat' dir='ltr'>Deum</span> <span class='ocrx_word' id='word_1_240' title='bbox 806 2010 956 2053; x_wconf 76' lang='lat' dir='ltr'>oportet</span> <span class='ocrx_word' id='word_1_241' title='bbox 995 2003 1156 2039; x_wconf 81' lang='lat' dir='ltr'>credere</span> <span class='ocrx_word' id='word_1_242' title='bbox 1198 2002 1283 2050; x_wconf 79' lang='lat' dir='ltr'>quia</span> <span class='ocrx_word' id='word_1_243' title='bbox 1323 2008 1377 2037; x_wconf 80' lang='lat' dir='ltr'>est</span> <span class='ocrx_word' id='word_1_244' title='bbox 1416 2008 1450 2037; x_wconf 85' lang='lat' dir='ltr'>et</span> <span class='ocrx_word' id='word_1_245' title='bbox 1489 2007 1760 2036; x_wconf 79' lang='lat' dir='ltr'>remunerator</span> 
     </span>
     <span class='ocr_line' id='line_1_39' title="bbox 451 2056 1818 2109; baseline -0.005 -11"><span class='ocrx_word' id='word_1_246' title='bbox 451 2063 636 2098; x_wconf 81' lang='lat' dir='ltr'>bonorum</span> <span class='ocrx_word' id='word_1_247' title='bbox 670 2062 729 2100; x_wconf 82' lang='lat' dir='ltr'>sit.</span> <span class='ocrx_word' id='word_1_248' title='bbox 777 2061 875 2107; x_wconf 87' lang='lat' dir='ltr'>Quis</span> <span class='ocrx_word' id='word_1_249' title='bbox 919 2060 1116 2109; x_wconf 81' lang='lat' dir='ltr'>(inquam)</span> <span class='ocrx_word' id='word_1_250' title='bbox 1164 2059 1343 2107; x_wconf 82' lang='lat' dir='ltr'>diligeret</span> <span class='ocrx_word' id='word_1_251' title='bbox 1392 2060 1518 2095; x_wconf 87' lang='lat' dir='ltr'>Deum</span> <span class='ocrx_word' id='word_1_252' title='bbox 1561 2056 1636 2093; x_wconf 90' lang='lat' dir='ltr'>nisi</span> <span class='ocrx_word' id='word_1_253' title='bbox 1682 2057 1759 2093; x_wconf 87' lang='lat' dir='ltr'>fide</span> <span class='ocrx_word' id='word_1_254' title='bbox 1776 2059 1818 2090; x_wconf 74' lang='lat'>30</span> 
     </span>
     <span class='ocr_line' id='line_1_40' title="bbox 453 2114 1758 2168; baseline -0.005 -12"><span class='ocrx_word' id='word_1_255' title='bbox 453 2121 581 2168; x_wconf 87' lang='lat' dir='ltr'>ipsum</span> <span class='ocrx_word' id='word_1_256' title='bbox 616 2119 847 2167; x_wconf 81' lang='lat' dir='ltr'>cognoverit</span> <span class='ocrx_word' id='word_1_257' title='bbox 880 2131 925 2155; x_wconf 83' lang='lat' dir='ltr'>ac</span> <span class='ocrx_word' id='word_1_258' title='bbox 949 2118 1036 2166; x_wconf 87' lang='lat' dir='ltr'>quis</span> <span class='ocrx_word' id='word_1_259' title='bbox 1065 2117 1139 2153; x_wconf 86' lang='lat' dir='ltr'>sibi</span> <span class='ocrx_word' id='word_1_260' title='bbox 1163 2117 1326 2153; x_wconf 86' lang='lat' dir='ltr'>serviret</span> <span class='ocrx_word' id='word_1_261' title='bbox 1349 2115 1423 2152; x_wconf 88' lang='lat' dir='ltr'>nisi</span> <span class='ocrx_word' id='word_1_262' title='bbox 1448 2114 1758 2152; x_wconf 88' lang='lat' dir='ltr'>retribucionem</span> 
     </span>
     <span class='ocr_line' id='line_1_41' title="bbox 453 2171 1760 2224; baseline -0.005 -10"><span class='ocrx_word' id='word_1_263' title='bbox 453 2179 501 2214; x_wconf 80' lang='lat' dir='ltr'>ab</span> <span class='ocrx_word' id='word_1_264' title='bbox 550 2190 596 2214; x_wconf 89' lang='lat' dir='ltr'>eo</span> <span class='ocrx_word' id='word_1_265' title='bbox 641 2176 856 2213; x_wconf 88' lang='lat' dir='ltr'>crediderit</span> <span class='ocrx_word' id='word_1_266' title='bbox 907 2185 944 2212; x_wconf 91' lang='lat' dir='ltr'>et</span> <span class='ocrx_word' id='word_1_267' title='bbox 994 2175 1159 2224; x_wconf 88' lang='lat' dir='ltr'>perinde</span> <span class='ocrx_word' id='word_1_268' title='bbox 1209 2174 1467 2223; x_wconf 86' lang='lat' dir='ltr'>punicionem</span> <span class='ocrx_word' id='word_1_269' title='bbox 1520 2171 1760 2209; x_wconf 84' lang='lat' dir='ltr'>demerentis</span> 
     </span>
     <span class='ocr_line' id='line_1_42' title="bbox 454 2230 1759 2283; baseline -0.005 -12"><span class='ocrx_word' id='word_1_270' title='bbox 454 2234 744 2283; x_wconf 76' lang='lat' dir='ltr'>expectaverit?</span> <span class='ocrx_word' id='word_1_271' title='bbox 789 2236 902 2271; x_wconf 89' lang='lat' dir='ltr'>Unde</span> <span class='ocrx_word' id='word_1_272' title='bbox 936 2233 975 2270; x_wconf 94' lang='lat' dir='ltr'>in</span> <span class='ocrx_word' id='word_1_273' title='bbox 1008 2233 1165 2281; x_wconf 84' lang='lat' dir='ltr'>signum</span> <span class='ocrx_word' id='word_1_274' title='bbox 1207 2231 1454 2268; x_wconf 84' lang='lat' dir='ltr'>necessitatis</span> <span class='ocrx_word' id='word_1_275' title='bbox 1497 2230 1587 2266; x_wconf 84' lang='lat' dir='ltr'>fidei</span> <span class='ocrx_word' id='word_1_276' title='bbox 1620 2242 1759 2266; x_wconf 90' lang='lat' dir='ltr'>omnes</span> 
     </span>
     <span class='ocr_line' id='line_1_43' title="bbox 454 2289 1757 2341; baseline -0.005 -12"><span class='ocrx_word' id='word_1_277' title='bbox 454 2293 521 2341; x_wconf 86' lang='lat' dir='ltr'>qui</span> <span class='ocrx_word' id='word_1_278' title='bbox 545 2305 670 2329; x_wconf 81' lang='lat' dir='ltr'>annos</span> <span class='ocrx_word' id='word_1_279' title='bbox 695 2291 955 2329; x_wconf 86' lang='lat' dir='ltr'>discrecionis</span> <span class='ocrx_word' id='word_1_280' title='bbox 978 2291 1198 2339; x_wconf 87' lang='lat' dir='ltr'>attigerunt</span> <span class='ocrx_word' id='word_1_281' title='bbox 1223 2291 1368 2326; x_wconf 89' lang='lat' dir='ltr'>debent</span> <span class='ocrx_word' id='word_1_282' title='bbox 1391 2289 1619 2337; x_wconf 78' lang='lat' dir='ltr'>symbolum</span> <span class='ocrx_word' id='word_1_283' title='bbox 1643 2300 1757 2323; x_wconf 88' lang='lat' dir='ltr'>suum</span> 
     </span>
     <span class='ocr_line' id='line_1_44' title="bbox 456 2346 1817 2398; baseline -0.007 -11"><span class='ocrx_word' id='word_1_284' title='bbox 456 2363 708 2398; x_wconf 88' lang='lat' dir='ltr'>cognoscere.</span> <span class='ocrx_word' id='word_1_285' title='bbox 1776 2346 1817 2379; x_wconf 76' lang='lat'>35</span> 
     </span>
    </p>

    <p class='ocr_par' dir='ltr' id='par_1_11' title="bbox 454 2403 1761 2626">
     <span class='ocr_line' id='line_1_45' title="bbox 513 2403 1761 2456; baseline -0.005 -12"><span class='ocrx_word' id='word_1_286' title='bbox 513 2411 616 2444; x_wconf 88' lang='lat' dir='ltr'>Inter</span> <span class='ocrx_word' id='word_1_287' title='bbox 649 2407 726 2445; x_wconf 83' lang='lat' dir='ltr'>alia</span> <span class='ocrx_word' id='word_1_288' title='bbox 759 2407 921 2456; x_wconf 86' lang='lat' dir='ltr'>quidem</span> <span class='ocrx_word' id='word_1_289' title='bbox 954 2406 993 2443; x_wconf 89' lang='lat' dir='ltr'>in</span> <span class='ocrx_word' id='word_1_290' title='bbox 1027 2406 1170 2454; x_wconf 85' lang='lat' dir='ltr'>quibus</span> <span class='ocrx_word' id='word_1_291' title='bbox 1211 2405 1307 2441; x_wconf 87' lang='lat' dir='ltr'>fides</span> <span class='ocrx_word' id='word_1_292' title='bbox 1347 2413 1403 2440; x_wconf 89' lang='lat' dir='ltr'>est</span> <span class='ocrx_word' id='word_1_293' title='bbox 1436 2403 1557 2447; x_wconf 75' lang='lat' dir='ltr'>utilis,</span> <span class='ocrx_word' id='word_1_294' title='bbox 1598 2404 1761 2451; x_wconf 83' lang='lat' dir='ltr'>prodest</span> 
     </span>
     <span class='ocr_line' id='line_1_46' title="bbox 454 2460 1760 2514; baseline -0.005 -12"><span class='ocrx_word' id='word_1_295' title='bbox 454 2466 692 2514; x_wconf 81' lang='lat' dir='ltr'>generaliter</span> <span class='ocrx_word' id='word_1_296' title='bbox 736 2467 785 2502; x_wconf 81' lang='lat' dir='ltr'>ad</span> <span class='ocrx_word' id='word_1_297' title='bbox 826 2466 897 2501; x_wconf 85' lang='lat' dir='ltr'>hec</span> <span class='ocrx_word' id='word_1_298' title='bbox 941 2464 1029 2508; x_wconf 87' lang='lat' dir='ltr'>tria,</span> <span class='ocrx_word' id='word_1_299' title='bbox 1076 2463 1207 2512; x_wconf 86' lang='lat' dir='ltr'>primo</span> <span class='ocrx_word' id='word_1_300' title='bbox 1251 2474 1391 2499; x_wconf 89' lang='lat' dir='ltr'>omnes</span> <span class='ocrx_word' id='word_1_301' title='bbox 1434 2470 1688 2509; x_wconf 84' lang='lat' dir='ltr'>regeneratos</span> <span class='ocrx_word' id='word_1_302' title='bbox 1722 2460 1760 2496; x_wconf 92' lang='lat' dir='ltr'>in</span> 
     </span>
     <span class='ocr_line' id='line_1_47' title="bbox 454 2519 1759 2567; baseline -0.005 -7"><span class='ocrx_word' id='word_1_303' title='bbox 454 2524 516 2560; x_wconf 80' lang='lat' dir='ltr'>via</span> <span class='ocrx_word' id='word_1_304' title='bbox 548 2524 739 2560; x_wconf 78' lang='lat' dir='ltr'>virtutum</span> <span class='ocrx_word' id='word_1_305' title='bbox 779 2522 965 2567; x_wconf 73' lang='lat' dir='ltr'>vivificat,</span> <span class='ocrx_word' id='word_1_306' title='bbox 1008 2523 1183 2558; x_wconf 89' lang='lat' dir='ltr'>secundo</span> <span class='ocrx_word' id='word_1_307' title='bbox 1216 2520 1368 2557; x_wconf 82' lang='lat' dir='ltr'>viantes</span> <span class='ocrx_word' id='word_1_308' title='bbox 1402 2521 1451 2556; x_wconf 82' lang='lat' dir='ltr'>ad</span> <span class='ocrx_word' id='word_1_309' title='bbox 1492 2519 1759 2555; x_wconf 75' lang='lat' dir='ltr'>invadendum</span> 
     </span>
     <span class='ocr_line' id='line_1_48' title="bbox 455 2566 1761 2626; baseline -0.005 -8"><span class='ocrx_word' id='word_1_310' title='bbox 455 2581 639 2618; x_wconf 90' lang='lat' dir='ltr'>inimicos</span> <span class='ocrx_word' id='word_1_311' title='bbox 663 2581 806 2618; x_wconf 78' lang='lat' dir='ltr'>excitat</span> <span class='ocrx_word' id='word_1_312' title='bbox 830 2589 866 2617; x_wconf 90' lang='lat' dir='ltr'>et</span> <span class='ocrx_word' id='word_1_313' title='bbox 890 2580 1105 2623; x_wconf 82' lang='lat' dir='ltr'>confortat,</span> <span class='ocrx_word' id='word_1_314' title='bbox 1126 2588 1161 2615; x_wconf 90' lang='lat' dir='ltr'>et</span> <span class='ocrx_word' id='word_1_315' title='bbox 1185 2578 1310 2615; x_wconf 88' lang='lat' dir='ltr'>tercio</span> <span class='ocrx_word' id='word_1_316' title='bbox 1334 2566 1582 2626; x_wconf 74' lang='lat' dir='ltr'>protegendo</span> <span class='ocrx_word' id='word_1_317' title='bbox 1606 2575 1761 2624; x_wconf 84' lang='lat' dir='ltr'>impug-</span> 
     </span>
    </p>
   </div>
   <div class='ocr_carea' id='block_1_6' title="bbox 454 2721 1766 2933">
    <p class='ocr_par' dir='ltr' id='par_1_12' title="bbox 454 2721 1766 2933">
     <span class='ocr_line' id='line_1_49' title="bbox 525 2721 1762 2759; baseline -0.004 -7"><span class='ocrx_word' id='word_1_318' title='bbox 525 2735 544 2753; x_wconf 86' lang='lat'>1.</span> <span class='ocrx_word' id='word_1_319' title='bbox 569 2726 609 2752; x_wconf 80' lang='grc' dir='ltr'>Η;</span> <span class='ocrx_word' id='word_1_320' title='bbox 632 2726 662 2752; x_wconf 85' lang='lat' dir='ltr'>in</span> <span class='ocrx_word' id='word_1_321' title='bbox 683 2726 776 2752; x_wconf 76' lang='lat' dir='ltr'>deest.</span> <span class='ocrx_word' id='word_1_322' title='bbox 833 2732 857 2751; x_wconf 79' lang='lat'>2.</span> <span class='ocrx_word' id='word_1_323' title='bbox 880 2723 1005 2759; x_wconf 73' lang='lat' dir='ltr'>Hzfina</span> <span class='ocrx_word' id='word_1_324' title='bbox 1028 2724 1110 2757; x_wconf 50' lang='lat' dir='ltr'>(sicu</span> <span class='ocrx_word' id='word_1_325' title='bbox 1131 2723 1200 2750; x_wconf 86' lang='lat' dir='ltr'>cod.</span> <span class='ocrx_word' id='word_1_326' title='bbox 1223 2724 1313 2750; x_wconf 80' lang='lat' dir='ltr'>blank</span> <span class='ocrx_word' id='word_1_327' title='bbox 1333 2731 1433 2758; x_wconf 79' lang='lat' dir='ltr'>space.</span> <span class='ocrx_word' id='word_1_328' title='bbox 1490 2721 1649 2749; x_wconf 72' lang='lat' dir='ltr'>11—13.A:</span> <span class='ocrx_word' id='word_1_329' title='bbox 1670 2721 1762 2748; x_wconf 82' lang='lat' dir='ltr'>eccle-</span> 
     </span>
     <span class='ocr_line' id='line_1_50' title="bbox 454 2756 1761 2794; baseline -0.003 -8"><span class='ocrx_word' id='word_1_330' title='bbox 454 2762 499 2788; x_wconf 74' lang='lat' dir='ltr'>sie</span> <span class='ocrx_word' id='word_1_331' title='bbox 518 2777 547 2779; x_wconf 94' lang='lat'>—</span> <span class='ocrx_word' id='word_1_332' title='bbox 571 2760 730 2787; x_wconf 74' lang='lat' dir='ltr'>membrum</span> <span class='ocrx_word' id='word_1_333' title='bbox 751 2760 844 2786; x_wconf 70' lang='lat' dir='ltr'>deest.</span> <span class='ocrx_word' id='word_1_334' title='bbox 919 2759 961 2786; x_wconf 76' lang='lat'>16.</span> <span class='ocrx_word' id='word_1_335' title='bbox 984 2759 1025 2786; x_wconf 81' lang='grc' dir='ltr'>Η;</span> <span class='ocrx_word' id='word_1_336' title='bbox 1047 2762 1074 2786; x_wconf 79' lang='lat' dir='ltr'>et</span> <span class='ocrx_word' id='word_1_337' title='bbox 1094 2762 1207 2794; x_wconf 70' lang='lat' dir='ltr'>quarto</span> <span class='ocrx_word' id='word_1_338' title='bbox 1298 2765 1338 2792; x_wconf 44' lang='lat'>¹9⁴</span> <span class='ocrx_word' id='word_1_339' title='bbox 1361 2757 1477 2784; x_wconf 83' lang='lat' dir='ltr'>Codd.:</span> <span class='ocrx_word' id='word_1_340' title='bbox 1501 2756 1571 2783; x_wconf 77' lang='lat' dir='ltr'>Cor.</span> <span class='ocrx_word' id='word_1_341' title='bbox 1594 2756 1630 2784; x_wconf 74' lang='lat' dir='ltr'>V.-</span> <span class='ocrx_word' id='word_1_342' title='bbox 1656 2756 1696 2782; x_wconf 79' lang='lat' dir='ltr'>ib.</span> <span class='ocrx_word' id='word_1_343' title='bbox 1717 2756 1761 2782; x_wconf 74' lang='lat' dir='ltr'>A:</span> 
     </span>
     <span class='ocr_line' id='line_1_51' title="bbox 457 2791 1766 2828; baseline -0.002 -9"><span class='ocrx_word' id='word_1_344' title='bbox 457 2797 569 2822; x_wconf 74' lang='lat' dir='ltr'>Omnes</span> <span class='ocrx_word' id='word_1_345' title='bbox 589 2794 693 2823; x_wconf 81' lang='lat' dir='ltr'>twice:</span> <span class='ocrx_word' id='word_1_346' title='bbox 714 2795 754 2821; x_wconf 84' lang='lat' dir='ltr'>ib.</span> <span class='ocrx_word' id='word_1_347' title='bbox 772 2794 813 2821; x_wconf 67' lang='lat' dir='ltr'>lt:</span> <span class='ocrx_word' id='word_1_348' title='bbox 835 2796 959 2828; x_wconf 77' lang='lat' dir='ltr'>oportet</span> <span class='ocrx_word' id='word_1_349' title='bbox 976 2794 1070 2820; x_wconf 76' lang='lat' dir='ltr'>deest.</span> <span class='ocrx_word' id='word_1_350' title='bbox 1135 2800 1180 2825; x_wconf 72' lang='lat'>24.</span> <span class='ocrx_word' id='word_1_351' title='bbox 1196 2792 1300 2819; x_wconf 62' lang='lat' dir='ltr'>Arte:</span> <span class='ocrx_word' id='word_1_352' title='bbox 1322 2791 1525 2827; x_wconf 67' lang='lat' dir='ltr'>emmgetimn.</span> <span class='ocrx_word' id='word_1_353' title='bbox 1590 2797 1633 2825; x_wconf 81' lang='lat'>27.</span> <span class='ocrx_word' id='word_1_354' title='bbox 1654 2791 1697 2816; x_wconf 75' lang='lat' dir='ltr'>A:</span> <span class='ocrx_word' id='word_1_355' title='bbox 1719 2792 1766 2816; x_wconf 79' lang='lat' dir='ltr'>est</span> 
     </span>
     <span class='ocr_line' id='line_1_52' title="bbox 455 2824 1762 2862; baseline -0.005 -6"><span class='ocrx_word' id='word_1_356' title='bbox 455 2829 541 2860; x_wconf 59' lang='lat' dir='ltr'>fider.</span> <span class='ocrx_word' id='word_1_357' title='bbox 596 2829 641 2856; x_wconf 64' lang='lat'>28.</span> <span class='ocrx_word' id='word_1_358' title='bbox 657 2830 702 2855; x_wconf 73' lang='lat' dir='ltr'>A:</span> <span class='ocrx_word' id='word_1_359' title='bbox 723 2828 766 2855; x_wconf 69' lang='lat' dir='ltr'>ad</span> <span class='ocrx_word' id='word_1_360' title='bbox 779 2830 872 2855; x_wconf 80' lang='lat' dir='ltr'>deest.</span> <span class='ocrx_word' id='word_1_361' title='bbox 930 2835 976 2862; x_wconf 76' lang='lat'>29.</span> <span class='ocrx_word' id='word_1_362' title='bbox 993 2828 1035 2854; x_wconf 71' lang='grc' dir='ltr'>Ηε</span> <span class='ocrx_word' id='word_1_363' title='bbox 1057 2831 1086 2854; x_wconf 73' lang='grc' dir='ltr'>(Ἰ</span> <span class='ocrx_word' id='word_1_364' title='bbox 1099 2827 1193 2853; x_wconf 75' lang='lat' dir='ltr'>deest.</span> <span class='ocrx_word' id='word_1_365' title='bbox 1250 2826 1294 2854; x_wconf 67' lang='lat'>1²0.</span> <span class='ocrx_word' id='word_1_366' title='bbox 1311 2828 1353 2854; x_wconf 72' lang='lat' dir='ltr'>A:</span> <span class='ocrx_word' id='word_1_367' title='bbox 1375 2826 1456 2861; x_wconf 76' lang='lat' dir='ltr'>quid.</span> <span class='ocrx_word' id='word_1_368' title='bbox 1513 2825 1539 2852; x_wconf 60' lang='lat'>3¹</span> <span class='ocrx_word' id='word_1_369' title='bbox 1568 2833 1621 2852; x_wconf 74' lang='lat' dir='ltr'>ac:</span> <span class='ocrx_word' id='word_1_370' title='bbox 1637 2824 1689 2851; x_wconf 76' lang='lat' dir='ltr'>Do·</span> <span class='ocrx_word' id='word_1_371' title='bbox 1703 2833 1708 2850; x_wconf 87' lang='lat'>:</span> <span class='ocrx_word' id='word_1_372' title='bbox 1723 2826 1762 2850; x_wconf 82' lang='lat' dir='ltr'>et.</span> 
     </span>
     <span class='ocr_line' id='line_1_53' title="bbox 456 2859 1761 2896; baseline -0.005 -5"><span class='ocrx_word' id='word_1_373' title='bbox 456 2863 502 2896; x_wconf 75' lang='lat'>34.</span> <span class='ocrx_word' id='word_1_374' title='bbox 533 2864 575 2891; x_wconf 83' lang='lat' dir='ltr'>H:</span> <span class='ocrx_word' id='word_1_375' title='bbox 605 2864 791 2896; x_wconf 65' lang='lat' dir='ltr'>attigerant.</span> <span class='ocrx_word' id='word_1_376' title='bbox 908 2862 953 2895; x_wconf 69' lang='lat'>34.</span> <span class='ocrx_word' id='word_1_377' title='bbox 984 2863 1025 2889; x_wconf 62' lang='lat' dir='ltr'>li:</span> <span class='ocrx_word' id='word_1_378' title='bbox 1055 2861 1275 2889; x_wconf 62' lang='lat' dir='ltr'>distinct-ionis.</span> <span class='ocrx_word' id='word_1_379' title='bbox 1393 2860 1437 2894; x_wconf 82' lang='lat'>37.</span> <span class='ocrx_word' id='word_1_380' title='bbox 1469 2859 1511 2887; x_wconf 72' lang='grc' dir='ltr'>Ηε</span> <span class='ocrx_word' id='word_1_381' title='bbox 1540 2859 1622 2894; x_wconf 78' lang='lat' dir='ltr'>quod</span> <span class='ocrx_word' id='word_1_382' title='bbox 1649 2866 1761 2885; x_wconf 84' lang='lat' dir='ltr'>omnes.</span> 
     </span>
     <span class='ocr_line' id='line_1_54' title="bbox 457 2897 899 2933; baseline -0.007 -7"><span class='ocrx_word' id='word_1_383' title='bbox 457 2898 501 2926; x_wconf 83' lang='lat'>38.</span> <span class='ocrx_word' id='word_1_384' title='bbox 523 2898 597 2925; x_wconf 62' lang='lat' dir='ltr'>All:</span> <span class='ocrx_word' id='word_1_385' title='bbox 622 2898 724 2933; x_wconf 70' lang='lat' dir='ltr'>prima</span> <span class='ocrx_word' id='word_1_386' title='bbox 745 2897 899 2924; x_wconf 70' lang='lat' dir='ltr'>virtutum.</span> 
     </span>
    </p>
   </div>
  </div>
 </body>
</html>
