2062 3276
190 242 264 287 154

185 1412 243 1439 &Vc
265 1412 339 1439 have
360 1420 375 1438 a
398 1412 459 1438 sule

192 1447 239 1474 for
260 1447 308 1473 the
329 1447 451 1474 Churcl]

195 1487 224 1508 to
246 1482 365 1513 follow
388 1482 451 1508 that

238 1517 272 1543 ot*
290 1516 402 1544 Christ.

765 250 987 282 JOHANNIS
1006 249 1191 281 WYCLIF
1211 250 1467 282 SERMONUM
1500 236 1652 294 [SERMO
1674 246 1783 275 XVIII-

471 357 630 393 fuerunt
665 358 816 394 caduce
850 365 887 394 et
921 364 1214 402 momentanee,
1249 357 1461 393 thesaurus
1494 366 1627 394 autem
1663 369 1782 406 quem

472 414 640 452 ecclesia
672 415 957 452 thesaurizavit
990 415 1030 452 in
1075 415 1160 452 celo
1204 414 1278 452 fuit
1322 413 1647 462 interminabilis,
1693 415 1783 452 ideo

472 474 519 510 de
553 482 682 510 matre
714 482 853 510 nostra
886 473 1032 510 dicitur
1074 474 1181 521 quod
1221 472 1375 509 diviciis
1419 485 1683 524 supergressa
1728 480 1784 510 est

472 543 685 568 umversas.

530 591 635 626 Laus
669 602 761 638 ergo
796 589 1017 626 consistens
1051 588 1090 625 in
1124 588 1214 625 filiis
1248 589 1388 626 alienis
1422 598 1479 625 est
1501 589 1656 638 fallax,
1690 589 1784 638 quia

471 649 637 684 fundata
670 648 711 684 in
744 647 1052 696 temporalibu57
1099 647 1210 683 cuius
1245 647 1364 683 finem
1398 656 1559 695 oportet
1593 647 1784 693 deficere;

472 715 508 742 et
542 706 596 742 sic
631 707 677 742 de
711 705 1013 754 pulchritudine
1047 705 1225 741 sensibili
1260 705 1376 742 huius
1409 705 1562 741 mundi.
1609 707 1657 741 Et
1697 705 1785 742 illas

472 765 697 800 habuerunt
732 764 809 800 filie
842 763 1064 812 alienigene
1098 765 1232 811 quoad
1265 773 1437 812 tempus.
1471 764 1618 799 Alzclier
1651 772 1785 800 autem

472 823 544 858 hec
579 822 754 858 filialiter
787 822 923 858 timens
955 822 1164 857 Dominum
1211 830 1247 858 et
1292 834 1418 870 usque
1458 822 1508 858 ad
1541 830 1712 858 mortem
1747 821 1787 858 in

472 879 554 916 eius
587 879 755 916 servicio
789 893 1062 928 perseverans,
1098 880 1179 929 ipsa
1213 879 1410 928 (inquam)
1446 880 1670 916 laudabitur
1693 892 1786 917 vera

472 939 604 983 laude,
659 937 752 987 quia
797 939 883 974 laus
927 947 1158 975 sanctorum
1205 951 1286 975 non
1331 947 1388 974 est
1433 937 1661 975 adulatoria
1706 938 1786 975 sive

472 996 604 1032 fallax.

531 1053 707 1102 Precipit
755 1063 889 1091 autem
934 1067 1106 1102 sponsus
1147 1053 1353 1091 sodalibus
1402 1055 1497 1090 dare
1541 1054 1698 1090 ecclesie
1742 1054 1788 1090 de

462 1114 605 1162 fructu
639 1125 819 1148 manuum
853 1125 1029 1159 suarum,
1079 1113 1144 1161 qui
1181 1113 1332 1149 fructus
1368 1121 1425 1148 est
1458 1111 1666 1148 beatitudo
1699 1124 1787 1160 per-

474 1180 595 1219 petua
627 1170 972 1219 triumphancium
1007 1179 1044 1207 et
1067 1171 1184 1207 laude
1208 1170 1304 1207 reali
1328 1171 1539 1206 laudabunt
1561 1182 1643 1207 eam
1669 1183 1786 1220 opera

474 1241 542 1265 sna
576 1238 791 1276 perpetuo3
826 1228 928 1265 sicut
962 1228 1066 1265 enim
1101 1229 1136 1264 in
1165 1229 1293 1278 portis
1324 1229 1384 1265 vel
1417 1228 1553 1276 patule
1587 1227 1661 1265 erit
1695 1236 1785 1276 post

475 1287 581 1323 diem
614 1285 752 1323 iudicii
785 1288 1099 1335 dampnatorum
1125 1286 1321 1327 confusio,
1355 1286 1411 1323 sic
1435 1287 1679 1323 salvatorum
1704 1286 1787 1322 lau-

476 1344 591 1382 dacio
625 1354 821 1393 perpetuo
855 1344 928 1381 erit
962 1345 1098 1393 patula
1131 1344 1204 1381 toti
1239 1346 1403 1381 mundo.

534 1402 650 1439 Circa
683 1403 790 1440 istud
824 1403 1025 1440 canticum
1059 1403 1266 1439 dubitatur
1298 1412 1432 1439 utrum
1458 1402 1598 1451 religio
1622 1401 1788 1438 ecclesie

475 1474 548 1508 pro
581 1470 687 1497 statu
720 1460 855 1498 viandi
888 1460 928 1496 in
961 1461 1158 1509 scripture
1192 1462 1328 1508 regula
1368 1460 1418 1497 sit
1463 1472 1660 1509 expressa.
1708 1462 1787 1496 Nec

475 1518 640 1555 dubium
696 1519 792 1568 quin
845 1519 913 1565 sic,
968 1519 1061 1568 quia
1115 1531 1285 1567 sponsus
1331 1518 1414 1555 eius
1459 1518 1640 1555 Christus
1685 1519 1787 1554 hanc

474 1578 653 1624 regulam
689 1577 762 1614 sibi
796 1577 962 1614 tradidit
995 1579 1044 1614 ad
1090 1586 1282 1625 perpetue
1328 1578 1636 1613 observandum.
1685 1577 1786 1613 Cum

475 1648 567 1682 ergo
612 1635 678 1671 ille
723 1635 772 1672 sit
817 1635 1018 1671 infinitum
1065 1635 1288 1683 potencior,
1343 1634 1542 1671 sciencior
1587 1643 1625 1671 et
1670 1635 1786 1670 bene-

472 1693 678 1730 volencior
723 1706 843 1742 quam
888 1703 1082 1741 patronus
1128 1693 1241 1738 alius,
1288 1702 1397 1741 patet
1441 1694 1547 1741 quod
1593 1692 1633 1728 in
1679 1705 1787 1728 com-

473 1751 691 1800 paracione
724 1753 774 1788 ad
806 1752 987 1799 regulam
1024 1751 1171 1787 Christi
1216 1764 1297 1787 non
1344 1759 1400 1787 est
1444 1751 1520 1787 nisi
1554 1749 1715 1787 fallacia
1747 1750 1787 1786 in

473 1809 689 1857 privilegiis
721 1810 782 1846 vel
815 1810 961 1857 regulis
996 1809 1227 1846 humanitus
1262 1809 1500 1845 adinventis.
1548 1811 1595 1844 Et
1636 1808 1676 1844 in
1709 1808 1786 1845 ista

474 1868 602 1904 heresi
636 1881 713 1916 qua
746 1869 834 1916 plus
869 1869 1086 1904 creduntur
1110 1867 1148 1903 in
1174 1876 1304 1904 mente
1329 1876 1366 1903 et
1389 1868 1478 1915 plus
1501 1866 1786 1915 appreciantur

474 1926 514 1962 in
547 1925 683 1963 animo
717 1925 962 1962 tradiciones
997 1927 1171 1962 humane
1204 1938 1325 1974 quam
1357 1926 1494 1974 regula
1517 1924 1614 1972 legis
1638 1924 1786 1961 Christi

475 1984 681 2020 seducitur
726 1984 854 2021 maior
899 1997 991 2032 pars
1038 1983 1306 2020 multitudinis
1352 1982 1634 2020 militancium.
1682 1984 1784 2019 Nam

473 2042 664 2079 Johannis
697 2044 818 2087 V1110‚
853 2043 905 2088 46
940 2041 1147 2078 scribitur:
1188 2042 1282 2085 Quis
1321 2053 1372 2077 ex
1411 2041 1514 2077 vobis
1554 2048 1696 2091 arguet
1728 2045 1818 2077 me?

476 2102 522 2136 :le
547 2101 737 2150 peccato?
776 2100 890 2148 quasi
923 2099 1091 2136 diceret:
1142 2101 1242 2136 Cum
1276 2099 1349 2135 sim
1385 2102 1491 2136 Deus
1525 2108 1561 2135 et
1594 2100 1717 2135 homo
1751 2107 1787 2135 et

475 2158 530 2195 sic
569 2158 843 2206 inpeccabilis,
889 2158 1022 2194 nullus
1067 2166 1212 2206 potest.
1259 2159 1377 2193 Foret
1421 2166 1554 2194 autem
1599 2158 1787 2193 seductor

475 2216 671 2265 pessimus
705 2225 742 2252 et
775 2228 931 2252 summe
965 2215 1193 2263 peccabilis,
1228 2215 1258 2252 si
1285 2215 1479 2252 mundani
1503 2223 1667 2263 possent
1691 2215 1786 2250 dare

476 2275 654 2322 regulam
690 2274 919 2319 melioremss,
960 2273 1050 2310 ideo
1085 2273 1341 2311 manifestum
1377 2282 1433 2309 est
1469 2274 1576 2321 quod
1609 2272 1786 2309 dicentes

476 2333 552 2369 hoc
584 2332 624 2368 in
656 2344 790 2380 opere,
836 2331 875 2368 in
914 2331 1131 2369 affeccione
1164 2332 1244 2368 sive
1277 2331 1471 2379 implicite
1506 2331 1786 2379 blasphemant

549 2514 920 2550 8.E:emgene-co11
941 2513 971 2540 iu
994 2520 1089 2547 m‹.1rg
1101 2522 1106 2540 :
1135 2512 1245 2539 aliene.
1389 2519 1430 2539 10.
1457 2511 1481 2538 E
1501 2511 1530 2539 in
1552 2519 1648 2546 marg.
1663 2520 1667 2526 ·
1695 2510 1785 2539 Nota.

477 2558 510 2581 11
534 2557 559 2576 12
593 2548 687 2576 DEG:
715 2535 898 2610 snedfallax
918 2547 971 2574 dee
975 2551 1011 2573 st
1128 2546 1166 2574 15.
1188 2546 1263 2574 AG:
1293 2546 1549 2581 triumwlmntum
1575 2545 1615 2573 ib
1621 2531 1680 2573 ξ’ᾞΑ
1709 2553 1785 2573 eum.

477 2585 517 2611 16.
539 2585 583 2611 Α·
632 2592 677 2619 tr}
677 2587 756 2611 <tuo
799 2588 861 2610 eest
955 2582 993 2609 ιδ
1014 2582 1059 2609 A.
1083 2584 1244 2616 pomam
1327 2589 1368 2616 ¹9-
1391 2580 1459 2609 DE:
1486 2580 1569 2608 istud
1586 2580 1786 2617 emngelzum.

477 2618 523 2646 Cf.
545 2619 588 2645 De
608 2592 677 2645 fiee}
659 2619 687 2644 1.
711 2627 778 2653 pag
799 2625 876 2651 4003
904 2617 943 2644 ib.
965 2616 989 2643 E
1009 2617 1036 2643 in
1061 2624 1156 2651 inaug.
1168 2625 1173 2630 ·
1200 2615 1339 2643 D1ch1·.1‹m
1457 2623 1499 2642 22.
1523 2615 1566 2643 G:
1593 2623 1686 2655 apo·
1697 2618 1785 2642 etue.

476 2653 520 2681 28
544 2652 586 2680 G:
608 2653 968 2680 trahemur-’Shumanas.
1041 2658 1088 2680 20.
1109 2636 1182 2690 DG:
1203 2650 1383 2683 {etiamtum
1403 2650 1443 2677 ib
1461 2650 1504 2677 G.
1520 2658 1598 2690 pays
1611 2658 1641 2677 ιη
1657 2658 1674 2676 u
1689 2650 1788 2679 ttmzs:

476 2689 520 2716 A:
541 2687 741 2715 mili:tantum
762 2687 800 2714 ib.
816 2686 860 2713 E
855 2695 884 2713 ιη
900 2694 995 2720 maig.
1007 2695 1012 2701 ·
1034 2683 1093 2712 Par
1102 2693 1143 2721 pt
1145 2694 1173 2713 ιι
1176 2687 1245 2712 atas
1259 2685 1428 2721 religiones
1441 2685 1579 2712 hommes
1591 2684 1788 2712 seducuntur.

477 2721 514 2749 31.
539 2722 582 2749 G:
603 2730 667 2749 tum
688 2730 761 2749 sum
835 2720 873 2748 31
895 2722 938 2748 A:
962 2724 991 2748 et
1007 2708 1101 2747 deest.

548 2830 577 2861 ⁴3.
606 2829 710 2867 Prov.
742 2829 858 2867 XXXI,
889 2838 939 2870 29.
1093 2827 1121 2867 5,
1148 2826 1271 2860 8—10.
1306 2826 1348 2859 ib.
1379 2828 1430 2859 30.
1576 2826 1625 2858 13.
1659 2824 1702 2858 ib.
1732 2826 1785 2858 ¹31.

483 2876 556 2907 15-
575 2886 621 2917 ¹7·
649 2876 698 2906 De
726 2874 828 2914 Ecc1.‚
855 2884 930 2916 pag.
957 2885 1012 2917 49.

1807 893 1844 914 10

1807 1172 1843 1205 15

1803 2332 1842 2366 35
