2062 3276
202 892 240 913 10

202 1173 238 1205 15

255 247 391 276 samio
413 237 553 294 va11.]
736 251 929 290 QUARTA
955 251 1081 284 PARS.
1778 245 1852 280 385

254 356 368 401 vicia,
410 357 587 393 dicentes
621 359 729 406 quod
763 367 1016 405 correptores
1056 366 1145 393 sunt
1179 358 1217 393 in
1252 359 1390 394 eadem
1425 360 1566 406 damp-

254 414 438 461 nacione,
473 428 579 451 nunc
601 428 691 452 vere
716 425 753 452 et
776 428 881 451 nunc
905 416 1002 452 false
1026 417 1072 451 de
1097 415 1289 464 proximis
1314 416 1564 453 menciendo.

313 473 499 509 Secunda
533 473 718 510 condicio
758 482 816 509 est
849 474 957 521 quod
997 483 1206 521 correptor
1240 475 1385 510 habeat
1419 473 1565 510 discre-
1594 489 1619 520 ε..
1642 481 1686 508 He
1707 486 1790 509 must
1811 482 1846 509 be

255 539 339 566 tum
388 530 598 577 iudicium,
644 532 910 579 supponendo
959 531 998 567 in
1043 530 1114 567 sibi
1166 531 1362 579 ambiguis
1410 541 1566 580 partem
1583 516 1859 578 dssffgeseetfflssdtssot

257 588 465 625 meliorem
507 598 544 624 et
583 589 623 624 in
662 589 883 625 manifestis
923 601 966 625 ex
1004 602 1124 637 opere
1165 590 1272 626 malo
1312 589 1566 637 corripiendo
1606 583 1832 621 suppose'ex-il.

256 655 370 682 acute
408 647 469 683 vel
515 646 702 693 molliter,
746 647 898 695 private
930 648 990 683 vel
1024 646 1195 695 publice,
1229 649 1450 684 secundum
1491 647 1567 684 exi-

254 704 436 752 genciam
471 704 778 741 circumstancie
811 704 1050 753 peccatoris.

313 762 454 798 Tereia
494 762 679 799 condicio
728 772 784 799 est
830 764 938 811 quod
984 772 1192 812 correptor
1231 763 1297 811 pia
1341 762 1568 800 intencione
1588 771 1859 811 3.Hisi11remion

256 819 462 868 corripiat,
515 820 668 857 scilicet
712 830 879 869 propter
928 821 1127 858 sincerum
1173 834 1352 858 amorem
1398 807 1860 876 persone¹¹¹}{togeo}⁰{h¹eh⁶

256 887 440 926 correpte
474 888 510 914 et
534 887 673 915 sancte
708 879 846 916 matris
871 879 1037 916 ecclesie
1070 889 1107 916 et
1134 892 1216 916 non
1248 888 1413 928 propter
1439 880 1567 915 zelum
1644 877 1805 911 removed.

254 935 428 973 vindicte
460 945 528 973 ant
560 937 747 973 affectum
781 937 963 985 pecunie.
1000 939 1111 974 Unde
1144 937 1247 974 inter
1280 938 1358 974 alia
1390 937 1569 986 pericula

257 994 422 1031 ecclesie
455 1004 649 1043 quantum
684 996 735 1032 ad
767 996 895 1043 legem
931 995 1204 1044 correpcionis
1229 996 1404 1032 fraterne
1428 997 1568 1044 damp-

254 1065 398 1089 nosum
431 1053 533 1090 foret
557 1055 665 1102 quod
699 1053 928 1090 iurisdiccio
961 1053 1131 1090 civitatis
1164 1053 1214 1090 sit
1236 1054 1387 1091 venalis
1421 1062 1458 1090 et
1482 1066 1568 1090 cor-

255 1110 392 1159 repcio
426 1112 654 1159 evangelica
688 1124 878 1148 conversa
911 1111 951 1148 in
980 1111 1271 1160 pecuniariam,
1297 1111 1391 1161 quia
1413 1120 1568 1148 utrum-

255 1181 332 1217 que
366 1178 424 1205 est
456 1169 748 1217 symoniacum.
783 1171 961 1207 Moveret
994 1179 1129 1207 autem
1153 1183 1293 1207 omnes
1327 1169 1568 1206 christianos

255 1236 292 1263 et
314 1227 504 1276 precipue
536 1229 765 1265 sacerdotes
789 1228 937 1265 Christi
961 1229 1110 1265 instare
1143 1242 1216 1277 pro
1250 1229 1326 1265 fide
1355 1227 1452 1276 legis
1485 1240 1567 1274 sue,

255 1298 345 1321 cum
379 1285 435 1321 illi
469 1286 547 1322 sint
580 1285 725 1323 milites
750 1286 897 1323 Christi
931 1288 981 1323 ad
1005 1286 1311 1324 similitudinem
1336 1286 1442 1322 beati
1464 1288 1569 1323 Mar-

254 1342 340 1387 tini,
367 1343 434 1392 qui
468 1356 549 1380 non
583 1344 714 1380 minus
747 1346 943 1381 auderent
975 1358 1153 1393 pugnare
1187 1354 1328 1382 contra
1361 1344 1567 1381 diabolum

254 1414 374 1450 quam
409 1411 550 1438 contra
582 1402 811 1450 proximum
844 1402 884 1439 in
918 1416 1038 1440 causa
1072 1403 1156 1440 Dei.
1198 1403 1276 1449 Qui
1310 1415 1404 1450 ergo
1439 1411 1497 1439 est
1528 1401 1568 1438 in

254 1459 429 1496 exercitu
469 1459 617 1496 Christi
664 1470 701 1497 et
741 1473 821 1497 non
861 1463 981 1497 audet
1021 1462 1250 1498 confortare
1290 1460 1568 1509 pusillanimes

254 1519 510 1566 reprobando
544 1518 698 1555 desides
731 1532 813 1555 non
847 1528 1023 1556 meretur
1056 1532 1248 1556 coronam
1282 1518 1467 1559 victorie:
1501 1527 1569 1555 aut

254 1577 461 1624 quomodo
501 1585 558 1613 est
603 1590 692 1613 cum
728 1577 888 1614 Christo
928 1577 996 1626 qui
1041 1578 1208 1614 audiens
1249 1590 1361 1614 arma
1405 1576 1567 1614 Domini

253 1633 314 1670 sui
338 1634 489 1682 despici
512 1647 592 1671 non
616 1637 736 1672 audet
759 1648 955 1684 exponere
978 1648 1018 1672 se
1042 1649 1115 1684 pro
1138 1635 1239 1672 illis?
1272 1637 1395 1672 Arma
1419 1634 1567 1672 Christi

254 1700 291 1728 et
322 1701 460 1729 nostra
494 1702 585 1729 sunt
618 1693 716 1730 fides
749 1694 946 1742 scripture
970 1707 1091 1743 quam
1127 1706 1267 1731 omnes
1302 1695 1495 1730 debemus
1528 1693 1568 1729 in

252 1750 332 1786 vita
374 1759 411 1787 et
444 1751 628 1788 doctrina
661 1760 698 1788 et
738 1751 778 1788 in
811 1752 1133 1789 adversariorum
1168 1751 1440 1801 repugnancia
1475 1764 1567 1788 con-
1583 1747 1856 1783 Dutyosreproof.

253 1817 406 1844 stanter
453 1810 678 1846 defendere.
725 1811 942 1855 Quomodo
987 1814 1141 1859 (queso)
1186 1819 1295 1847 amat
1339 1809 1564 1859 proximum

253 1866 320 1915 qui
352 1866 490 1903 videns
524 1880 614 1904 eum
648 1867 688 1904 in
722 1870 864 1904 morbo
889 1869 1072 1917 litargico
1096 1869 1348 1905 laborantem
1371 1881 1452 1904 non
1476 1881 1568 1916 pru-

253 1925 392 1960 denter
426 1925 585 1973 evigilat
618 1927 686 1962 sed
720 1926 987 1963 dormientem
1022 1939 1149 1976 usque
1179 1929 1228 1964 ad
1263 1936 1433 1963 mortem
1462 1927 1568 1962 fovet

254 1991 290 2018 et
324 1983 520 2031 protegit?
559 1985 638 2020 Aut
672 1986 878 2033 quomodo
919 1985 1046 2033 diligit
1079 1994 1261 2022 sanctam
1302 1993 1471 2021 matrem
1506 1996 1567 2020 ec-

196 2045 210 2077 ?
253 2040 415 2077 clesiam
462 2041 528 2090 qui
568 2041 705 2078 videns
750 2042 790 2078 in
831 2056 877 2079 ea
920 2043 1174 2091 putredinem
1220 2043 1448 2080 infectivam
1487 2055 1568 2078 non

252 2098 382 2147 ipsam
429 2112 451 2135 a
497 2108 625 2137 matre
670 2101 859 2137 evacuat?
905 2103 1122 2147 Quomodo
1167 2102 1331 2149 insuper
1383 2109 1567 2149 potentes

253 2157 452 2205 corrigere
491 2167 527 2194 et
568 2170 610 2194 ex
650 2158 802 2195 desidia
841 2160 898 2195 vel
940 2159 1154 2208 temporali
1188 2160 1405 2196 commodo
1444 2158 1568 2207 negli-

251 2223 387 2263 gentes
419 2228 501 2252 non
535 2216 756 2264 proditorie
791 2217 1053 2254 consenciunt
1088 2218 1323 2266 agentibus?
1361 2231 1453 2254 nam
1487 2230 1569 2254 non

251 2282 294 2309 ut
333 2273 389 2310 sic
420 2282 507 2310 sunt
540 2287 624 2310 cum
663 2275 819 2311 Christo
851 2276 912 2312 vel
952 2289 1099 2324 sponsa
1138 2289 1209 2313 sua
1248 2285 1285 2312 et
1317 2288 1388 2324 per
1430 2288 1568 2312 conse-

253 2343 377 2380 quens
408 2340 542 2368 contra
573 2333 696 2382 ipsum
728 2338 785 2379 (ut
808 2333 978 2381 ipsemet
1002 2334 1147 2371 diffinit
1170 2335 1337 2371 Matthei
1360 2336 1463 2380 xlta,
1485 2334 1566 2380 30).

251 2390 330 2425 Aut
364 2392 569 2438 quomodo
603 2391 746 2427 ultimo
780 2392 961 2440 sequitur
995 2392 1199 2429 Christum
1233 2392 1273 2428 in
1307 2392 1475 2429 caritate
1507 2391 1567 2428 sui

253 2456 289 2483 et
323 2448 489 2485 ecclesie
523 2448 590 2497 qui
622 2449 729 2486 videt
762 2459 935 2498 quantus
970 2450 1121 2487 fructus
1155 2459 1291 2499 posset
1330 2463 1374 2487 ex
1407 2463 1568 2498 correp-

253 2505 367 2542 cione
400 2506 476 2542 ista
508 2506 713 2555 insurgere
746 2517 783 2544 et
806 2517 942 2545 tamen
974 2508 1138 2556 negligit
1168 2509 1309 2557 agere?
1342 2511 1429 2545 Hoc
1462 2507 1565 2544 enim

253 2563 324 2599 fuit
358 2564 529 2601 maxime
561 2578 662 2613 opus
696 2566 898 2603 laudabile
931 2566 970 2603 in
1001 2567 1161 2603 Christo
1195 2576 1232 2603 et
1261 2566 1341 2604 suis
1374 2565 1567 2615 apostolis

320 2717 344 2736 2.
367 2709 472 2737 lJGH:
494 2710 532 2737 de
552 2710 653 2745 deest3
674 2711 715 2738 ib.
737 2711 811 2739 DG:
828 2712 984 2747 proximo.
1063 2721 1087 2745 4.
1110 2712 1152 2739 D:
1173 2712 1204 2739 in
1224 2713 1446 2752 supponendoe
1465 2713 1504 2740 ib.
1521 2713 1565 2740 A:

250 2745 314 2771 nisi
329 2744 492 2780 ambiguis.
555 2745 582 2773 8.
605 2746 648 2772 H:
670 2747 842 2781 correpcio.
909 2746 946 2774 11³.
964 2747 1067 2774 DGH:
1089 2747 1221 2774 civiliter
1238 2751 1286 2774 stt.
1350 2756 1390 2781 14.
1412 2748 1454 2775 D:
1474 2755 1568 2782 penu-

250 2779 391 2806 riariam.
466 2780 504 2806 18.
522 2779 639 2808 Codd.:
659 2789 721 2808 non
743 2781 838 2808 deest.
859 2782 960 2814 Alibi;
982 2782 1022 2808 ib.
1040 2782 1081 2809 b:
1103 2785 1243 2809 auderet.
1317 2790 1358 2817 ¹9-
1380 2782 1485 2810 DGH:
1510 2782 1572 2817 Qui

249 2814 352 2849 igilur·
372 2814 422 2847 in‚·
441 2817 485 2841 est
505 2814 599 2842 deest.
656 2822 702 2842 20.
724 2815 830 2843 DGH:
853 2820 881 2843 el
901 2817 996 2844 deest.
1059 2824 1102 2844 22.
1124 2817 1168 2844 H:
1191 2826 1255 2844 cnm
1277 2818 1354 2850 istm·
1380 2818 1419 2844 ib.
1442 2818 1485 2844 A:
1506 2825 1567 2852 qua

249 2849 390 2876 audiens,
446 2848 488 2876 23.
510 2849 555 2876 D:
575 2858 639 2877 Suo.
702 2858 748 2884 24.
770 2851 811 2878 D:
833 2852 988 2887 scriplure
1007 2853 1170 2887 quomodo.
1227 2852 1268 2879 25.
1290 2852 1334 2879 H:
1355 2852 1566 2879 adversorum.

248 2882 293 2911 35.
316 2884 389 2911 DG:
417 2892 482 2912 cum
502 2885 648 2921 negligit.

1387 2935 1427 2967 25
