2062 3276
0 1482 20 1924 pus-nm·-

7 2211 14 2214 ψ
0 1970 18 2185 .·‡ss*'³-'¹*
0 1927 10 1956 V*

253 264 389 293 sumo
410 254 508 311 xvr]
733 267 926 307 QUARTA
952 268 1078 300 PARS.
1777 260 1850 307 137

253 373 472 410 belliferam
518 383 600 410 tam
648 373 896 410 meritoriam
937 382 974 410 et
1014 386 1083 421 per
1128 386 1377 423 consequens
1420 375 1564 412 virtute

253 433 450 468 bullarum
476 444 639 469 suarum
667 445 746 468 non
779 431 835 467 sic
868 431 1037 468 absolvit
1070 432 1253 468 homines
1287 442 1453 480 propter
1485 434 1563 470 tale

251 503 352 538 opus
398 491 506 538 quod
551 490 707 526 videtur
751 498 832 526 tam
873 489 1078 526 dissonum
1126 490 1297 527 caritati.
1343 490 1384 527 Si
1429 499 1563 527 autem

251 548 408 584 dicatur
441 549 550 596 quod
582 547 772 596 operacio
812 547 902 584 talis
948 548 1050 585 foret
1095 556 1176 584 tam
1224 548 1431 585 meritoria
1475 551 1564 584 sub-

218 606 379 643 5ductis
413 605 529 642 bullis
562 605 787 654 papalibus,
822 615 863 642 ut
896 615 1056 653 oportet
1089 608 1323 653 concedere,
1358 608 1427 643 sed
1460 620 1564 655 papa

250 677 320 712 per
353 665 480 700 bullas
515 664 697 700 fidelibus
732 664 910 700 declarat
956 664 1157 710 meritum,
1205 677 1294 701 cum
1336 678 1408 701 non
1436 672 1565 714 potest

250 734 330 758 esse
361 722 537 771 accepcio
564 735 827 771 personarum
860 723 965 771 apud
996 723 1136 765 Deum,
1170 735 1294 771 quare
1333 736 1416 758 non
1456 725 1562 771 apud

249 780 372 816 nichil
407 788 588 828 agentem
624 792 668 816 ex
699 779 977 817 indifferencia
1009 780 1186 828 quelibet
1218 781 1408 829 operacio
1448 781 1564 817 meri-

249 838 353 874 toria
385 847 423 874 et
456 837 683 874 evidencius
716 837 926 874 caritativa
958 839 1060 874 foret
1091 851 1190 887 eque
1221 838 1452 875 meritoria?
1484 852 1564 875 non

198 896 355 933 1oenirn
402 905 458 932 est
503 896 692 944 possibile
740 908 887 944 papam
931 897 1062 933 facere
1109 899 1282 933 eundem
1336 906 1470 933 actum
1523 897 1563 933 in

247 967 416 991 numero
462 967 553 990 cum
597 954 783 990 omnibus
827 953 907 990 suis
953 954 1271 991 circumstanciis
1315 955 1565 992 naturalibus

250 1024 412 1049 manere
456 1025 563 1048 nunc
610 1011 863 1049 meritorium
912 1021 948 1048 et
992 1025 1097 1048 nunc
1138 1013 1443 1050 demeritorium
1477 1014 1566 1061 plus

247 1071 308 1107 vel
341 1070 484 1116 minus,
516 1070 619 1107 sicut
651 1083 757 1118 papa
790 1071 1023 1118 blaspheme
1055 1071 1241 1107 vendicat
1274 1084 1314 1107 se
1359 1084 1477 1119 posse
1517 1073 1565 1107 de

248 1129 427 1177 quolibet
460 1138 551 1165 actu
584 1138 742 1174 nostro;
787 1142 880 1165 nam
930 1128 1340 1177 proporcionabiliter
1385 1138 1427 1165 ut
1460 1132 1566 1166 Deus

195 1186 516 1234 15acceptaverit
548 1188 609 1223 vel
641 1187 961 1234 deacceptaverit
993 1200 1093 1235 opus
1125 1196 1309 1224 nostrum
1343 1182 1401 1224 est
1433 1188 1564 1236 ipsum

248 1245 500 1281 meritorium
544 1246 605 1282 vel
650 1245 953 1282 demeritorium
994 1254 1030 1281 et
1067 1258 1149 1281 non
1188 1246 1305 1282 ultra.
1358 1246 1565 1294 Numquid

248 1303 449 1340 credimus
494 1304 602 1351 quod
646 1316 752 1351 papa
795 1312 926 1351 potest
971 1316 1061 1339 cum
1107 1306 1192 1340 Deo
1244 1316 1482 1340 concurrere
1530 1312 1567 1340 et

248 1361 548 1398 communicare
581 1363 621 1397 in
654 1361 939 1409 acceptacione
971 1374 1042 1398 sua
1080 1362 1141 1398 vel
1180 1371 1273 1398 actu
1312 1375 1384 1398 suo
1423 1362 1566 1398 intrin-

247 1420 362 1456 seco?
395 1419 559 1456 indubie
590 1428 685 1455 tunc
719 1428 776 1455 est
808 1422 926 1456 Deus.

191 1489 233 1509 20
306 1477 511 1523 Similiter,
546 1490 635 1514 cum
671 1486 782 1514 actus
827 1479 1025 1514 humanus
1067 1477 1160 1514 fidei
1204 1478 1402 1526 scripture
1446 1478 1564 1514 indif-
1591 1485 1659 1514 The
1680 1486 1746 1514 best
1767 1487 1840 1515 deed

247 1536 375 1572 ferens
407 1548 489 1572 non
521 1535 571 1572 sit
604 1537 652 1572 de
684 1548 724 1572 se
759 1535 988 1572 meritorius
1020 1537 1082 1573 vel
1115 1536 1410 1581 demeritorius,
1456 1536 1564 1573 vide-
1614 1522 1825 1593 xcxi-ggrlrssybethteo

247 1603 311 1630 tur
334 1593 541 1642 probabile
565 1595 673 1642 quod
698 1593 880 1630 homines
904 1594 1044 1642 pocius
1071 1603 1320 1631 mererentur
1342 1595 1563 1632 laborando
1580 1591 1769 1654 primlqupsf
1781 1592 1851 1619 both

248 1654 297 1688 ad
331 1653 619 1688 destruendum
653 1661 870 1700 utrumque
902 1653 1121 1700 primatum
1157 1654 1342 1701 papalem
1368 1666 1489 1701 quam
1514 1654 1564 1690 ad
1706 1635 1724 1662 p
1766 1648 1771 1653 ’

247 1711 417 1746 alterum
452 1711 736 1749 extollendum.
770 1713 872 1747 Nam
905 1711 1102 1758 primatus
1135 1711 1225 1747 talis
1265 1723 1447 1748 cesareus
1492 1712 1566 1748 fuit

191 1768 344 1804 2501im
378 1771 462 1805 Deo
501 1770 759 1816 deacceptus3
808 1781 898 1805 cum
939 1782 1032 1816 ergo
1071 1782 1151 1805 non
1191 1769 1269 1805 sint
1308 1769 1348 1805 in
1382 1771 1466 1805 Deo
1511 1777 1566 1806 est

247 1834 282 1862 et
314 1839 400 1869 mm,
446 1826 602 1863 videtur
647 1828 756 1874 quod
800 1826 880 1863 iam
927 1827 1116 1863 existente
1163 1840 1282 1864 causa
1328 1827 1471 1864 maiori
1508 1836 1566 1864 est

249 1887 332 1921 Deo
366 1884 493 1921 eciam
528 1887 786 1932 deacceptus2
830 1886 1015 1921 laborare
1055 1898 1147 1933 ergo
1189 1887 1239 1922 ad
1279 1887 1563 1933 complendum

249 1942 320 1978 Dei
376 1942 672 1991 beneplacitum
725 1952 762 1978 et
814 1944 1101 1979 destruendum
1156 1943 1230 1979 sibi
1288 1945 1563 1992 deacceptum,

247 2000 404 2037 videtur
443 2002 588 2037 habere
633 2000 838 2037 racionem
885 2001 1138 2049 indulgencie
1184 2010 1303 2050 atque
1350 2002 1481 2038 meriti
1528 2011 1564 2038 et

191 2060 232 2092 30
248 2071 328 2095 non
361 2059 567 2095 stabiliens
602 2059 684 2096 eius
723 2059 974 2107 oppositum3
1020 2072 1112 2096 nam
1146 2061 1287 2096 Matth.
1321 2061 1390 2096 XX
1427 2070 1564 2097 narrat

248 2117 345 2153 fides
391 2117 584 2165 evangelii
630 2118 836 2165 quomodo
876 2117 1057 2154 Christus
1102 2117 1325 2166 appetitum
1365 2118 1562 2166 primatus

246 2175 438 2211 Johannis
472 2184 509 2211 et
540 2175 678 2211 Jacobi
711 2176 941 2223 repellebat,
987 2175 1166 2212 limitans
1206 2176 1259 2212 eis
1301 2175 1437 2213 bibere
1475 2189 1564 2224 pas-

246 2232 413 2270 sionem.
459 2233 665 2282 Numquid
699 2233 898 2269 credimus
932 2236 1040 2281 quod
1072 2247 1154 2270 non
1186 2243 1355 2283 uterque
1393 2235 1561 2271 istorum

246 2304 443 2338 paparum
487 2291 685 2340 paciendo
739 2291 926 2328 iniuriam
975 2301 1011 2328 et
1057 2292 1331 2329 renunciando
1377 2292 1562 2341 dignitati

189 2351 228 2384 35
246 2349 394 2386 cesarie
417 2349 518 2386 sicut
541 2350 719 2386 fecerunt
743 2349 915 2398 apostoli
944 2350 1116 2398 amplius
1150 2351 1394 2387 mereretur?
1426 2364 1562 2398 ymmo

246 2419 336 2443 cum
371 2407 476 2444 circa
507 2407 619 2443 illum
654 2407 871 2455 primatum
907 2408 1103 2444 cesarium
1144 2408 1193 2444 sit
1236 2417 1321 2445 tota
1365 2408 1440 2445 ista
1485 2409 1562 2445 dis-

245 2465 390 2511 sensio,
424 2465 582 2502 videtur
613 2465 719 2502 idem
754 2478 836 2502 esse
870 2479 1114 2515 quemquam
1140 2468 1301 2503 credere
1326 2468 1433 2515 quod
1457 2469 1561 2504 Deus

246 2532 410 2571 propter
448 2524 561 2559 illum
594 2523 812 2571 primatum
844 2524 1139 2560 defendendum
1170 2525 1238 2561 dat
1265 2525 1562 2573 preeminenter

245 2590 397 2618 tantam
431 2581 731 2630 indulgenciam
776 2590 814 2618 et
859 2583 967 2630 quod
998 2584 1105 2619 Deus
1149 2591 1231 2619 tam
1263 2583 1561 2631 preeminenter

314 2712 354 2731 10.
371 2705 416 2732 A:
437 2704 516 2731 enim
536 2704 629 2731 deest.
691 2704 728 2732 15.
743 2706 788 2732 At
809 2704 1047 2740 attenzptavcrit.
1113 2713 1151 2732 21.
1172 2705 1215 2733 D:
1237 2705 1275 2733 de
1294 2714 1368 2733 esse.
1430 2705 1473 2734 23.
1490 2706 1514 2733 D
1531 2706 1559 2733 in

245 2748 340 2775 marg.
369 2748 455 2773 surm:
487 2739 579 2766 Ponit
596 2747 656 2775 pro
683 2748 800 2772 magno
827 2741 935 2767 merito
962 2743 990 2767 ct
1015 2740 1218 2776 indulgencia
1243 2741 1272 2768 si
1295 2741 1363 2776 quis
1389 2741 1562 2769 destruere!

238 2778 382 2810 papatux.
402 2774 491 2801 Care.
542 2773 587 2801 30.
604 2774 646 2801 b:
661 2774 814 2803 szahilies:
827 2774 851 2802 E
865 2775 1013 2802 stabilire.
1063 2774 1102 2803 31.
1118 2775 1187 2803 DE:
1205 2776 1370 2811 appetitmn
1383 2777 1558 2811 prl'nmlmn.

243 2809 285 2837 32.
307 2810 351 2837 A:
372 2809 474 2836 bibere
493 2808 586 2836 deest.
659 2809 705 2837 36.
727 2810 771 2838 A:
794 2810 853 2837 isla
874 2810 968 2837 deest.

311 2892 343 2923 ὁ.
370 2893 468 2925 Rom.
495 2893 581 2932 XXI,
606 2903 655 2925 11.
