2062 3276
233 246 278 282 16
806 268 1029 307 JOHANNIS
1049 277 1233 312 WYCL1F
1253 281 1507 318 SERMONUM
1614 275 1766 335 [SERMO
1786 291 1822 320 11.

223 367 497 409 Hewhqbelieves
570 372 619 407 Et
650 375 783 412 subdit
824 390 1000 428 causam,
1046 383 1139 433 quia
1178 387 1243 436 qui
1279 392 1403 427 credit
1439 393 1475 429 in
1514 396 1710 435 Christum
1751 403 1819 438 ad-

234 411 263 430 m
285 403 484 467 ᾗᾞιὸἆῑὲὴῧη
512 428 690 468 herendo
723 433 797 470 sibi
830 445 873 473 ut
896 439 979 475 Deo
1013 441 1187 480 finaliter
1210 458 1281 493 per
1304 460 1498 498 amorem,
1535 454 1696 493 eciamsi
1728 472 1817 507 per—

281 476 436 510 e¹⁰f¹¹²¹¹¹³²
510 495 601 523 ante
632 501 800 536 peccato
835 504 1016 534 mortuus
1049 500 1179 547 fuerit,
1214 516 1286 540 non
1311 515 1434 544 morte
1465 521 1661 559 perpetua
1684 516 1818 554 anime

507 545 568 581 vel
601 549 783 596 corporis
816 554 1004 591 morietur
1036 566 1073 593 et
1104 559 1297 598 liberatus
1321 576 1343 600 a
1367 575 1497 604 morte
1520 569 1721 617 spirituali
1745 588 1816 623 per

507 603 684 650 graciam
718 608 906 648 adiuncta
939 613 1014 650 hac
1047 617 1285 656 crudelitate
1317 621 1357 658 in
1381 624 1584 663 Christum
1617 642 1699 667 non
1732 636 1849 670 mo-5

507 660 630 698 rietur
651 663 915 712 spiritualiter
938 669 977 706 in
1002 681 1197 712 eternum.
1221 678 1269 713 Et
1291 688 1402 726 patet
1425 683 1663 729 preciositas
1686 701 1815 726 resur-

507 719 701 758 reccionis
735 733 771 760 et
803 725 881 763 vite
924 728 1145 776 spiritualis
1191 747 1312 782 quam
1347 739 1530 778 Christus
1574 743 1729 783 inducit
1774 748 1814 785 in

504 776 709 816 hominem
741 794 862 831 supra
908 789 1250 828 resurreccionem
1297 796 1347 831 ad
1391 796 1512 835 vitam
1560 806 1814 852 corporalem

503 836 604 871 adeo
637 838 878 878 affectatam.

214 888 488 944 atar111a’sansxx3er
561 895 719 942 Repetit
763 907 897 936 autern
940 903 1130 951 magister
1169 908 1346 956 optimus
1398 912 1516 950 istam
1549 920 1809 970 sentenciam,
1833 936 1871 957 10

219 927 485 990 ciii-fflssiaiffgifh,
501 949 532 985 si
572 951 656 988 eius
695 954 892 1004 discipula
930 960 1048 998 istam
1093 965 1235 1012 noscit,
1288 977 1331 1004 ut
1374 969 1405 1006 si
1448 972 1550 1010 forte
1592 975 1631 1012 in
1674 978 1810 1028 aliquo

500 1009 548 1044 ab
583 1009 668 1057 ipsa
702 1013 890 1052 defecerit
923 1020 983 1055 vel
1016 1032 1103 1057 eam
1138 1022 1382 1071 ignoraverit
1415 1028 1542 1077 ipsam
1569 1033 1807 1084 discipulam

499 1067 712 1105 salubriter
746 1071 928 1112 instruat.
971 1078 1121 1127 Credis,
1159 1080 1302 1131 intquit,
1336 1086 1438 1122 lzoc?
1467 1089 1531 1124 Ait
1563 1091 1640 1127 illi:
1676 1095 1810 1144 Utique

499 1124 676 1175 Domine,
708 1140 780 1179 ego
813 1134 973 1178 credidi,
1004 1137 1090 1185 quia
1122 1146 1161 1174 tu
1185 1142 1346 1191 esfilius
1368 1145 1445 1180 Dei
1465 1147 1542 1183 νίνί
1561 1151 1680 1198 quiin
1709 1154 1809 1190 hunc

497 1184 679 1221 mundum
714 1188 859 1225 venisti.
914 1193 1139 1231 Confitetur
1183 1208 1315 1237 autem
1363 1202 1434 1239 hec
1474 1205 1621 1244 femina
1654 1209 1693 1245 in
1726 1216 1862 1248 uno15

496 1243 701 1279 communi
742 1246 944 1297 principio
986 1251 1078 1288 fidei
1118 1258 1226 1302 quod
1259 1266 1414 1296 tantum
1450 1264 1576 1300 credit
1609 1277 1803 1314 quantum

495 1307 551 1334 est
595 1303 864 1342 necessarium
911 1310 1073 1346 credere
1112 1312 1268 1351 viatori.
1320 1318 1546 1357 Confitetur
1585 1324 1690 1361 enim
1732 1327 1805 1363 fili-

494 1356 675 1395 acionem
710 1365 934 1401 naturalem
971 1367 1119 1405 Christi
1158 1373 1207 1407 ad
1248 1383 1403 1421 patrem
1447 1379 1630 1418 celestem
1666 1393 1702 1420 et
1735 1398 1805 1433 per

492 1426 740 1465 consequens
773 1429 952 1460 eternam
986 1425 1179 1465 unitatem
1204 1431 1335 1469 divine
1366 1437 1608 1486 substancie‚
1641 1450 1677 1477 et
1710 1455 1803 1479 con-

493 1472 626 1510 fitetur
659 1488 955 1527 consequenter
993 1497 1225 1531 processum
1269 1495 1535 1540 temporalem
1581 1499 1801 1538 nativitatis
1817 1516 1858 1537 20

489 1533 662 1570 secunde
695 1544 731 1571 et
764 1550 834 1584 per
868 1551 1115 1590 consequens
1149 1545 1337 1596 quicquid
1371 1552 1554 1590 Christus
1588 1557 1729 1595 dixerit
1761 1559 1800 1597 in

489 1591 691 1638 evangelio
725 1606 808 1631 esse
840 1609 991 1637 verum.
1043 1603 1131 1638 Non
1172 1604 1277 1641 enim
1320 1617 1376 1644 est
1410 1609 1671 1659 impertinens
1704 1617 1796 1654 huic

486 1646 632 1685 femine
665 1653 827 1690 credere
850 1656 910 1691 vel
934 1656 1155 1707 intelligere
1180 1663 1227 1698 de
1251 1666 1422 1703 adventu
1448 1669 1596 1707 Christi
1628 1672 1667 1709 in
1691 1675 1795 1712 hunc

486 1707 680 1744 mundum
714 1709 790 1746 nisi
824 1713 872 1749 de
905 1713 1191 1756 incarnacione
1223 1730 1353 1760 stante
1377 1727 1590 1766 eternitate
1612 1732 1794 1778 geniture

483 1776 561 1810 qua
595 1767 826 1806 eternaliter
860 1783 1020 1810 emanat
1053 1788 1074 1811 a
1108 1786 1233 1824 patre.
1809 1796 1849 1828 25

221 1830 437 1858 Ourheretics
540 1823 587 1857 Et
621 1823 723 1861 sicut
757 1826 795 1863 in
828 1836 1011 1878 tempore
1050 1834 1175 1871 sancti
1212 1838 1354 1875 Leonis
1401 1855 1504 1890 pape
1549 1856 1661 1883 erant
1707 1849 1791 1897 qui-

195 1866 467 1929 'gglssj{ss}¹lssk}¹¹b‘}¹
482 1879 571 1915 dam
607 1882 732 1928 grossi
768 1894 804 1921 et
837 1888 955 1924 rudes
988 1890 1105 1937 logici
1140 1893 1208 1941 qui
1241 1897 1469 1936 nescierunt
1503 1912 1679 1941 eternam
1720 1920 1789 1944 na-

263 1935 306 1962 St»
328 1935 400 1963 Leo.
438 1931 447 1938 '¹
480 1935 675 1975 tivitatem
709 1942 857 1980 Christi
892 1958 913 1982 a
946 1951 1161 1996 temporali
1196 1952 1439 2003 distinguere
1473 1973 1572 2008 quos
1597 1962 1786 2001 nimirum

479 1995 673 2044 dampnat
705 2008 911 2050 tamquam
960 2005 1169 2054 hereticos,
1216 2011 1272 2047 sic
1317 2025 1407 2051 sunt
1456 2020 1577 2055 modo
1623 2021 1786 2059 heretici

478 2052 544 2100 qui
568 2055 749 2094 nesciunt
766 2059 1009 2109 distinguere
1032 2064 1135 2102 inter
1157 2069 1235 2105 tale
1258 2073 1523 2119 respectivum
1549 2079 1734 2116 accidens
1750 2090 1787 2117 et
1803 2087 1845 2118 '30

476 2111 713 2151 subiectum.
761 2118 838 2153 Sed
871 2119 974 2156 sicut
1007 2121 1223 2172 (inquiunt)
1256 2141 1336 2165 non
1377 2140 1435 2167 est
1478 2135 1665 2173 nativitas
1710 2138 1783 2174 nisi

476 2180 646 2215 persona
678 2182 785 2221 nata,
819 2175 874 2212 sic
908 2187 1045 2216 eterna
1077 2182 1264 2221 nativitas
1298 2188 1446 2225 Christi
1480 2201 1536 2228 est
1569 2193 1651 2230 eius
1683 2196 1784 2232 nati-

474 2225 573 2263 vitas
605 2232 841 2278 temporalis
874 2243 911 2271 et
943 2249 1014 2284 per
1037 2251 1286 2290 consequens
1311 2258 1390 2282 non
1413 2258 1504 2285 sunt
1528 2251 1616 2288 due.

539 2426 566 2447 2.
587 2420 655 2448 DE:
683 2426 715 2450 ut
733 2424 865 2453 domino.
962 2431 1049 2463 4—6.
1070 2432 1139 2461 DE:
1167 2438 1198 2462 et
1213 2435 1366 2465 liberatur
1385 2455 1417 2459 —
1437 2448 1497 2468 non
1518 2444 1666 2472 morietur
1685 2445 1779 2474 deest.

471 2452 495 2479 5.
511 2454 700 2484 Crmietitate
711 2467 719 2486 .·
733 2459 771 2486 ita
786 2461 876 2488 codd.
891 2463 919 2490 A
934 2468 961 2491 et
975 2464 1015 2498 F;
1036 2468 1148 2495 rectius
1163 2470 1345 2500 credulitate
1358 2474 1530 2509 legendnm.
1587 2487 1614 2513 ι).
1631 2479 1670 2507 F:
1692 2479 1779 2516 effec-

469 2490 570 2515 tatem.
635 2499 668 2518 11.
686 2491 725 2519 F:
747 2494 896 2530 discipula
916 2500 1031 2530 noscit:
1054 2501 1095 2529 ib.
1116 2503 1159 2530 D:
1181 2507 1285 2533 nescit.
1352 2516 1390 2535 12.
1411 2509 1480 2538 DE:
1500 2512 1538 2539 ab
1559 2513 1658 2548 ἀυτεῖς
1679 2515 1720 2542 F:
1740 2517 1778 2543 ab

469 2522 554 2556 ipso:
585 2524 625 2551 ib.
659 2525 727 2554 DE:
760 2529 949 2566 disciplinam
959 2543 969 2562 :
999 2534 1023 2562 E
1055 2544 1151 2565 corn:
1186 2539 1375 2576 discipulam.
1525 2554 1566 2581 14·
1602 2548 1623 2575 F
1633 2558 1639 2575 :
1673 2550 1775 2577 credo.

471 2557 510 2585 16.
534 2566 572 2592 ¹7-
595 2559 663 2588 DE:
683 2562 839 2599 principio
860 2574 925 2593 cum
945 2570 1046 2597 credit
1062 2576 1205 2606 quantum
1225 2580 1286 2602 est:
1308 2578 1351 2604 A:
1373 2579 1473 2606 credit
1489 2582 1577 2615 quod.
1652 2591 1690 2618 17.
1705 2585 1776 2613 AF':

468 2591 594 2620 credere
613 2594 706 2622 deest,
783 2607 823 2633 19,
846 2607 889 2627 20.
914 2601 982 2630 DE:
1007 2605 1180 2634 subs-cancie
1199 2615 1419 2645 consequenter
1438 2621 1593 2643 excessum
1613 2617 1648 2651 (Ε
1668 2627 1776 2654 supru-

468 2626 588 2654 scribit:
610 2629 743 2665 exitum).
817 2641 854 2661 21.
876 2635 914 2663 F:
941 2639 1092 2671 secunda:
1120 2641 1159 2668 ib.
1180 2642 1248 2671 DE:
1275 2645 1363 2673 dixit.
1438 2656 1481 2675 22.
1503 2650 1571 2678 DE:
1598 2656 1643 2679 est
1660 2661 1772 2681 verum.

466 2659 508 2686 23.
530 2661 569 2688 F:
597 2664 726 2692 credere
745 2670 791 2694 vel
810 2668 905 2697 deest.
982 2680 1028 2706 24.
1050 2674 1089 2702 F:
1115 2676 1337 2707 incarnacione
1355 2685 1455 2710 stante
1475 2685 1568 2713 deest.
1641 2687 1682 2714 25.
1703 2688 1772 2716 DE:

466 2697 572 2722 eterna
592 2699 730 2736 eveniam
758 2701 781 2728 E
801 2711 897 2732 corn:
924 2709 1105 2737 eternaliter
1124 2717 1254 2740 emanat.
1366 2717 1413 2743 26.
1433 2718 1533 2746 ADE:
1559 2723 1662 2749 sancti
1679 2722 1772 2750 deest.

465 2736 508 2763 27.
530 2731 574 2757 A:
601 2732 700 2767 logici
716 2735 809 2763 deest.
888 2747 934 2770 20.
956 2743 1000 2768 A:
1027 2744 1116 2771 modo
1138 2745 1231 2773 deest.
1304 2749 1349 2777 30.
1372 2751 1414 2779 1›:
1442 2753 1472 2780 in
1492 2755 1555 2782 tate
1573 2758 1773 2791 respectivum

463 2765 649 2798 accidentis,-
676 2767 716 2795 E:
744 2771 807 2798 tale
825 2771 1001 2803 accidentis.
1075 2778 1118 2806 32.
1141 2780 1184 2808 Ι);
1210 2783 1355 2811 nativitas
1374 2785 1496 2815 Christi.

536 2891 562 2913 1.
586 2882 662 2915 Joh.
687 2885 742 2926 XI,
770 2887 823 2919 26.
924 2893 972 2924 13.
999 2893 1044 2925 ib.
1072 2905 1113 2918 0·-

1072 2920 1124 2937 ,1.
