2062 3276
221 563 325 591 Christ
346 563 430 599 gives
451 572 486 590 us

240 599 315 625 such
337 603 478 632 support,

237 633 287 669 joy
307 633 365 660 and
387 633 483 668 glory‚

230 676 261 695 as
285 676 334 695 are
357 668 421 694 best
441 668 488 695 for

335 711 381 730 us,

246 1258 313 1287 The
334 1259 409 1287 feast
430 1261 454 1288 is

231 1295 295 1322 that
316 1295 464 1334 prepared

273 1334 321 1356 tor
341 1339 376 1357 us
396 1339 425 1357 in

288 1365 412 1391 heaven.

212 1894 279 1923 The
300 1896 429 1924 number
450 1898 484 1924 of

256 1932 305 1958 the
326 1937 440 1967 guestS.

245 2314 360 2350 Angels
380 2315 444 2343 first

236 2351 340 2389 placed
363 2356 391 2378 at
411 2351 460 2378 the

305 2387 390 2413 least.

804 280 1027 311 JOHANNIS
1046 281 1229 312 WYCLIF
1250 282 1505 314 SERMONUM
1539 270 1690 327 [SERMO
1712 281 1821 309 XLVI-

512 393 737 433 perpetuas.
771 386 864 421 Vult
898 385 1003 422 enim
1037 399 1128 422 suos
1164 388 1308 423 habere
1341 388 1629 424 sufficienciam
1667 398 1821 438 tempo-

511 442 670 489 ralium,
725 443 906 491 quietum
952 444 1144 492 gaudium
1199 454 1234 481 et
1279 445 1461 493 gloriam.
1515 447 1592 482 Sed
1643 447 1819 495 primum

509 509 668 549 oportet
701 502 923 538 mensurari
956 515 1076 550 penes
1109 503 1213 539 hunc
1247 503 1365 540 finem
1400 505 1508 552 quod
1541 514 1748 552 promovet
1771 507 1820 542 ad

512 559 583 595 Dei
606 559 831 606 servicium,
865 562 1085 596 secundum
1112 570 1369 598 mensuratur
1396 574 1516 610 penes
1540 562 1820 600 rectitudinem

511 617 593 665 spei
639 617 841 654 celestium
888 618 1126 666 gaudiorum
1168 628 1205 656 et
1243 620 1410 656 tercium
1451 632 1572 668 penes
1605 622 1679 658 hoc
1713 624 1821 670 quod

512 675 663 712 reccius
696 677 891 712 servando
926 676 1073 713 Christi
1108 679 1297 714 mandata
1336 678 1541 726 cognoscit
1575 681 1683 727 quod
1716 682 1821 716 Deus

512 735 559 770 de
591 742 703 770 tanto
737 734 825 782 plus
857 734 988 782 ipsum
1023 734 1151 782 diligit
1184 744 1220 772 et
1253 737 1437 773 honorat.
1472 738 1519 772 Et
1544 737 1619 774 hoc
1651 737 1821 774 intendit

507 792 723 839 Apostolus
756 794 788 828 la
818 794 908 829 Cor.
934 794 981 838 10,
1019 793 1061 828 31
1102 802 1139 829 et
1172 795 1225 830 ΙΙΟ
1259 796 1350 831 Cor.
1380 796 1447 839 XO,
1481 807 1540 841 17,
1576 797 1669 831 dum
1704 796 1818 832 dicit:

515 850 591 893 Qui
622 851 836 900 gloriatur,
874 851 910 886 in
944 851 1112 888 Domino
1149 852 1367 902 glorietur5
1404 865 1485 888 non
1526 853 1629 889 enim
1672 853 1740 902 qui
1780 867 1820 890 se

507 907 637 955 ipsum
679 910 938 945 commendat
983 908 1056 945 iste
1094 911 1288 957 probatus
1334 919 1391 947 est
1437 912 1505 947 sed
1551 924 1670 958 quem
1712 914 1817 948 Deus

506 967 779 1003 commendat.

972 1103 1168 1144 SERMO
1202 1105 1350 1145 XLVI.

561 1197 691 1235 Homo
724 1198 877 1247 quidam
906 1199 1008 1247 fecit
1046 1211 1177 1234 cenam
1219 1212 1416 1249 magnam.
1465 1201 1570 1236 Luce
1603 1202 1724 1248 XIVO,
1756 1203 1815 1238 16.

563 1259 707 1293 Notata
732 1256 897 1293 historia
920 1256 1113 1304 evangelii
1148 1257 1329 1293 hodierni
1363 1266 1520 1293 constat
1554 1260 1661 1306 quod
1695 1260 1816 1296 homo

503 1316 575 1352 iste
607 1325 687 1351 tam
722 1314 975 1363 singulariter
1008 1324 1167 1351 notatus
1201 1324 1257 1351 est
1280 1315 1465 1351 dominus
1489 1318 1598 1352 Jesus
1622 1317 1814 1363 Christus,

504 1376 550 1410 de
590 1387 670 1422 quo
704 1374 833 1410 Eccle.
857 1375 961 1415 V110,
998 1383 1048 1420 29
1094 1374 1224 1408 Virum
1272 1386 1386 1409 unum
1426 1386 1476 1410 ex
1519 1375 1623 1410 mille
1667 1376 1817 1424 reperi,-

503 1445 594 1468 nam
642 1433 774 1468 nullus
820 1431 1060 1467 christianus
1106 1440 1235 1479 potest
1279 1431 1354 1467 sibi
1402 1431 1604 1479 parificari
1655 1433 1815 1470 racione

503 1489 635 1538 gracie
680 1490 853 1526 unionis.
899 1491 1007 1526 Cena
1039 1502 1132 1525 vero
1166 1498 1222 1526 est
1260 1499 1397 1537 pastus
1441 1490 1680 1527 novissimus
1724 1501 1815 1539 post

502 1561 621 1596 quem
656 1549 801 1595 nullus,
833 1549 900 1584 sed
933 1558 1116 1596 sumptus
1150 1557 1206 1583 est
1235 1557 1323 1596 post
1346 1561 1551 1596 vesperam
1586 1549 1703 1585 huius
1736 1549 1813 1586 vite

502 1619 582 1654 quo
606 1606 710 1643 beati
745 1607 930 1642 fruuntur
953 1606 993 1642 in
1018 1606 1131 1646 celis;
1166 1605 1234 1654 qui
1268 1605 1414 1642 dicitur
1448 1619 1617 1654 magnus
1652 1607 1814 1644 racione

502 1664 745 1711 duracionis,
781 1664 942 1701 racione
977 1663 1285 1711 multiplicitatis
1310 1664 1565 1700 convivarum
1591 1674 1628 1701 et
1652 1665 1813 1701 racione

502 1722 767 1770 preciositatis
813 1723 1034 1770 epularum.
1082 1722 1197 1770 Cepit
1236 1721 1341 1757 enim
1376 1735 1397 1758 a
1430 1722 1628 1770 principio
1675 1723 1813 1759 mundi

502 1780 541 1816 in
595 1781 909 1817 confirmacione
968 1781 1203 1828 angelorum
1258 1782 1306 1816 ad
1359 1781 1534 1828 primum
1597 1781 1812 1828 prandium

501 1838 724 1886 positorum
760 1848 796 1875 et
830 1838 990 1875 durabit
1023 1839 1061 1874 in
1095 1848 1291 1874 eternum.

559 1898 762 1942 Quantum
789 1899 837 1933 ad
863 1896 1162 1933 multitudinem
1188 1896 1462 1942 convivarum,
1496 1905 1602 1944 patet
1626 1896 1657 1932 si
1691 1898 1813 1933 decies

501 1956 624 1992 milies
667 1963 823 1992 centena
863 1955 983 1990 millia
1023 1955 1255 2005 angelorum
1296 1967 1337 1991 ex
1372 1954 1603 1991 testimonio
1638 1955 1812 1991 Danielis

499 2014 726 2050 assistebant
759 2014 793 2050 ei
823 2015 870 2049 de
904 2022 1048 2049 natura
1081 2013 1274 2061 angelica,
1309 2022 1502 2061 quantum
1537 2014 1732 2049 adauctus
1757 2022 1813 2050 est

500 2084 690 2108 numerus
732 2071 848 2108 hodie
889 2084 930 2107 ex
970 2071 1148 2119 patribus
1194 2071 1402 2118 utriusque
1447 2071 1678 2107 testamenti
1724 2084 1812 2119 pre-

500 2129 707 2166 destinatis
731 2132 779 2166 ad
806 2131 908 2166 hanc
938 2142 1091 2174 cenam,
1126 2142 1214 2165 cum
1251 2129 1373 2177 aliqui
1408 2130 1592 2165 doctores
1626 2128 1811 2165 estimant

500 2189 608 2235 quod
646 2197 701 2224 tot
741 2197 855 2224 erunt
894 2187 1075 2223 homines
1114 2186 1251 2223 salvati
1291 2196 1388 2234 quot
1428 2187 1570 2234 angeli,
1612 2186 1677 2222 alii
1717 2199 1810 2223 vero
1827 2204 1843 2223 ,π

499 2247 607 2293 quod
640 2255 697 2282 tot
730 2245 911 2282 homines
956 2246 1215 2281 salvabuntur
1259 2246 1363 2281 ultra
1396 2257 1462 2280 eos
1495 2245 1561 2293 qui
1602 2245 1731 2280 forent
1770 2244 1809 2280 in

499 2312 604 2340 statu
637 2303 871 2340 innocencie
904 2312 1001 2351 quot
1034 2303 1161 2350 angeli
1191 2303 1435 2349 ceciderunt,
1470 2302 1564 2351 quia
1593 2302 1708 2338 aliter
1729 2315 1809 2339 non

499 2362 599 2398 foret
623 2361 776 2398 celestis
794 2362 1012 2398 Jerusalem
1037 2360 1232 2398 restituta.
1268 2362 1646 2408 Quomodocunque
1675 2370 1808 2397 autem

499 2420 547 2456 sit
570 2422 618 2456 de
642 2422 730 2467 hoc,
764 2419 894 2467 angeli
928 2419 1048 2467 positi
1082 2428 1173 2455 sunt
1206 2419 1278 2455 soli
1313 2420 1361 2455 ad
1396 2418 1570 2466 primum
1594 2418 1808 2466 prandium

499 2479 548 2515 ab
592 2478 755 2515 instanti
800 2490 869 2514 sue
914 2477 1237 2514 confirmacionis
1282 2489 1407 2525 usque
1446 2478 1495 2513 ad
1536 2476 1807 2513 ascensionem

566 2610 591 2639 5.
612 2610 716 2639 ADG:
744 2612 851 2638 tercio.
959 2610 984 2638 8.
1007 2610 1081 2638 DG:
1107 2611 1128 2638 I.
1154 2610 1223 2638 Cor.
1245 2609 1260 2637 I
1277 2614 1306 2637 et
1326 2611 1425 2643 deest;
1454 2610 1493 2637 ib.
1515 2610 1559 2637 H:
1587 2610 1624 2637 II.
1649 2610 1719 2637 Cor.
1742 2607 1811 2637 XIX

498 2650 526 2674 et
546 2644 580 2674 X.
656 2654 688 2674 11.
710 2646 753 2673 H:
776 2646 975 2673 commendal.
997 2645 1101 2672 Amen.
1122 2646 1155 2672 In
1177 2645 1266 2672 codd.
1283 2645 1307 2672 Ι)
1329 2649 1357 2671 ct
1378 2644 1403 2671 G
1426 2649 1594 2680 sequuntur
1615 2646 1670 2672 Ioci
1693 2645 1808 2680 aliquot

499 2681 680 2716 prolixiores
706 2690 742 2708 ex
767 2681 913 2716 operibus
940 2680 994 2708 SS.
1017 2680 1194 2715 Augustini,
1221 2680 1402 2713 Bernhardi,
1431 2687 1484 2706 nec
1511 2688 1571 2706 non
1600 2679 1677 2707 Petri
1699 2678 1808 2707 Come-

498 2716 602 2749 storis,
622 2715 736 2743 Rabani
759 2720 813 2743 etc.
834 2724 850 2742 a
871 2715 1005 2751 quodam
1028 2716 1071 2748 (ut
1091 2715 1221 2747 videtur)
1244 2714 1369 2742 Hussita
1391 2714 1559 2749 compilati,
1581 2722 1658 2749 quos
1679 2722 1747 2741 cum
1770 2713 1806 2740 ad

498 2759 561 2778 rem
583 2758 642 2777 non
665 2751 816 2784 pertinent
836 2750 885 2777 hic
905 2750 1079 2777 omisimus.
1197 2750 1232 2777 15.
1256 2749 1298 2776 D:
1326 2749 1512 2785 signantem
1537 2749 1577 2776 ib.
1599 2748 1643 2776 H:
1670 2752 1805 2776 vocatus.

499 2793 537 2821 17-
554 2785 597 2812 H:
615 2784 772 2820 profiteri.
827 2793 872 2812 20.
889 2784 962 2812 DG:
984 2784 1171 2812 beatideest.
1235 2791 1276 2810 22.
1293 2785 1337 2810 A:
1359 2784 1440 2819 cepit
1453 2791 1529 2810 eum.
1586 2782 1626 2810 25.
1644 2782 1686 2810 G:
1709 2784 1808 2810 decies

498 2819 591 2847 deest.
665 2819 703 2848 31.
724 2819 798 2847 DG:
827 2827 880 2848 eos
901 2820 994 2846 deest.
1066 2818 1113 2853 34.
1136 2819 1180 2846 H:
1203 2819 1306 2854 positi
1322 2818 1415 2845 deest.

572 2913 621 2935 12.
649 2903 777 2945 Gospel
804 2903 855 2934 for
882 2903 934 2934 ‘2¹¹⁴'
964 2903 1103 2945 Sunday
1131 2902 1216 2933 after
1241 2902 1386 2944 Trinity.
1472 2901 1526 2933 25.
1552 2901 1638 2932 Dan.
1656 2901 1729 2940 VI',
1755 2910 1804 2931 ιο.

1840 926 1878 946 ῐΟ

1837 1321 1872 1352 15
