2062 3276
175 885 212 906 10

174 1165 209 1197 15

173 1465 214 1486 20

174 2038 216 2069 30

141 2084 215 2114 Fol.

137 2129 214 2173 ’.η-»ὦς

227 241 363 270 55111110
384 231 452 287 vt]
697 243 889 283 Qum‘rix
919 243 1043 274 mas.

228 351 331 388 valet
363 351 440 387 tale
480 349 679 398 premium
720 350 941 398 temporale
982 350 1086 386 ultra
1126 349 1201 386 vite
1240 351 1464 388 necessaria
1504 352 1543 388 in

229 408 343 445 terris
376 408 670 454 absconditum,
704 421 795 444 cum
830 420 873 444 ex
905 416 1048 444 natura
1082 407 1427 456 corruptibilitatis
1461 418 1540 445 tam

230 465 403 503 hominis
456 479 577 515 quam
632 465 826 502 mercedis
880 465 963 502 eius
1016 465 1214 513 possessio
1267 467 1316 502 ab
1380 466 1542 503 homine

230 524 453 561 evanescit?
492 526 625 572 Erugo
659 523 763 560 enim
797 523 994 571 significat
1028 523 1191 560 fetidam
1226 523 1400 560 hominis
1434 524 1543 572 cupi-

229 582 394 619 ditatem
429 591 465 618 et
499 582 606 618 tinea
638 581 782 618 vermis
815 591 933 618 natus
966 583 1015 618 ab
1056 581 1270 618 intrinseco
1309 581 1439 630 signat
1478 595 1543 618 ne-

229 642 324 677 dum
370 640 546 677 thesauri
592 639 970 687 corruptibilitatem
1020 640 1087 675 sed
1131 639 1403 676 corrosionem
1451 653 1542 676 con-

229 698 398 735 sciencie
421 711 541 746 super
564 697 852 745 temporalibus
876 697 930 734 sic
955 697 1132 743 servatis,
1154 706 1191 733 et
1215 697 1269 734 sic
1292 697 1331 733 in
1354 698 1543 734 thesauro

229 767 386 793 terreno
433 757 581 792 nedum
630 758 679 792 ad
727 755 882 792 literam
933 755 1038 791 fures
1088 768 1222 791 muros
1268 755 1460 791 effodiunt
1507 765 1543 792 et

228 815 411 851 furantur
435 815 643 850 thesauros
668 813 925 850 absconditos
949 815 1015 849 sed
1040 812 1114 860 ipsi
1139 813 1297 861 dyaboli
1322 813 1542 861 infringunt

227 873 399 909 claustra
433 872 565 909 anime
599 881 635 908 et
677 871 987 907 retribucionem
1029 871 1214 907 celestem
1255 883 1326 918 per
1367 871 1543 907 cautelas

226 930 463 978 sophisticas
497 938 691 966 evacuant
713 930 773 966 vel
806 929 1051 976 extinguunt.
1087 928 1197 965 Sicut
1220 938 1354 965 autem
1385 929 1543 976 dyaboli

229 1001 271 1024 ex
294 988 431 1025 innata
455 987 612 1024 malicia
635 996 726 1023 sunt
752 988 977 1027 mendaces,
1012 986 1066 1023 sic
1100 999 1143 1022 ex
1172 986 1357 1035 nequicia
1381 986 1543 1034 propria

227 1056 318 1082 sunt
351 1055 387 1082 et
419 1046 537 1082 fures.

283 1103 593 1140 Thesaurizacio
609 1112 743 1140 autem
760 1103 864 1139 facta
882 1102 921 1138 in
938 1102 1031 1138 celis
1047 1111 1103 1138 est
1119 1115 1259 1139 secura
1274 1104 1322 1138 ab
1341 1102 1425 1138 istis
1441 1102 1542 1150 peri—

227 1162 338 1203 culis,
363 1175 454 1199 cum
471 1162 622 1198 fructus
646 1174 814 1209 operum
839 1173 977 1197 secure
1000 1170 1223 1209 sequuntur
1239 1159 1420 1196 homines
1444 1174 1542 1208 pure

227 1221 387 1257 celestia
410 1219 644 1268 cogitantes.
670 1222 717 1255 Et
734 1228 871 1282 ‘potest
894 1232 964 1266 per
989 1218 1191 1266 eruginem
1217 1227 1254 1255 et
1278 1218 1425 1255 tineam
1452 1231 1541 1254 cum

227 1279 367 1315 ceteris
419 1278 548 1315 verbis
601 1277 763 1314 annexis
816 1276 996 1313 denotari
1049 1278 1219 1324 putredo
1268 1276 1543 1313 concomitans

229 1350 352 1384 opera
398 1336 668 1373 misericoidie
713 1335 932 1382 corporalis
985 1348 1105 1382 supra
1150 1347 1273 1382 opera
1319 1334 1544 1371 misericor-

230 1394 292 1431 die
344 1394 580 1442 spiritualis
644 1403 686 1429 ut
744 1393 845 1429 sicut
899 1406 1020 1440 erugo
1074 1401 1131 1429 est
1183 1392 1451 1429 communiter
1503 1392 1543 1428 in

230 1452 402 1489 metallis
435 1462 472 1488 et
504 1452 611 1489 tinea
645 1451 684 1487 in
717 1451 976 1497 vestimentis,
1011 1450 1065 1487 sic
1100 1463 1221 1498 erugo
1245 1450 1463 1498 spiritualis
1488 1460 1545 1487 est

228 1511 267 1546 in
307 1510 534 1547 elemosinis
572 1509 722 1546 vocatis
762 1509 967 1557 perpetuis
1006 1518 1043 1545 et
1082 1508 1189 1545 tinea
1233 1508 1272 1544 in
1318 1508 1544 1544 elemosinis

229 1569 532 1616 temporalibus,
568 1581 658 1604 cum
692 1576 864 1616 utraque
900 1567 941 1603 fit
971 1566 1240 1603 communiter
1264 1579 1353 1602 cum
1379 1565 1545 1602 crimine

231 1628 498 1664 sordescente.
547 1629 594 1662 Et
633 1625 687 1662 sic
727 1625 818 1662 licet
852 1625 891 1661 in
924 1624 1239 1661 confessionibus
1272 1623 1465 1660 ieiunium
1500 1637 1545 1660 ac

231 1685 446 1721 elemosina
471 1684 740 1721 communiter
763 1693 854 1720 sunt
877 1682 1071 1727 iniuncta,
1112 1692 1246 1719 tamen
1270 1683 1544 1718 confessorum

231 1743 403 1780 avaricia
437 1752 493 1780 est
527 1756 619 1791 sepe
652 1742 693 1778 in
727 1754 847 1778 causa
880 1754 1003 1790 quare
1042 1741 1114 1777 iste
1154 1749 1287 1788 partes
1321 1740 1545 1788 penitencie

232 1814 273 1837 ex
307 1801 534 1838 intencione
568 1801 713 1837 infecta
746 1799 1016 1836 communiter
1050 1799 1318 1836 maculantur.
1352 1800 1400 1835 Et
1434 1807 1545 1846 patet

231 1861 337 1907 quod
378 1859 442 1896 ille
480 1860 581 1896 foret
622 1859 743 1895 stulto
783 1858 947 1894 stulcior
987 1857 1054 1906 qui
1088 1857 1307 1893 dimitteret
1340 1856 1546 1904 spirituale

230 1930 330 1965 opus
377 1916 647 1954 misericordie
692 1916 731 1952 in
777 1915 990 1952 celestibus
1034 1914 1357 1951 indefectibiliter
1389 1927 1547 1951 conser-

230 1985 366 2012 vatum
402 1984 438 2012 et
471 1976 696 2012 intenderet
735 1974 846 2021 operi
886 1973 1104 2021 corporalis
1146 1972 1432 2018 misericordie,
1478 1972 1545 2008 ubi

232 2046 275 2070 ex
308 2035 414 2070 fama
447 2033 568 2070 seculi
602 2042 639 2069 et
672 2033 811 2069 fraude
845 2031 1003 2080 dyaboli
1037 2040 1093 2067 est
1126 2040 1282 2068 tantum
1307 2030 1544 2078 periculum.

231 2094 278 2128 Et
312 2092 401 2128 ideo
425 2091 605 2128 Christus
640 2100 676 2127 et
708 2090 768 2126 sui
797 2087 801 2143 1
831 2090 1000 2138 apostoli
1033 2090 1111 2125 tale
1143 2102 1244 2137 opus
1275 2087 1546 2125 misericordie

231 2150 353 2186 nichil
386 2159 454 2186 aut
487 2149 690 2185 modicum
725 2149 997 2185 attendebant.
1033 2149 1081 2184 Et
1114 2156 1209 2183 nota
1242 2147 1350 2196 quod
1383 2146 1542 2194 dyaboli

233 2208 301 2256 qui
333 2209 517 2244 furantur
550 2208 758 2244 thesauros
798 2206 930 2244 anime
971 2218 1106 2242 muros
1147 2204 1229 2241 eius
1268 2206 1417 2241 nedum
1452 2204 1545 2240 effo-

233 2266 345 2302 diunt
378 2267 444 2302 sed
479 2266 606 2314 ipsam
641 2265 775 2302 anime
808 2264 1078 2301 substanciam
1113 2265 1296 2299 furantur
1325 2272 1361 2299 et
1385 2262 1546 2310 rapiunt

175 2329 209 2360 3-
233 2326 282 2361 ad
326 2324 539 2360 infernum.
594 2325 641 2360 Et
695 2336 784 2360 cum
834 2324 1045 2359 thesaurus
1090 2321 1263 2358 hominis
1318 2320 1367 2356 sit
1420 2319 1546 2356 iocale

176 2627 218 2657 ,ιο

233 2395 348 2418 suurn
384 2382 601 2419 maximum
633 2383 740 2430 quod
765 2381 889 2429 magis
914 2380 1169 2428 appreciatur
1191 2379 1231 2416 in
1254 2378 1402 2421 animo,
1436 2387 1546 2426 patet

234 2442 340 2489 quod
373 2439 687 2477 thesaurizantes
720 2439 760 2475 in
793 2439 907 2475 terris
941 2439 1066 2486 figunt
1098 2438 1138 2474 in
1161 2436 1413 2474 terrestribus
1438 2449 1546 2472 men-

233 2508 312 2535 tem
353 2511 466 2535 suam
507 2508 543 2534 et
583 2497 899 2534 thesaurizantes
938 2496 978 2532 in
1018 2496 1109 2533 celis
1148 2508 1268 2544 super
1313 2504 1460 2531 terram
1507 2493 1547 2529 in

234 2556 444 2593 celestibus
479 2565 777 2592 conversantur.
812 2555 887 2592 Ubi
923 2554 1026 2590 enirn
1052 2563 1108 2590 est
1132 2553 1296 2590 affeccio
1320 2552 1547 2589 substancie

234 2615 367 2651 anime
400 2628 477 2663 que
511 2613 657 2650 dicitur
690 2627 758 2650 cor
790 2613 976 2659 hominis,
1010 2612 1063 2648 ibi
1098 2621 1154 2648 est
1187 2612 1272 2660 ipsa
1305 2610 1546 2647 substancia.

301 2736 324 2764 5
342 2736 409 2763 DE:
432 2736 616 2763 intrinseco.
681 2744 706 2770 7.
721 2737 766 2763 A:
786 2743 879 2770 ςιιμν
893 2735 1113 2775 [tmporaltbus
1127 2734 1224 2761 twice.
1292 2732 1415 2767 14.Ein
1433 2740 1547 2770 ming-z

237 2771 474 2806 ΤΙιιεαιινίῖαειο
495 2771 525 2798 in
546 2771 629 2797 celis.
703 2770 743 2797 18.
764 2771 808 2797 A:
836 2778 931 2809 supra
952 2778 1065 2797 omma
1140 2777 1181 2804 19.
1203 2770 1247 2796 A:
1271 2771 1384 2796 estut
1410 2767 1439 2794 ib
1472 2766 1495 2793 E
1517 2775 1544 2793 111

235 2815 272 2833 m
267 2814 349 2846 irg
377 2813 489 2839 ⁶>thch
563 2812 608 2831 2.o
630 2804 703 2832 Ein
725 2813 839 2839 marg:
867 2805 960 2831 tinea.
1035 2804 1072 2831 25.
1097 2804 1136 2831 E:
1161 2812 1230 2843 Jspse
1270 2806 1364 2831 artes.
1439 2801 1484 2828 30.
1505 2801 1546 2828 E:

232 2841 348 2868 simmli
366 2840 446 2873 etjr
449 2839 538 2867 iude.
658 2838 704 2866 36
726 2839 958 2866 E.2711.·'x1mum
979 2839 1051 2874 quia
1073 2847 1178 2873 1111315·
1198 2812 1371 2873 ῖῇζσίίνιωη
1393 2845 1422 2863 ιη
1444 2843 1546 2862 immo

229 2884 263 2910 p
254 2878 326 2902 net
400 2875 447 2910 59.
467 2875 491 2902 E
511 2875 541 2902 in
562 2882 658 2909 marg.
671 2884 676 2889 ·
671 2873 846 2909 .4fftcci0

1786 239 1832 274 55

1619 1109 1774 1148 Heavenly

1604 1149 1741 1171 treasure
1761 1154 1787 1172 is

1639 1187 1754 1206 secure.

1577 1398 1687 1433 Super
1682 1406 1727 1425 101
1731 1397 1771 1425 itv
1792 1402 1823 1426 ot

1590 1429 1802 1503 ξὲὲῖἰῗέιιηέἓ
