2062 3276
185 277 261 321 164

221 397 289 425 The
310 397 409 431 Popes

232 432 341 459 should
366 433 399 458 be

216 467 416 502 suppressed.

234 1331 270 1350 or
290 1323 399 1363 should

261 1366 373 1393 resign.

241 2136 336 2165 Tried
359 2137 397 2172 by

238 2173 282 2200 St.
306 2173 405 2199 Paul‘s

264 2208 379 2235 sixteen

197 2242 373 2269 conditions
394 2249 440 2268 we

207 2278 268 2304 lind
291 2277 363 2304 both
384 2285 434 2303 are

182 2312 372 2339 Antichrists
393 2311 451 2338 and

226 2347 365 2382 opposed
387 2351 417 2373 to

260 2382 388 2417 charity.

768 282 991 315 JOHANNIS
1011 281 1195 313 WYCLIF
1215 280 1470 312 SERMONUM
1526 267 1676 324 [SERMO
1698 277 1778 305 Xlx.

526 389 714 426 Meritum
750 401 843 436 ergo
876 387 1016 436 populi
1049 387 1206 424 videtur
1238 395 1343 423 stare
1367 385 1407 422 in
1430 385 1505 423 isto
1529 386 1636 434 quod
1660 385 1778 422 simul

467 448 528 484 vel
580 447 795 495 separatim
850 447 1069 494 prudenter
1127 445 1288 481 invadat
1341 453 1558 492 utrumque
1610 443 1777 480 istorum

468 518 664 554 paparum
700 514 736 541 et
771 513 887 552 cogat
921 504 1050 552 ipsum
1077 505 1258 539 deserere
1282 512 1407 539 totam
1433 501 1627 538 cesariam
1651 501 1779 549 digni—

468 572 605 600 tatem.
653 564 752 599 Cum
794 562 897 598 enirn
941 561 1046 598 idem
1086 560 1136 597 sit
1180 560 1353 597 militare
1401 572 1474 608 pro
1508 558 1666 595 Christo
1700 559 1780 595 sive

469 621 632 658 diabolo
666 630 702 657 et
736 619 910 656 militare
943 632 1016 668 pro
1050 619 1130 655 suis
1162 618 1329 666 legibus,
1362 618 1519 654 videtur
1542 618 1650 666 quod
1674 619 1815 653 totus5

469 679 789 716 christianismus
822 677 1014 714 occiduus
1047 677 1087 713 in
1120 677 1326 713 ministros
1360 675 1509 713 Christi
1554 684 1592 711 et
1631 674 1781 711 diaboli

469 746 526 774 est
559 737 720 773 divisus.
757 735 832 781 Qui
868 735 972 772 enim
1005 736 1193 771 laborant
1226 736 1275 771 ad
1300 734 1584 771 stabiliendum
1609 733 1779 769 alterum

471 794 638 831 istorum
673 807 871 843 paparum
906 794 946 830 in
978 806 1051 829 suo
1085 793 1254 829 seculari
1289 792 1471 829 dominio
1504 800 1594 827 sunt
1617 790 1781 827 indubie

470 853 642 889 ministri
676 851 841 898 diaboli,
886 864 976 888 cum
1022 852 1208 888 laborant
1253 850 1367 887 anxie
1400 851 1450 886 ad
1483 849 1779 886 defendendum

470 912 596 959 legem
633 910 782 947 diaboli
817 918 853 946 et
886 910 1012 958 legem
1048 909 1211 946 Domini
1246 909 1547 945 destruendum.
1582 909 1630 943 Et
1663 918 1841 954 super1o

469 969 545 1006 isto
579 970 860 1006 erubescerent
895 967 1027 1004 cuncti
1060 967 1127 1016 qui
1160 980 1282 1003 unum
1325 979 1473 1015 papam
1513 965 1569 1001 sic
1600 964 1783 1001 nituntur

469 1028 673 1063 destruere
707 1036 743 1062 et
776 1026 898 1062 aliurn
933 1026 1066 1062 taliter
1099 1026 1285 1062 exaltare.
1320 1024 1393 1061 Via
1434 1032 1568 1060 autem
1609 1022 1705 1059 levis
1745 1030 1783 1059 et

470 1085 677 1122 meritoria
711 1084 859 1121 Christi
892 1083 1056 1120 indubie
1090 1083 1156 1131 qui
1190 1092 1247 1120 est
1288 1094 1460 1131 persona
1505 1080 1636 1117 media
1681 1081 1783 1117 foret

469 1152 686 1192 utrumque
709 1151 903 1191 papatum
929 1143 1145 1187 destruere,
1178 1154 1266 1178 cum
1291 1141 1363 1177 iste
1387 1139 1602 1187 dignitates
1625 1150 1784 1175 cesaree

469 1201 547 1237 sint
579 1214 623 1238 os
657 1202 764 1250 quod
799 1200 981 1236 diabolus
1015 1199 1304 1236 coniecturavit
1339 1198 1441 1234 mitti
1475 1197 1642 1234 canibus
1674 1196 1840 1233 viam-15

469 1259 575 1295 tibus
609 1261 657 1295 ad
691 1260 965 1307 pugnandum.

529 1318 629 1353 Cum
680 1329 774 1364 ergo
819 1317 964 1352 caritas
1008 1328 1080 1351 non
1125 1316 1249 1364 querit
1295 1327 1364 1364 que
1398 1327 1466 1350 sua
1499 1320 1601 1359 sunt,
1643 1320 1784 1349 neuter

470 1374 638 1411 istorum
673 1387 868 1423 paparum
906 1382 1091 1422 quereret
1131 1372 1206 1409 sibi
1245 1372 1351 1409 istud
1396 1373 1628 1408 merdosum
1674 1383 1783 1407 com-

473 1435 638 1469 modum
684 1434 745 1469 vel
790 1433 1000 1477 honorem,
1055 1433 1123 1467 sed
1167 1431 1296 1479 ipsum
1343 1431 1563 1466 secundum
1610 1429 1783 1466 formam

471 1490 566 1539 legis
600 1490 749 1527 Christi
783 1492 969 1527 deserens
1014 1502 1055 1526 se
1096 1489 1350 1525 submitteret
1384 1487 1589 1524 humiliter
1622 1486 1783 1523 ordina—
1802 1498 1844 1520 20

472 1549 577 1585 cioni
606 1545 610 1601 1
641 1558 677 1585 et
711 1548 875 1585 monitis
906 1550 997 1584 Jesu
1031 1547 1191 1584 Christi.
1245 1548 1305 1582 Ad
1346 1547 1421 1583 hoc
1455 1546 1560 1582 enim
1595 1546 1703 1593 quod
1735 1543 1785 1580 sit
1800 1535 1883 1597 {³0¹2

471 1606 731 1643 immediatus
756 1605 904 1643 Christi
937 1605 1107 1642 vicarius
1142 1604 1359 1653 requiritur
1392 1603 1523 1652 ipsum
1561 1603 1601 1639 in
1624 1602 1784 1639 humili-
1802 1580 1866 1614 ³⁰8

471 1674 565 1709 tate,
610 1673 849 1713 paupertate
895 1672 930 1700 et
963 1663 1142 1699 virtuoso
1177 1663 1399 1699 ministerio
1434 1661 1599 1699 ecclesie
1631 1661 1787 1709 precel-

473 1724 553 1759 lere
587 1723 688 1759 alios
711 1723 853 1759 fratres
878 1735 982 1767 suos,
1017 1723 1083 1757 sed
1118 1728 1174 1765 (ut
1196 1721 1252 1757 sic
1277 1718 1541 1771 contendunt)
1575 1719 1785 1756 manifeste

471 1780 650 1817 indicant
696 1782 804 1829 quod
848 1781 996 1817 nedum
1045 1779 1282 1816 excellencia
1327 1780 1395 1815 sed
1440 1777 1677 1826 simpliciter
1709 1776 1784 1813 vir-
1802 1778 1843 1810 25

471 1838 622 1875 tutibus
645 1838 730 1875 istis
754 1847 902 1875 carent.
937 1837 1122 1874 Meritum
1149 1850 1242 1885 ergo
1267 1836 1433 1873 ecclesie
1455 1836 1557 1873 foret
1581 1837 1785 1872 destruere

471 1897 547 1933 hoc
580 1896 841 1933 seminarium
876 1894 1146 1932 controversie
1179 1908 1250 1943 per
1283 1895 1488 1931 diabolum
1524 1893 1784 1930 adinventum

473 1963 510 1991 et
542 1967 623 1991 non
656 1955 891 2003 blaspheme
916 1956 1077 1990 credere
1102 1955 1209 2002 quod
1234 1953 1415 1990 Christus
1439 1965 1511 2000 pro
1536 1951 1785 1988 defendenda

472 2021 585 2061 parte
631 2012 780 2049 diaboli
827 2014 896 2049 has
943 2011 1217 2059 indulgencias
1262 2010 1446 2048 concedit
1491 2019 1528 2046 et
1574 2017 1714 2046 contra
1746 2020 1786 2044 se

472 2070 603 2119 ipsum
636 2079 748 2107 tanta
781 2070 968 2117 suffragia
1002 2072 1138 2106 donat.
1803 2078 1845 2101 ,πο

530 2130 578 2164 Et
611 2128 667 2165 sic
700 2128 923 2165 discurrere
957 2137 1090 2176 posset
1136 2127 1262 2163 fidelis
1307 2139 1378 2175 per
1423 2125 1521 2163 alias
1555 2124 1785 2173 quindecim

473 2186 733 2222 condiciones
768 2186 946 2223 caritatis
980 2198 1077 2234 quas
1112 2186 1256 2221 Paulus
1303 2184 1508 2232 exprimit3
1554 2195 1597 2219 ex
1642 2182 1785 2231 quibus

474 2253 628 2292 pateret
651 2245 739 2280 luce
764 2244 910 2281 clarius
934 2245 1040 2292 quod
1065 2252 1234 2291 uterque
1257 2242 1424 2278 istorum
1442 2239 1784 2278 Antichristorurn

473 2303 630 2339 laborat
662 2302 810 2338 invidia
843 2302 1032 2350 opposita
1066 2300 1236 2338 caritati.
1279 2302 1364 2345 Que
1398 2312 1496 2347 rogo
1530 2298 1659 2335 maior
1692 2310 1784 2334 can-

475 2360 615 2396 dencia
649 2360 853 2397 emulandi
898 2373 1018 2408 quam
1063 2359 1301 2407 promittere
1346 2358 1569 2405 cuicunque
1603 2355 1785 2404 explicite
1803 2356 1842 2389 '35

472 2419 533 2454 vel
565 2418 761 2466 implicite
794 2417 1092 2454 absolucionem
1129 2430 1150 2453 a
1183 2429 1283 2465 pena
1319 2426 1355 2452 et
1389 2416 1505 2463 culpa
1530 2413 1595 2463 qui
1621 2422 1785 2450 cunctos

473 2489 566 2512 suos
599 2475 849 2513 adversarios
884 2475 1079 2524 opprimit
1111 2475 1172 2511 vel
1204 2474 1364 2514 occidit,
1411 2473 1503 2509 licet
1537 2472 1614 2508 sint
1658 2471 1785 2508 mille-

474 2533 548 2570 sies
582 2534 716 2570 mille?
762 2543 798 2571 et
838 2534 925 2570 finis
958 2534 1185 2570 fructuosus
1219 2545 1336 2581 quem
1372 2544 1414 2568 ex
1447 2542 1619 2568 onerosa
1651 2542 1785 2577 pugna

474 2591 589 2628 huius
621 2591 831 2628 sortiretur
863 2592 964 2628 foret
997 2590 1220 2628 dominium
1255 2602 1449 2626 annexum
1487 2587 1666 2637 papatui,
1699 2588 1786 2624 laus

544 2722 569 2741 2.
592 2714 660 2742 DE:
689 2714 845 2741 invadant.
938 2715 965 2740 (ἱ,
986 2713 1011 2740 Ε
1031 2713 1060 2740 in
1083 2721 1196 2748 marg:
1225 2711 1361 2739 „llililarc-
1379 2719 1436 2746 pro
1457 2710 1577 2738 Christo
1599 2711 1646 2737 vel
1664 2709 1786 2737 diaholo

474 2751 519 2775 est
537 2750 672 2776 militare
688 2757 747 2784 pro
767 2752 832 2776 suis
853 2748 981 2785 legibur.
1108 2755 1144 2775 12.
1166 2747 1190 2774 E
1210 2747 1239 2774 iu
1262 2755 1375 2780 marga
1404 2746 1456 2773 Via
1476 2746 1635 2773 meritoria
1655 2748 1685 2772 et
1702 2744 1785 2771 [σνίε.

476 2791 516 2814 14.
539 2783 607 2811 DE:
636 2787 793 2819 utrumque
808 2786 983 2819 primatum.
1066 2782 1103 2810 15.
1125 2783 1167 2809 A:
1197 2782 1432 2808 conlurluravit.
1515 2788 1554 2808 21.
1575 2780 1599 2807 E
1619 2780 1648 2806 in
1671 2787 1784 2813 marg:

476 2817 593 2846 Christi
610 2818 801 2846 immediatus
821 2818 966 2846 1¹1'cc1r1'us.
1039 2818 1085 2844 213.
1107 2817 1176 2844 DE:
1197 2819 1280 2843 esset.
1354 2815 1400 2843 36.
1422 2815 1490 2843 DE:
1512 2819 1540 2843 el
1559 2822 1577 2842 α
1599 2814 1697 2849 culp-‘1-

551 2911 599 2944 17·
627 2900 648 2933 I.
678 2901 756 2932 Cor.
783 2900 867 2940 Xlll,
897 2899 925 2931 5.
