2062 3276
118 255 194 292 332
699 265 922 296 JOHANNIS
941 265 1125 296 WYCLIF
1146 264 1401 297 sERMONUM
1480 251 1632 309 [smnio
1654 262 1716 292 xL.

405 371 562 408 defectu
596 370 688 407 fidei
722 380 758 407 et
797 370 1029 408 inordinato
1063 384 1201 408 amore
1240 372 1290 407 ad
1323 371 1565 420 temporalia
1605 374 1715 421 quod

405 428 646 465 dimittimus
679 428 796 465 istam
832 430 978 477 legem;
1021 438 1057 466 et
1091 431 1458 478 quomodocunque
1489 443 1597 467 nunc
1629 443 1716 467 sen-

404 487 573 524 serimus
607 488 654 523 de
687 486 761 523 ista
785 487 989 524 sentencia
1022 487 1062 523 in
1086 488 1186 524 hora
1220 487 1374 532 mortis,
1410 489 1572 536 quando
1596 489 1716 525 habe-

405 545 536 581 bimus
576 545 664 593 plus
702 557 843 581 sanum
884 545 1092 593 iudicium,
1133 545 1187 582 sic
1227 545 1495 582 iudicabimus
1535 547 1716 583 dolentes

406 605 512 652 quod
545 602 644 639 illud
677 603 902 641 omisimus.
949 603 1065 640 Fides
1098 603 1235 652 itaque
1270 605 1385 640 debet
1420 616 1503 640 esse
1536 604 1714 641 fidelium
1735 605 1751 637 5

405 662 511 710 quod
559 674 639 697 non
685 669 742 697 est
781 661 973 709 possibile
1018 661 1127 709 ipsos
1167 661 1316 698 assumi
1365 663 1415 698 ad
1456 662 1585 698 celum
1639 662 1716 698 nisi

405 722 510 756 Deus
545 731 612 755 eos
645 719 922 767 assumpserit,
957 732 1030 756 nec
1070 720 1237 756 assumit
1269 719 1345 756 nisi
1384 720 1633 757 voluntarios
1679 729 1715 757 et

406 777 634 824 deiformes,
669 790 759 813 cum
783 786 943 825 oportet
967 779 1072 813 Deus
1096 777 1271 825 sigillare
1301 790 1368 814 eos
1392 787 1597 827 tamquam
1624 791 1716 815 con-

404 836 553 872 formes
585 834 781 872 voluntati
815 848 884 871 sue
917 844 953 871 et
993 835 1049 871 sic
1083 848 1150 871 eos
1183 837 1343 872 trahere
1377 838 1484 884 quod
1518 845 1715 885 repugnat

405 893 638 942 gibbositati
671 893 869 941 superbie.
905 894 998 929 Ideo
1032 893 1128 929 fides
1153 893 1371 930 christiana
1404 903 1574 930 testatur
1607 895 1714 943 quod
1735 906 1773 926 10

406 960 566 999 oportet
599 964 739 988 omnes
763 952 939 988 volentes
973 951 1122 987 intrare
1146 951 1318 999 patriam
1354 951 1555 988 declinare
1578 965 1714 1001 super-

407 1010 527 1055 biam,
561 1022 653 1046 nam
680 1010 874 1057 superbos
898 1022 978 1045 non
1003 1010 1191 1046 cedentes
1216 1012 1299 1046 Deo
1325 1018 1365 1046 ut
1390 1009 1529 1046 lucifer
1553 1019 1714 1058 oportet

406 1069 456 1104 ad
489 1080 581 1115 yma
615 1067 731 1112 deici,
767 1069 872 1115 quod
907 1076 1074 1104 vocatur
1103 1067 1323 1114 humiliari,
1358 1076 1395 1104 et
1419 1067 1589 1104 humiles
1622 1070 1714 1105 obe-

407 1125 560 1162 dientes
606 1125 821 1161 influencie
863 1124 994 1162 divine
1039 1134 1199 1173 oportet
1238 1127 1287 1162 ad
1333 1125 1495 1162 celestia
1535 1126 1713 1163 exaltari.

406 1185 499 1220 Ideo
539 1183 695 1219 discant
728 1196 868 1219 uxores
909 1183 1178 1220 humilitatem
1220 1192 1256 1220 et
1295 1183 1572 1221 obedienciam
1607 1185 1773 1232 post-15

406 1241 537 1289 posita
577 1241 764 1289 superbia
809 1241 902 1278 viris
942 1241 1035 1287 suis,
1083 1241 1240 1278 discant
1284 1241 1500 1278 servientes
1547 1244 1713 1279 eandem

406 1299 627 1336 leccionem
669 1312 825 1336 servare
870 1299 951 1335 suis
991 1299 1206 1348 prepositis
1251 1308 1287 1336 et
1327 1300 1484 1337 discant
1523 1300 1716 1348 prepositi

406 1366 580 1394 tractare
603 1370 695 1393 suos
720 1357 934 1403 subiectos,
960 1357 1166 1394 humiliter
1188 1371 1269 1395 non
1292 1359 1476 1407 superbe,
1511 1371 1715 1395 commen—

407 1417 540 1452 dando
573 1415 613 1452 in
648 1428 789 1452 manus
813 1415 883 1452 Dei
917 1417 1135 1452 secundum
1171 1429 1262 1453 suas
1286 1417 1389 1464 leges
1423 1426 1459 1453 et
1491 1417 1716 1454 voluntates

406 1483 537 1510 totum
571 1486 671 1522 opus
705 1473 764 1509 sui
798 1474 1015 1521 regiminis.
1732 1486 1774 1507 20

160 1537 346 1564 21³atience
465 1533 514 1568 Et
559 1540 669 1580 patet
715 1544 759 1568 ex
803 1531 888 1568 istis
928 1534 1035 1580 quod
1079 1540 1239 1580 oportet
1279 1532 1486 1569 caritatem
1534 1533 1716 1580 regulare

136 1571 370 1634 Ῐξῗιῖἰῆιῃζῖζῗζᾏξ
406 1589 584 1638 undique
618 1589 858 1626 christianos
892 1599 928 1626 et
961 1590 1149 1638 postponi
1174 1590 1379 1636 invidiam,
1413 1590 1506 1638 quia
1535 1590 1650 1626 aliter
1674 1590 1715 1626 fit

131 1641 380 1704 5¹x¹2¹¹¹sggnlgs¹¹¹tffl¹¹e
408 1650 531 1684 homo
565 1657 749 1684 mortuus
782 1647 1049 1696 spiritualiter
1081 1648 1248 1696 frigidus
1283 1657 1318 1684 et
1353 1648 1574 1696 exsanguis,
1614 1648 1715 1684 sicut

157 1711 300 1737 coldness
321 1712 355 1739 οἱ
408 1707 624 1754 prophetat
658 1705 840 1742 Christus
873 1705 1041 1742 Matthei
1064 1707 1220 1752 XXIV‘),
1263 1717 1306 1742 12
1342 1708 1450 1754 quod
1484 1707 1716 1756 refrigescet

204 1747 305 1773 asath.
407 1765 551 1800 caritas
573 1764 797 1799 multorum.
833 1766 880 1799 Et
905 1764 1002 1800 illud
1036 1764 1157 1811 frigus
1181 1764 1329 1811 fugavit
1362 1766 1559 1800 secundus
1583 1776 1714 1800 sermo
1732 1766 1771 1798 25

407 1822 555 1858 Christi
570 1821 609 1857 in
626 1834 755 1868 cruce,
771 1835 850 1870 quo
869 1824 973 1858 Luce
988 1823 1145 1869 XX1110,
1158 1822 1207 1868 43
1227 1822 1371 1870 legitur
1387 1822 1531 1858 dixisse
1547 1822 1713 1858 latroni:

405 1880 534 1915 Hodie
566 1892 711 1915 mecum
745 1880 822 1916 eris
860 1880 895 1915 in
923 1880 1134 1929 paradiso;
1171 1880 1237 1916 ubi
1271 1880 1508 1928 exprimitur
1548 1879 1714 1916 comita-

406 1937 507 1973 tivus
541 1950 656 1974 amor
695 1937 733 1973 in
767 1937 881 1974 bonis
920 1951 1000 1974 non
1032 1938 1160 1974 solum
1201 1937 1341 1974 amicis
1373 1940 1441 1974 sed
1476 1938 1602 1974 eciam
1642 1937 1715 1973 ini-

408 1995 533 2032 micis.
581 1995 644 2032 Sic
679 1995 783 2031 enim
817 2004 977 2043 oportet
1015 2008 1089 2032 nos
1122 1995 1352 2032 crucialiter
1386 1996 1551 2044 diligere
1584 1998 1712 2032 Deum

406 2066 527 2101 supra
566 2066 652 2099 nos,
694 2053 796 2090 sicut
842 2063 878 2090 et
917 2053 1109 2090 infesiora
1149 2054 1313 2090 homine
1352 2054 1392 2089 in
1431 2063 1575 2091 natura
1617 2062 1653 2090 et
1693 2057 1772 2090 asso

407 2111 552 2148 dextris
599 2124 644 2148 ac
694 2111 864 2147 sinistris
910 2121 991 2148 tam
1042 2111 1196 2148 amicos
1245 2125 1364 2160 quam
1412 2112 1611 2148 inimicos.
1665 2113 1714 2147 Et

407 2178 537 2206 movet
570 2171 619 2206 ad
659 2170 735 2205 hoc
769 2169 878 2206 racio
911 2169 1118 2215 naturalis,
1160 2182 1250 2206 cum
1285 2170 1374 2218 plus
1408 2169 1463 2206 sic
1497 2182 1617 2218 quam
1653 2182 1713 2206 ex-

406 2229 633 2275 asperando
667 2226 851 2263 inimicos
875 2227 1113 2275 proficimus
1146 2227 1261 2264 nobis
1284 2227 1393 2276 ipsis.
1430 2227 1714 2264 Irracionabile

405 2285 541 2334 itaque
576 2284 862 2321 commercium
904 2285 1130 2321 invidorum
1166 2285 1232 2334 qui
1265 2285 1469 2322 laboriose
1508 2294 1544 2322 et
1578 2299 1714 2333 sump—

405 2352 520 2379 tuose
560 2343 806 2380 deteriorant
839 2356 878 2379 se
916 2343 1037 2391 ipsos,
1072 2352 1114 2379 ut
1146 2352 1318 2380 noceant
1351 2343 1537 2380 inimicis.
1582 2343 1769 2380 Nichil35

406 2401 510 2437 enim
537 2400 663 2449 magis
687 2402 915 2438 accumulat
939 2400 1140 2448 inimicos,
1175 2410 1211 2438 et
1235 2414 1305 2450 per
1328 2414 1589 2450 consequens,
1623 2414 1711 2438 cum

354 2483 356 2485 >
406 2459 563 2496 invidus
607 2459 746 2495 statuit
784 2458 858 2495 sibi
904 2472 976 2507 pro
1023 2460 1160 2507 regula
1205 2461 1313 2508 quod
1358 2459 1469 2496 odiat
1513 2459 1713 2506 inimicos,

405 2526 515 2565 patet
563 2518 671 2565 quod
712 2530 755 2553 ex
800 2517 1088 2554 commixtione
1127 2516 1344 2554 inimicicie
1389 2517 1535 2554 caritas
1573 2517 1713 2566 populi

405 2574 639 2623 refrigescit.
687 2575 751 2611 Sic
800 2575 903 2611 enim
950 2575 989 2610 in
1038 2575 1216 2611 accensis
1263 2575 1462 2612 cineribus
1507 2575 1711 2611 commixti

473 2705 492 2724 1.
516 2697 558 2724 H:
587 2700 615 2724 et
635 2697 729 2724 deest.
815 2705 839 2725 2.
862 2697 934 2724 liG:
956 2698 1051 2724 illam.
1141 2697 1165 2724 5.
1188 2697 1231 2724 A:
1258 2697 1424 2724 amisimus.
1511 2696 1538 2723 6.
1560 2696 1603 2723 H:
1630 2696 1714 2730 ipsos

402 2731 579 2758 avoendere.
652 2734 679 2758 δ’.
704 2732 744 2758 H:
766 2740 818 2759 eos
838 2732 931 2759 deest.
1001 2740 1029 2763 o.
1054 2731 1095 2758 H:
1116 2731 1244 2759 trahere
1264 2732 1358 2758 deest.
1434 2731 1473 2758 18*
1495 2731 1539 2758 H:
1561 2730 1714 2763 subditos,-

403 2767 443 2793 ib.
460 2766 484 2793 G
498 2776 503 2793 z
523 2765 673 2801 superbie.
746 2774 789 2793 22.
805 2767 849 2794 A:
870 2767 1021 2801 preponi,⁴
1045 2766 1087 2793 H:
1105 2766 1279 2801 postposita
1294 2765 1414 2793 invidia
1424 2776 1434 2798 ,·
1454 2766 1493 2793 ib.
1512 2766 1535 2793 D
1552 2766 1580 2792 in
1597 2774 1692 2798 marg.
1706 2775 1711 2792 :

407 2801 523 2828 Contra
546 2800 704 2827 invidiam.
859 2808 903 2835 27.
926 2802 949 2828 i>
970 2801 998 2828 in
1022 2809 1134 2835 marga
1162 2800 1266 2827 Hodie
1285 2809 1399 2828 mecum
1419 2802 1481 2828 eris
1501 2801 1531 2828 in
1547 2800 1712 2835 paradiso.

403 2844 446 2870 27,
467 2836 511 2862 28.
534 2835 607 2862 DH:
629 2836 898 2862 communic-alimi-
975 2843 1021 2870 25).
1045 2835 1087 2862 G:
1109 2835 1292 2862 amicaliter.
1359 2834 1405 2862 30.
1427 2835 1471 2862 H:
1493 2838 1522 2861 e!
1541 2835 1617 2861 aster
1635 2834 1713 2861 sicul

403 2870 496 2897 deest.
559 2869 596 2897 31.
618 2869 724 2897 DGH:
747 2873 776 2897 el
795 2878 813 2896 α
833 2870 975 2897 sinistris.
1038 2869 1080 2897 33.
1104 2870 1145 2896 Ηε
1168 2870 1313 2897 nobismet
1333 2869 1417 2904 ipsis.
1478 2868 1522 2904 37.
1544 2870 1586 2896 A:
1609 2868 1708 2896 odeat,

403 2904 446 2932 38.
470 2905 510 2931 H:
533 2905 614 2938 qnod
633 2905 731 2933 deest:
754 2904 792 2930 ib.
816 2905 857 2931 A:
887 2912 923 2931 ex
943 2905 1036 2931 deest.
1109 2903 1156 2940 39.
1180 2903 1250 2931 DG:
1271 2903 1475 2931 terrestribus.

2047 2661 2062 2816 ‚mh-⁴
2055 2610 2062 2647 μ.-
