2062 3276
153 485 230 512 How
253 484 358 512 Christ

124 528 186 546 was
207 519 291 546 three
312 528 386 556 days

204 554 234 581 in
256 555 305 581 the

171 589 339 624 sepulchre.

131 1585 198 1612 The
218 1583 380 1611 Eucharist

123 1628 191 1647 mav
211 1620 246 1646 be
265 1618 359 1646 called
381 1626 397 1644 a

123 1651 207 1681 lomb
228 1654 262 1681 of
280 1652 394 1681 Christ.

145 2161 212 2188 The
233 2161 369 2188 material

155 2203 211 2222 suu
233 2195 291 2222 and
313 2196 363 2222 the

205 2238 261 2257 sun
283 2230 317 2256 of

135 2264 384 2299 Righteousness.

698 255 921 287 JOHANNIS
940 254 1125 286 wvcmr
1145 254 1400 286 sERMoNUM
1449 240 1600 297 [SERMO
1623 251 1714 278 xm.

407 363 547 398 eodem
582 361 644 397 die
676 362 855 409 sepultus
889 369 946 397 est
979 372 1048 409 per
1082 359 1345 396 ministerium
1379 360 1525 408 „loseph
1558 360 1606 395 ab
1630 358 1716 396 Ari-

408 419 560 456 mathia
593 428 630 455 et
662 418 874 455 Nicodemi
907 420 966 465 (ut
998 427 1106 466 patet
1139 418 1391 464 joh.X1X0)‚
1426 426 1462 453 et
1495 430 1585 453 cum
1621 426 1716 453 tunc

406 477 481 514 fuit
518 489 645 525 prope
686 476 967 525 equinoccium
1006 477 1180 522 vernale,
1226 484 1336 524 patet
1374 477 1482 523 quod
1525 475 1717 523 incipien-

407 535 511 571 tibus
557 534 661 571 diem
706 534 930 571 naturalem
978 533 1017 570 in
1062 533 1194 570 medio
1238 532 1367 569 noctis
1408 536 1502 581 (quo
1535 532 1716 569 Christus

406 601 522 630 natus
555 595 627 637 est)
661 592 842 629 Christus
876 591 1014 628 habuit
1048 593 1095 628 de
1128 591 1190 628 die
1224 593 1464 627 Parasceues
1497 603 1562 627 sex
1600 591 1717 627 horas

407 660 444 687 et
476 652 523 687 de
557 659 697 687 sancto
730 651 898 686 sabbato
931 649 1068 697 viginti
1103 658 1277 697 quatuor
1311 649 1429 685 horas
1463 650 1531 685 sed
1572 650 1619 684 de
1653 648 1716 685 die

407 707 613 745 dominico
647 708 714 756 qui
759 708 831 744 fuit
877 707 1007 755 prima
1051 707 1207 744 sabbati
1251 706 1350 743 alias
1389 719 1454 743 sex
1498 708 1631 753 horas,
1672 718 1717 743 eo

407 768 514 815 quod
560 766 773 802 resurrexit
818 777 908 801 cum
954 766 1054 810 luce,
1100 774 1137 801 et
1181 764 1237 801 sic
1281 764 1446 812 triginta
1491 777 1554 801 sex
1599 765 1718 801 horas

406 824 528 861 iacuit
555 824 594 860 in
617 824 821 872 sepulcro:
857 832 893 859 et
916 823 972 859 sic
997 822 1256 871 intelligenda
1279 831 1336 858 est
1359 822 1558 870 scriptura
1583 822 1717 859 dicens

407 883 513 930 quod
558 881 740 918 Christus
779 881 909 917 triduo
947 882 1016 917 sed
1059 893 1139 917 non
1178 892 1249 929 per
1292 879 1472 916 triduum
1511 879 1635 916 iacuit
1678 880 1719 916 in

406 940 604 988 sepulcro.
640 941 753 976 Unde
778 938 872 987 quia
905 939 1050 975 veritas
1084 938 1177 975 fidei
1209 937 1407 974 sensibilis
1440 939 1487 974 de
1521 950 1719 974 resurrec-

408 997 521 1034 cione
560 1010 641 1034 non
675 996 815 1034 habuit
846 995 1124 1034 testimonium
1167 995 1413 1032 sensacionis
1448 995 1613 1032 ecclesie
1645 1009 1718 1044 pro

407 1055 730 1092 autenticacione
770 1054 967 1103 scripture
1006 1067 1118 1091 sacre
1151 1066 1227 1103 que
1266 1062 1324 1090 est
1364 1053 1567 1090 efficacior
1598 1066 1718 1102 quam

407 1113 683 1150 testimonium
730 1125 932 1159 sensuum,
979 1112 1090 1149 addit
1135 1112 1335 1160 scriptura
1384 1113 1492 1160 quod
1538 1112 1720 1148 Christus

409 1171 622 1208 resurrexit
654 1171 777 1208 tercia
811 1171 873 1207 die
906 1171 1126 1207 secundum
1160 1170 1265 1218 scrip
1294 1166 1298 1223 Ι
1327 1179 1450 1206 turas.
1496 1171 1609 1206 Unde
1642 1178 1720 1206 tres

410 1230 552 1266 devote
584 1229 771 1266 mulieres
794 1228 943 1265 scilicet
966 1228 1097 1265 Maria
1122 1228 1361 1279 Bsagdalene
1383 1235 1417 1264 et
1440 1227 1571 1263 Maria
1596 1234 1721 1264 mater

407 1287 542 1323 Jacohi
578 1295 612 1323 et
649 1287 780 1323 Alai-ia
809 1287 900 1337 filia
940 1287 1096 1322 Salome
1134 1293 1317 1322 venerunt
1357 1297 1466 1322 mane
1503 1286 1554 1321 ad
1592 1292 1719 1321 ortum

408 1345 500 1381 solis
527 1357 604 1395 pro
642 1357 808 1394 corpore
845 1345 993 1381 Christi
1023 1357 1106 1380 cum
1147 1344 1352 1395 unguentis
1378 1343 1567 1393 preciosis
1612 1355 1719 1380 vene-

410 1403 587 1439 rabiliter
618 1403 840 1439 condiendo.
877 1404 932 1438 Ex
965 1401 1194 1439 elemosinis
1228 1401 1331 1438 enim
1366 1401 1506 1438 talium
1542 1400 1719 1437 fidelium

409 1460 502 1497 vixit
543 1460 725 1498 Christus
765 1464 822 1505 (ut
866 1468 975 1508 patet
1014 1460 1179 1496 Matthei
1219 1461 1408 1505 XXV110>.
1454 1461 1501 1495 Et
1546 1458 1619 1496 iste
1664 1467 1721 1496 est

411 1531 549 1555 sensus
583 1518 796 1555 historicus
828 1519 1041 1555 verborum
1076 1517 1279 1555 thematis.

470 1578 546 1613 Sed
580 1590 652 1624 pro
684 1589 802 1613 sensu
836 1575 992 1612 mistico
1026 1577 1075 1612 ad
1109 1576 1353 1624 pascendum
1389 1576 1493 1611 hunc
1525 1574 1719 1623 populum

411 1643 507 1671 noto
540 1636 647 1683 quod
680 1635 908 1682 sepulcrum
943 1642 999 1670 est
1031 1634 1142 1670 locus
1175 1646 1255 1682 quo
1289 1646 1434 1681 corpus
1467 1634 1575 1681 quod
1609 1632 1718 1680 prius

411 1701 495 1728 erat
540 1701 744 1729 mortuum
790 1700 847 1728 est
885 1691 1187 1737 absconditum3
1228 1692 1334 1740 quod
1375 1704 1465 1727 cum
1511 1690 1721 1727 conveniat

412 1750 640 1797 eukaristie,
688 1758 798 1798 patet
837 1751 944 1798 quod
982 1749 1068 1797 ipsa
1107 1758 1238 1798 potest
1276 1748 1352 1786 dici
1393 1758 1720 1795 monumentum3

412 1818 448 1845 et
472 1821 562 1844 cum
599 1807 727 1844 maior
749 1821 841 1856 pars
875 1807 991 1844 vestri
1015 1807 1190 1844 visitabit
1214 1820 1284 1855 per
1306 1806 1379 1843 Dei
1402 1807 1577 1855 graciam
1604 1806 1721 1843 hodie

412 1867 485 1902 hoc
525 1867 768 1914 sepulcrum,
810 1874 920 1914 patet
953 1867 1060 1914 quod
1100 1865 1274 1913 pertinet
1307 1865 1439 1902 dicere
1479 1864 1588 1901 vobis
1621 1878 1720 1913 quo-

412 1926 532 1960 modo
578 1924 695 1971 digne
748 1923 990 1972 impendetis
1038 1926 1121 1960 Deo
1165 1923 1263 1960 illud
1309 1922 1543 1969 servicium3
1598 1935 1719 1971 quarn

412 1982 637 2018 doctrinam
671 1983 787 2018 docet
826 1983 961 2018 thema
999 1983 1047 2018 ad
1087 1994 1246 2018 sensum
1281 1981 1401 2017 istum
1441 1982 1548 2029 quod
1581 1993 1721 2017 omnes

413 2039 738 2076 communicandi
762 2040 879 2076 hodie
912 2039 1071 2076 veniant
1094 2041 1143 2075 ad
1177 2048 1483 2076 monumentum
1510 2038 1721 2075 eukaristie
1737 2071 1747 2076 -

414 2107 503 2134 orto
536 2099 620 2134 sole
653 2097 808 2134 iusticie
842 2097 881 2133 in
915 2110 987 2133 sua
1021 2107 1166 2133 mente.

470 2158 546 2192 Sed
580 2165 621 2192 ut
655 2156 727 2192 iste
759 2168 897 2192 sensus
921 2154 1202 2203 particularius
1236 2154 1465 2202 explicetur,
1498 2155 1719 2190 notandum

412 2215 520 2261 quod
554 2222 730 2261 quatuor
762 2222 854 2249 sunt
888 2212 1156 2261 proprietates
1189 2212 1283 2248 solis
1317 2212 1535 2249 materialis
1569 2224 1611 2248 ex
1634 2212 1720 2260 qui-

412 2272 484 2307 bus
525 2273 718 2307 docemur
750 2284 772 2307 a
805 2271 887 2307 sole
927 2270 1082 2307 iusticie
1115 2271 1320 2318 quomodo
1359 2270 1475 2317 digne
1514 2269 1562 2306 sit
1602 2270 1720 2305 hodie

412 2328 760 2365 sacramentaliter
805 2329 1036 2365 sumendus.
1083 2328 1216 2364 Prima
1261 2327 1485 2376 proprietas
1529 2327 1622 2364 solis
1664 2336 1720 2363 est

482 2482 501 2507 ι,
523 2481 546 2499 2.
568 2474 611 2500 A:
639 2473 800 2500 Armatlzia
827 2477 856 2501 el
880 2472 1086 2501 Nicodemum.
1180 2472 1204 2500 3.
1232 2474 1274 2501 A:
1303 2474 1529 2508 equenoccium.
1621 2481 1647 2508 7.
1675 2472 1718 2500 H:

410 2508 531 2535 sabbati
555 2508 650 2535 deest.
758 2508 786 2535 8.
813 2510 857 2535 A:
886 2517 939 2536 sex
965 2509 1070 2542 twice:
1097 2508 1137 2536 ib.
1165 2508 1237 2536 DH:
1265 2508 1367 2540 lzorz's;
1399 2507 1426 2535 G
1452 2508 1481 2535 in
1510 2516 1622 2543 marg:
1644 2507 1719 2535 dies.

412 2550 449 2569 12.
472 2544 514 2569 A:
535 2543 697 2570 sencioni&
764 2541 801 2570 13.
822 2544 866 2570 A:
888 2544 943 2578 qui
960 2545 1013 2570 est.
1080 2551 1120 2576 14.
1143 2542 1216 2570 DG:
1237 2543 1369 2570 addidit.
1435 2543 1475 2570 16.
1497 2542 1602 2570 ADG:
1624 2545 1722 2569 mater

411 2577 504 2604 deest.
572 2578 612 2611 16,
629 2586 666 2611 17.
685 2577 726 2604 D:
749 2576 941 2609 Magdatene
961 2577 1062 2605 Μανία
1080 2577 1197 2605 Jacobs.
1264 2585 1301 2609 17.
1324 2577 1395 2604 DG:
1418 2577 1576 2610 Sal0mee;
1598 2577 1642 2604 H:
1664 2577 1721 2604 So-

411 2613 498 2639 lome.
574 2613 613 2645 18,
636 2620 678 2646 19-
700 2612 772 2638 DH:
800 2612 1038 2639 honorabiliter.
1117 2620 1155 2640 21.
1178 2612 1219 2639 D:
1248 2612 1442 2639 lzistoriacus.
1523 2619 1565 2639 22.
1588 2612 1630 2639 H:
1659 2611 1722 2639 Sed

411 2646 510 2676 deest:
532 2646 571 2673 ib.
590 2647 613 2673 l)
630 2647 659 2673 in
676 2655 789 2681 marg:
812 2647 914 2679 Nota:
934 2648 961 2674 A
977 2647 1006 2674 in
1023 2655 1136 2681 marg.:
1158 2645 1273 2674 Sensus
1288 2647 1428 2674 misticus.
1494 2645 1536 2673 23.
1553 2646 1626 2673 DG:
1647 2649 1719 2673 noto

410 2680 493 2716 quod
512 2681 611 2711 deest:
640 2681 682 2707 H:
712 2684 817 2708 notato
827 2691 837 2713 ,·
863 2682 902 2708 ib.
925 2682 949 2708 D
972 2681 1000 2708 in
1023 2690 1136 2716 marg:
1165 2681 1263 2711 Nota:
1288 2681 1313 2708 D
1335 2682 1364 2709 in
1387 2689 1501 2716 marg:
1529 2681 1717 2716 Sepulcrum.

410 2715 455 2742 26.
485 2715 588 2742 ADG:
615 2716 716 2742 maior
742 2716 835 2743 deest.
949 2724 993 2751 27.
1022 2716 1064 2743 H:
1094 2716 1177 2743 vobis
1202 2716 1326 2743 timere.
1440 2715 1485 2743 30.
1514 2716 1559 2743 A:
1587 2716 1717 2742 venient.

410 2749 451 2777 33.
467 2751 495 2777 A
510 2750 539 2776 in
556 2757 668 2783 marg:
691 2749 712 2776 Α
755 2750 778 2776 Γ)
794 2751 823 2777 in
843 2758 956 2785 marg:
974 2751 1056 2777 Solis
1064 2750 1276 2785 proprietales
1291 2758 1330 2778 ια.
1387 2749 1428 2777 35.
1444 2750 1486 2778 D:
1507 2750 1719 2783 asszmzendzcs;

411 2784 484 2811 AG:
505 2784 736 2813 assumendmn:
764 2785 802 2811 ib.
825 2784 870 2811 H:
893 2788 937 2812 cst
956 2785 1050 2812 deest.

485 2878 532 2898 10.
561 2867 679 2898 Matih.
706 2868 837 2902 XXVII,
864 2878 920 2908 40.
1022 2867 1070 2899 16.
1098 2868 1200 2899 Marci
1227 2868 1314 2905 XVI,
1347 2878 1372 2899 1.

1739 895 1776 916 10

1737 1150 1810 1181 Fol.

1736 1198 1775 1229 32

1738 1472 1779 1493 20

1738 1752 1776 1785 25

1804 1194 1817 1212 ’ἰ
