2062 3276
255 254 391 283 sunnio
413 244 553 301 xxxv]
735 258 927 297 QUARTA
954 259 1080 290 PARS.
1773 262 1851 299 297

259 376 374 401 mane
419 372 456 400 et
500 376 664 412 vespere
708 364 797 412 iuge
841 364 1082 401 sacrificium
1131 366 1179 401 de
1217 365 1330 413 agnis
1370 366 1566 402 anniculis

254 426 311 466 (ut
344 430 453 469 patet
486 423 610 458 Exodi
643 424 817 470 XXIX0).
853 422 1021 459 Interior
1044 431 1177 459 autem
1202 436 1294 471 pars
1317 424 1565 460 tabernaculi

255 488 461 528 tamquam
503 493 648 528 corpus
687 481 747 516 vel
791 481 1013 517 cancellum
1054 480 1219 517 ecclesie
1258 482 1455 530 quadrata
1493 482 1566 518 fuit

256 537 465 574 continens
498 537 537 574 in
569 539 694 575 latere
733 539 869 575 decem
911 537 1082 585 cubitos,
1124 547 1161 575 et
1194 538 1365 587 primam
1407 548 1562 588 partem
1578 545 1646 573 The
1667 547 1738 574 sites
1758 547 1853 574 ofthe

220 598 449 632 5vocarunt
493 604 625 632 sancta
672 595 929 644 simpliciter;
977 598 1194 633 secundam
1246 605 1380 633 autem
1431 581 1854 651 satzctafigss'egsfflpffl'fs'm

251 661 473 689 sanctornm
507 662 544 690 et
577 653 617 690 in
650 653 766 690 istam
800 653 979 691 introivit
1007 667 1188 691 summus
1220 656 1407 692 sacerdos
1440 656 1563 692 semel
1579 652 1848 713 lsglzgsssplgfssffst

254 711 293 747 in
325 724 430 748 anno
464 724 553 748 cum
587 712 780 760 sanguine
813 711 937 749 bestie
959 712 1110 749 scilicet
1134 712 1173 749 in
1196 713 1296 749 festo
1321 713 1564 761 expiacionis
1585 720 1694 748 world.
1716 720 1848 747 Clu-ist's

254 781 389 806 mense
422 769 594 817 septimo
617 770 833 807 immolans
866 783 938 819 pro
964 780 1132 819 peccato
1165 770 1333 819 proprio
1365 780 1403 807 et
1425 771 1564 820 populi
1624 755 1802 782 excellence.

252 826 326 863 sibi
349 827 496 863 subditi
534 829 590 874 (ut
616 837 725 876 patet
750 828 913 865 Levitici
945 830 1080 874 XVIO).
1113 830 1207 865 Vult
1230 842 1324 877 ergo
1347 830 1565 878 Apostolus

199 898 237 918 ιο
253 884 386 921 dicere
419 887 527 934 quod
559 886 741 922 Christus
776 899 818 922 ex
852 886 1048 934 dignitate
1087 899 1256 935 persone
1296 896 1432 924 sancte
1472 900 1565 924 con-

251 942 494 980 versacionis
528 952 565 980 et
589 944 796 981 benedicte
828 944 1027 992 passionis
1050 944 1099 981 sit
1123 946 1264 993 plenus
1297 958 1342 982 ac
1366 945 1565 994 perfectus

255 1001 392 1037 mundi
425 1003 658 1050 redemptor
696 1002 890 1050 figuratus
931 1002 1208 1051 multipliciter
1252 1012 1460 1052 tamquam
1496 1016 1565 1052 per

251 1059 363 1107 signa
403 1059 639 1108 imperfecta
683 1059 961 1098 sacerdotibus
1008 1070 1045 1098 et
1084 1061 1225 1098 ritibus
1262 1062 1407 1098 veteris
1445 1071 1564 1098 testa-

253 1117 388 1154 menti.

199 1178 235 1210 15
311 1177 424 1212 Patet
462 1184 546 1213 tota
585 1176 791 1213 sentencia
837 1178 909 1213 sub
949 1190 1030 1213 uno
1069 1176 1278 1214 involucro
1325 1189 1367 1214 ex
1407 1187 1560 1226 septem

252 1233 568 1281 proprietatibus
616 1247 715 1283 quas
762 1243 890 1271 textus
936 1235 1121 1283 Apostoli
1169 1235 1352 1272 attribuit
1400 1236 1561 1272 Christo

253 1293 616 1340 correspondentes
656 1294 705 1329 ad
743 1302 895 1341 septem
937 1293 1307 1341 proporcionabilia
1352 1294 1392 1330 in
1432 1307 1562 1331 sacer-

253 1349 414 1386 dotibus
465 1349 609 1386 veteris
662 1350 905 1389 testamenti.
966 1350 1101 1388 Primo
1144 1350 1185 1387 in
1232 1352 1308 1388 hoc
1353 1353 1460 1400 quod
1506 1361 1563 1388 est
1595 1366 1614 1385 ι.
1637 1357 1742 1385 Christ
1762 1359 1834 1393 only

253 1407 449 1453 Christus,
482 1407 521 1444 id
556 1417 626 1454 est,
661 1411 766 1445 Deus
799 1418 836 1445 et
859 1410 993 1452 homo,
1025 1418 1190 1446 notatur
1222 1409 1395 1458 dignitas
1428 1422 1563 1458 perso·
1595 1392 1835 1462 cougssicza'iifme

197 1465 354 1503 :onalis
387 1478 463 1514 que
496 1467 582 1503 sola
605 1466 752 1503 sufficit
775 1467 950 1515 perfecte
974 1467 1170 1504 redimere
1194 1480 1317 1515 genus
1342 1469 1561 1505 humanum
1611 1462 1817 1497 redemption.

252 1537 273 1560 a
307 1524 539 1572 captivitate
570 1524 611 1560 in
644 1537 765 1573 quam
797 1524 1089 1573 prevaricando
1121 1525 1330 1562 inciderat.
1365 1528 1564 1563 Probatur

251 1582 324 1619 sic:
359 1583 497 1619 Solum
531 1582 606 1619 ista
645 1595 817 1631 persona
855 1583 1001 1620 sufficit
1041 1583 1220 1620 debitum
1255 1585 1454 1621 exsolvere
1488 1597 1564 1633 que

252 1641 370 1676 habet
403 1641 450 1677 de
482 1640 656 1689 propriis
679 1641 767 1689 plus
790 1642 851 1678 vel
874 1650 1029 1678 tantum
1055 1651 1249 1691 quantum
1281 1651 1339 1679 est
1363 1642 1562 1688 debitum3

251 1699 318 1735 sed
363 1699 473 1735 nulla
518 1711 688 1747 persona
733 1701 780 1736 de
823 1711 968 1747 genere
1005 1701 1134 1737 Adam
1180 1708 1314 1749 preter
1357 1700 1561 1737 Christum

195 1759 234 1791 25
251 1765 407 1793 tantum
442 1757 560 1794 habet
600 1769 643 1794 ex
675 1757 869 1806 propriis;
915 1770 1010 1806 ergo
1042 1759 1151 1795 nulla
1191 1767 1326 1807 preter
1357 1758 1562 1796 Christum

250 1814 406 1851 suffecit
445 1815 623 1851 debiturn
662 1817 747 1852 Ade
786 1817 1013 1864 persolvere
1056 1829 1180 1865 genus
1219 1816 1419 1865 perditum
1461 1817 1562 1854 redi-

172 1910 185 1916 ,
251 1874 411 1909 mendo.
456 1872 586 1910 Maior
618 1885 688 1922 per
721 1886 760 1910 se
793 1883 902 1922 patet
941 1875 989 1911 de
1029 1887 1130 1923 pura
1162 1874 1321 1912 iusticia
1360 1884 1397 1912 et
1430 1875 1563 1912 minor

156 1910 234 1983 {2¹2
251 1930 390 1967 exinde
429 1930 559 1968 evidet
592 1933 700 1980 quod
740 1931 917 1980 quelibet
950 1932 1028 1969 alia
1062 1945 1247 1981 persona,
1288 1945 1379 1970 cum
1407 1930 1413 1987 Ι
1442 1946 1562 1970 omne

156 1980 218 1989 “⁰
251 1990 358 2037 quod
392 1990 511 2025 habet
544 2002 586 2025 ex
619 2003 720 2038 pura
753 1989 889 2038 gracia
913 1990 984 2027 Dei
1018 1992 1151 2037 habet,
1185 1990 1377 2040 quicquid
1412 1992 1562 2040 persol-

193 2050 357 2083 3overet
396 2046 456 2083 vix
495 2047 696 2084 sufficeret
735 2061 809 2097 pro
847 2060 887 2085 se
926 2048 1031 2097 ipsa3
1079 2062 1159 2086 non
1200 2061 1293 2097 ergo
1334 2062 1406 2098 pro
1445 2062 1485 2086 se
1525 2059 1562 2086 et

249 2117 321 2141 suo
354 2117 498 2153 genere
531 2105 633 2142 foret
666 2119 736 2154 per
776 2119 816 2143 se
849 2106 1030 2155 plenarie
1069 2107 1332 2146 satisfactum.
1378 2108 1561 2145 Christus

249 2172 382 2200 autem
419 2163 582 2200 racione
616 2163 835 2202 divinitatis
876 2166 995 2202 habet
1033 2165 1170 2203 omnia
1211 2175 1247 2202 et
1280 2179 1353 2215 pro
1393 2175 1561 2214 peccato

249 2221 415 2270 proprio
447 2234 528 2258 non
563 2231 695 2271 potest
729 2235 813 2260 esse
846 2223 1018 2270 debitor,
1060 2236 1105 2260 eo
1138 2225 1245 2273 quod
1279 2237 1447 2273 peccare
1479 2237 1560 2261 non

249 2279 409 2328 poterit,
443 2292 537 2328 ergo
567 2281 757 2317 solvendo
782 2294 928 2330 corpus
951 2282 1011 2318 vel
1034 2282 1211 2319 animam
1238 2295 1314 2331 que
1338 2292 1395 2319 est
1419 2283 1558 2319 eadem

192 2339 232 2371 35
249 2350 421 2386 persona
466 2351 556 2374 cum
602 2338 685 2376 filio
730 2341 798 2376 dat
842 2339 947 2388 patri
993 2349 1149 2377 tantum
1196 2349 1391 2389 quantum
1436 2340 1561 2378 valuit

248 2407 370 2443 genus
404 2396 620 2444 perditum,
655 2406 692 2434 et
725 2410 796 2446 per
819 2410 1068 2447 consequens
1092 2399 1207 2447 plene
1231 2398 1423 2436 satisfecit
1456 2399 1559 2436 redi-

249 2466 361 2489 mens
394 2453 630 2502 captivatos.

306 2513 490 2548 Secundo
514 2521 624 2561 patet
647 2512 795 2550 Christi
829 2514 1068 2551 excellencia
1091 2513 1131 2550 in
1155 2515 1231 2551 hoc
1254 2515 1362 2563 quod
1387 2514 1559 2551 existens
1620 2528 1645 2547 2.
1668 2520 1799 2547 Christ's

248 2571 435 2606 sacerdos
473 2569 514 2606 in
552 2579 735 2607 eternum
776 2573 995 2609 secundum
1041 2571 1223 2609 ordinem
1264 2572 1559 2610 Melchisedech
1622 2555 1800 2618 [ηέῗέῥὲξῖῗά

316 2722 339 2741 2.
357 2714 429 2741 DG:
451 2715 531 2742 unde
540 2718 638 2750 patet.
694 2725 723 2751 4.
740 2717 783 2744 H:
805 2720 834 2745 et
847 2717 941 2745 deest.
999 2718 1025 2745 6.
1042 2717 1115 2745 DG:
1137 2718 1302 2751 introirem
1321 2718 1364 2746 H:
1385 2719 1558 2746 introieret.

246 2749 272 2776 S.
295 2749 368 2776 Ι)Η;
390 2749 428 2776 de
447 2758 557 2777 mense.
621 2758 658 2777 12.
680 2751 896 2787 Dzfigurans.
964 2761 1001 2786 ¹7-
1024 2752 1069 2780 G:
1086 2753 1358 2788 proporcinnalia.
1415 2761 1460 2781 20.
1482 2754 1558 2781 AH:

245 2792 345 2818 genus
365 2784 527 2811 hominum.
601 2792 642 2812 22.
664 2785 705 2812 D:
727 2786 803 2813 Sola
813 2796 823 2817 ‚·
842 2787 882 2813 ib.
898 2788 942 2814 A:
964 2787 1037 2815 illa:
1057 2788 1096 2814 ib.
1113 2787 1136 2814 1³
1153 2789 1182 2814 in
1200 2796 1314 2823 marg:
1336 2788 1448 2816 Pulcra
1471 2789 1558 2816 racio

246 2818 406 2853 valdepro
422 2819 634 2855 redempcione
645 2821 773 2855 generis
787 2821 921 2849 humani.
1004 2821 1046 2850 23.
1062 2822 1102 2849 D:
1124 2830 1225 2858 quam.
1303 2823 1338 2850 26
1367 2824 1410 2851 G:
1430 2822 1557 2857 sufficit.

246 2860 293 2892 273
314 2853 355 2880 Η;
377 2853 413 2880 de
432 2861 474 2880 se.
492 2889 500 2893 ,
548 2862 594 2889 29.
612 2855 652 2881 Η;
674 2855 825 2891 quidquid
843 2864 931 2896 ergo.
1005 2855 1050 2884 30.
1068 2856 1110 2884 Η;
1126 2865 1188 2892 per
1201 2865 1242 2884 se.
1317 2856 1358 2885 32.
1376 2858 1431 2885 DG
1444 2854 1560 2886 {nabet

246 2895 341 2915 eclam
361 2891 399 2916 et.
473 2887 513 2917 32.
534 2889 577 2916 D:
594 2897 729 2925 persona
751 2891 850 2924 deest;
878 2891 918 2920 1b.
940 2890 982 2919 H:
1005 2894 1121 2920 tantum
1137 2892 1286 2927 precium.
