2062 3276
189 251 237 287 38

186 372 245 400 We
268 381 336 408 may
352 372 460 400 defend

204 407 338 434 Christ's
359 415 451 434 cause

212 442 248 480 by
270 446 321 469 not
341 442 445 477 aiding

185 476 241 504 His
253 477 444 505 adversaries
455 487 461 511 ς

279 846 315 864 or
336 838 374 871 bv

194 869 401 907 imprisom'ng
422 881 456 899 01·

247 907 411 946 banishing

247 946 409 969 notorious

195 976 329 1039 enemi¹es
349 977 383 1004 of
401 976 457 1004 His

303 1020 360 1039 aw.

196 1938 328 1966 Christ's
352 1938 464 1965 rebuke

225 1978 254 1999 to
276 1973 361 2000 Peter
382 1973 429 2000 for

250 2007 338 2042 using
359 2008 409 2034 tho

268 2042 381 2069 sword.

766 259 989 291 JOHANNIS
1009 260 1192 292 WYCLIF
1212 261 1466 293 SERMONUM
1565 249 1717 306 [SERMO
1739 259 1791 287 IV·

479 375 710 414 potentatus
744 375 883 403 contra
907 366 1066 403 notorie
1089 367 1339 404 adversarios
1364 367 1459 415 legis
1484 367 1630 404 Christi
1656 368 1791 405 fideles

477 437 569 461 suos
603 425 815 462 defendere
856 424 990 460 multis
1033 425 1175 471 modis,
1216 424 1349 472 primo
1391 438 1630 462 consensum
1671 435 1791 475 atque

477 482 667 519 auxilium
701 482 781 519 suis
815 482 1053 519 adversariis
1086 483 1373 530 subtrahendo,
1408 484 1514 531 quod
1539 483 1570 519 si
1594 493 1789 532 potenter,

476 541 711 588 regulariter
745 550 781 577 et
815 541 1033 588 prudenter
1075 540 1199 585 fieret,
1253 553 1334 576 non
1368 541 1532 577 dubium
1568 541 1663 590 quin
1697 556 1789 590 pars

477 598 628 636 Christi
662 598 702 635 in
736 598 936 635 militante
970 597 1138 634 ecclesia
1172 599 1407 646 prevaleret,
1442 607 1484 635 ut
1517 600 1790 637 subtrahendo

475 656 717 705 temporalia
749 669 770 693 a
806 668 1049 705 quocunque
1083 655 1149 704 qui
1183 664 1240 692 est
1274 656 1431 693 notorie
1465 657 1690 694 contrarius
1714 658 1791 695 vite

477 714 638 751 Christi.
674 716 765 751 Ideo
799 726 1016 750 consensus
1050 713 1113 750 isti
1149 713 1373 751 contrarius
1408 724 1463 751 est
1496 714 1615 751 nimis
1650 717 1790 764 damp-

477 772 620 809 nabilis
654 772 693 808 in
726 772 892 808 brachio
926 770 1110 809 seculari.

534 832 721 867 Secundo
771 831 891 866 modo
941 838 1108 878 possunt
1157 838 1388 878 potentatus
1437 840 1592 878 partem
1643 831 1790 867 Christi

478 897 617 925 contra
663 889 856 936 dyabolos
902 888 997 925 istos
1039 888 1252 924 defendere
1291 889 1350 925 vel
1396 888 1686 925 incarcerando
1731 890 1791 926 vel

479 959 568 983 cum
604 946 881 983 moderamine
914 945 1117 994 puniendo
1151 947 1210 983 vel
1244 947 1366 994 (quod
1400 947 1487 994 plus
1521 947 1652 995 placet
1679 947 1789 991 mihi)

479 1004 767 1052 proscribendo
815 1004 973 1040 notorie
1022 1003 1273 1041 adversarios
1325 1004 1421 1052 legis
1471 1004 1633 1042 Christi.
1687 1007 1789 1042 Nam

477 1064 695 1099 secundum
731 1062 850 1098 fidem
885 1061 1077 1110 evangelii
1102 1064 1151 1098 ΙΙἷι
1175 1063 1262 1098 Joh.
1295 1075 1360 1098 11:
1391 1063 1613 1111 Quicunque
1645 1063 1791 1099 dixerit

477 1121 535 1156 illi
555 1121 648 1166 Ave,
678 1121 971 1157 communicabit
1004 1121 1183 1170 operibns
1206 1121 1285 1157 eins
1308 1121 1502 1171 nmlignis.
1538 1121 1789 1169 Proscripcio

479 1192 572 1227 ergo
606 1187 663 1214 est
698 1179 789 1227 fuga
813 1178 956 1226 regalis
981 1187 1121 1214 contra
1145 1179 1245 1215 tales
1270 1178 1520 1215 adversarios
1546 1188 1582 1215 et
1605 1178 1790 1216 inimicos

479 1236 691 1285 precipuos
724 1249 861 1284 regum
894 1246 999 1273 terre
1033 1245 1068 1272 et
1102 1249 1317 1284 regnorum
1350 1250 1529 1273 suorum.
1564 1239 1611 1273 Et
1644 1237 1683 1273 in
1706 1250 1791 1273 om-

478 1295 593 1331 nibus
627 1294 711 1331 istis
744 1303 904 1343 oportet
946 1307 1057 1341 reges
1097 1295 1246 1331 bellare
1285 1294 1511 1332 evidencius
1551 1308 1669 1343 quam
1710 1308 1790 1331 non

478 1361 639 1402 oportet
690 1352 798 1401 ipsos
852 1353 1028 1389 latrones
1082 1361 1117 1388 et
1167 1352 1396 1400 proditores
1445 1366 1537 1389 suos
1586 1352 1789 1401 puniendo

477 1412 697 1448 secundum
740 1412 845 1458 leges
886 1410 1094 1447 hominum
1137 1411 1351 1447 debellare.
1401 1412 1513 1448 Unde
1553 1412 1789 1459 blasphema

478 1479 535 1506 est
583 1469 816 1517 desperacio
864 1468 1072 1505 hominum
1123 1468 1162 1504 in
1212 1468 1486 1506 debellacione
1535 1469 1669 1505 hostili
1716 1482 1788 1517 pro

479 1540 598 1564 causa
631 1540 702 1563 sua
736 1527 938 1563 confidere
972 1526 1011 1563 in
1045 1527 1231 1572 bellante,
1267 1539 1355 1563 cum
1389 1527 1559 1564 Jeremie
1592 1528 1730 1569 XV110,
1769 1529 1785 1563 5

478 1585 574 1622 dicit
615 1587 738 1621 Deus:
780 1585 1013 1621 Alaledictus
1051 1585 1163 1620 homo
1203 1585 1267 1633 qui
1301 1585 1456 1634 confidit
1494 1586 1529 1621 in
1568 1585 1719 1621 homine
1756 1593 1790 1621 et

473 1644 582 1693 ponit
614 1656 768 1679 carnem
801 1643 1000 1679 brachium
1033 1655 1156 1678 suum.
1192 1642 1303 1679 Sicut
1336 1642 1439 1679 enin]
1474 1643 1514 1679 in
1548 1643 1637 1689 fide,
1671 1642 1789 1679 sicin

479 1714 548 1750 spe
596 1700 792 1749 contingit
840 1700 993 1737 viantes
1041 1700 1201 1737 notorie
1250 1702 1452 1747 oberrare,
1506 1710 1641 1737 tamen
1688 1701 1789 1737 sicut

478 1758 600 1795 nichil
633 1760 749 1795 debet
782 1758 890 1795 credi
923 1758 996 1795 nisi
1031 1758 1188 1804 veritas,
1222 1758 1277 1795 sic
1310 1772 1390 1795 non
1424 1760 1540 1795 debet
1573 1759 1724 1807 sperari
1749 1759 1788 1795 in

479 1817 615 1865 aliquo
647 1816 721 1853 nisi
757 1817 794 1852 in
830 1819 914 1853 Deo
948 1817 1007 1853 vel
1041 1816 1244 1853 adiutorio
1283 1818 1390 1865 quod
1425 1816 1496 1853 Dei
1530 1816 1788 1865 providencia

478 1875 701 1912 ordinatur.

537 1934 614 1969 Sed
654 1931 766 1968 multi
807 1941 896 1968 sunt
936 1932 1157 1980 blasphemi
1197 1932 1315 1969 hodie
1354 1932 1421 1980 qui
1460 1933 1548 1981 plus
1581 1933 1789 1969 confidunt

480 2000 516 2027 et
564 1999 728 2038 sperant
776 1989 814 2026 in
855 1991 1032 2026 humano
1072 1990 1275 2027 adiutorio
1315 2003 1435 2038 quam
1482 1990 1634 2036 divino3
1680 1992 1788 2039 quod

480 2048 661 2085 Christus
685 2047 918 2096 dampnavit
943 2049 1198 2095 reprobando
1220 2050 1380 2085 Petrum
1401 2048 1623 2085 auriculam
1640 2048 1787 2085 Malchi
1805 2055 1821 2086 ’,ὲ

479 2106 518 2143 in
553 2106 745 2155 capcione
769 2119 839 2142 sua
865 2118 907 2142 ex
930 2107 1014 2142 zelo
1039 2115 1178 2143 sancto
1201 2109 1259 2151 (ut
1283 2106 1468 2152 credidit)
1492 2106 1787 2151 abscidentem3

480 2173 516 2200 et
549 2173 658 2212 patet
692 2165 799 2212 quod
833 2173 1015 2212 tempore
1048 2164 1144 2212 legis
1177 2164 1310 2212 gracie
1342 2165 1489 2200 nedum
1523 2177 1605 2201 non
1628 2173 1788 2212 oportet

479 2223 547 2258 sed
582 2234 625 2258 ex
657 2223 741 2269 lege
766 2221 913 2258 Christi
947 2230 1152 2270 oporteret
1186 2222 1268 2258 eius
1293 2222 1397 2258 filios
1421 2222 1684 2270 corporaliter
1708 2235 1788 2258 non

480 2292 671 2328 pugnare.
707 2281 841 2316 Potest
874 2288 1007 2316 autem
1042 2279 1170 2316 fidelis
1203 2280 1243 2316 in
1276 2281 1403 2317 altero
1436 2280 1544 2316 fideli
1567 2279 1788 2317 accessorie

479 2338 538 2374 vel
572 2337 862 2374 ministratorie
901 2338 1103 2374 confidere
1142 2339 1201 2374 vel
1240 2350 1415 2386 sperare,
1456 2339 1524 2374 sed
1564 2338 1662 2374 illud
1694 2350 1788 2374 ana-

479 2396 615 2443 logum
656 2407 726 2443 per
766 2408 807 2432 se
845 2404 1049 2443 sumptum
1096 2395 1192 2433 dicit
1236 2408 1346 2444 spem
1392 2396 1452 2433 vel
1496 2395 1787 2432 confidenciam

480 2453 760 2502 principalem,
810 2462 852 2489 ut
899 2453 1113 2490 servientes
1159 2454 1331 2502 dyabolo
1378 2463 1415 2490 et
1454 2453 1527 2490 Dei
1574 2453 1785 2490 servicium

480 2511 711 2547 omittentes
758 2520 912 2559 ponunt
956 2524 1066 2559 spem
1101 2511 1161 2548 sui
1206 2511 1395 2548 adiutorii
1439 2511 1716 2560 principaliter
1748 2511 1787 2546 in

481 2569 651 2616 dyabolo
684 2569 744 2605 vel
778 2568 815 2604 in
850 2570 1012 2605 mundo.
1048 2570 1095 2605 Et
1128 2569 1232 2605 istud
1266 2571 1409 2606 docent
1433 2570 1574 2606 fratres
1598 2569 1683 2606 fieri
1705 2577 1786 2606 tam

550 2755 574 2774 2.
597 2747 620 2774 L*
646 2747 674 2774 in
699 2756 812 2783 marg.:
841 2755 863 2775 1.
950 2758 977 2781 o.
999 2748 1067 2775 DE:
1091 2752 1236 2784 possent;
1264 2748 1303 2776 ib.
1325 2749 1348 2776 12*
1369 2749 1398 2776 in
1421 2758 1533 2785 marg:
1562 2758 1589 2777 2.
1682 2758 1722 2777 10.
1745 2750 1786 2777 D:

479 2781 643 2809 diabolum.
718 2791 751 2809 11.
772 2784 817 2810 A:
846 2782 876 2810 in
897 2783 1115 2810 moderamine.
1198 2783 1234 2810 113.
1255 2784 1314 2811 AI:
1342 2783 1387 2810 lla
1411 2784 1504 2811 deest.
1579 2793 1619 2819 ¹4-
1642 2785 1700 2812 AI:
1725 2785 1788 2811 suis

480 2816 635 2852 malignis.
723 2818 758 2844 15.
780 2818 806 2844 l:
834 2817 935 2853 igilur
954 2821 1006 2845 est.
1093 2826 1133 2847 1¹).
1156 2819 1199 2845 A:
1229 2819 1424 2854 blasphemia.
1509 2817 1553 2846 30.
1576 2819 1600 2846 l)
1621 2819 1650 2846 in
1673 2827 1785 2853 marg:

481 2850 644 2913 C'gyttsslusio
661 2852 855 2887 principalis.
878 2851 978 2884 (ἴηνα,-
1006 2852 1044 2879 ib.
1067 2849 1114 2880 D?
1137 2852 1243 2884 Pet1·0,-
1270 2853 1309 2880 ib.
1332 2854 1376 2880 A:
1398 2853 1510 2880 Maelii.
1586 2852 1630 2881 38.
1652 2854 1694 2881 D:
1721 2862 1787 2889 spe-

479 2894 506 2913 ct
542 2894 610 2913 ter.

1813 904 1850 924 lO

1811 1183 1847 1215 15

1807 1484 1848 1504 20

1805 2342 1844 2376 35
