2062 3276
265 250 400 279 SERMO
422 240 502 297 mn}
748 253 940 291 QUARTA
967 252 1093 284 PARS.

267 368 440 396 mortuo.
468 361 581 395 Patet
603 358 677 395 sic:
703 358 921 395 Caritativa
944 357 1180 394 distribucio
1203 357 1428 405 superstitis
1452 357 1579 394 eciam

265 417 382 454 dacio
423 429 525 466 aque
565 416 706 464 frigide
746 425 803 453 est
844 415 1052 452 meritoria
1090 415 1168 452 vite
1206 424 1341 452 eterne
1380 419 1438 460 (ut
1470 424 1580 463 patet

265 475 432 512 Matthei
473 477 555 521 XO).
602 476 681 511 Sed
720 473 938 511 maximum
979 474 1086 521 quod
1126 473 1219 510 facit
1257 486 1359 521 opus
1400 472 1579 510 caritatis

265 534 414 570 factum
448 546 522 582 pro
556 541 717 569 mortuo
750 540 808 569 est
840 530 1092 568 abbreviacio
1126 543 1226 578 pene
1258 531 1298 567 in
1331 530 1579 579 purgatorio.

233 593 367 628 §Cum
415 604 508 640 ergo
547 599 739 639 perpetua
786 589 991 627 beatitudo
1031 588 1232 625 infinitum
1279 588 1432 625 excedit
1470 588 1580 625 illam

265 662 365 698 pene
388 648 750 694 abbreviacionem,
784 657 894 696 patet
917 646 1136 684 conclusio.
1169 649 1272 683 Nam
1295 659 1368 683 nec
1399 655 1580 683 mortuus

264 720 335 744 nec
381 716 608 744 executores
648 705 708 743 sui
754 705 973 755 adquirunt
1011 704 1086 742 sibi
1134 718 1282 742 novum
1322 704 1484 741 titulum
1531 706 1581 741 ad

264 765 568 810 beatitudinem,
608 774 692 801 tum
727 764 819 813 quia
854 773 962 801 extra
994 772 1142 800 statum
1176 763 1232 799 sic
1267 762 1460 809 merendi,
1494 772 1578 798 tum

265 823 391 860 eciam
432 822 526 872 quia
564 822 674 860 vivus
713 822 839 859 voluit
878 822 1089 859 retinuisse
1123 823 1227 858 bona
1260 834 1344 868 sua,
1378 821 1410 857 si
1442 833 1580 869 super-

211 895 249 916 10
263 881 432 918 vixisset.
468 884 581 918 Patet
612 880 737 918 tercio
761 890 909 929 quante
943 880 1068 917 cecati
1096 893 1235 916 sumus
1258 879 1484 916 ordinando
1507 891 1579 927 pro

263 940 378 977 nobis
412 939 580 977 mortuis
613 948 870 988 sumptuosas
904 938 1108 987 exequias;
1149 950 1243 975 nam
1276 937 1307 974 si
1343 937 1447 974 male
1480 937 1580 973 fiunt

263 999 312 1035 ad
336 1011 529 1047 pompam
553 997 689 1044 seculi,
713 1006 756 1033 ut
779 997 1042 1046 adquiramus
1065 995 1181 1033 nobis
1204 1005 1241 1032 et
1264 995 1410 1032 nostris
1432 1008 1581 1032 nomen

264 1057 418 1093 celebre
451 1057 558 1104 apud
591 1055 787 1101 homines,
830 1057 877 1092 de
915 1064 1028 1092 tanto
1070 1067 1272 1091 meremur
1311 1066 1457 1102 penam
1497 1066 1580 1090 am-

263 1114 448 1163 pliorem,
490 1127 580 1151 cum
614 1123 657 1151 ut
689 1113 745 1151 sic
777 1113 1025 1162 originarnus
1058 1112 1231 1161 amplius
1266 1112 1417 1149 malum
1451 1112 1579 1160 culpe.

211 1174 340 1209 15Sed
373 1186 454 1210 non
488 1173 653 1210 dubium
688 1172 784 1221 quin
817 1172 1087 1208 communiter
1120 1171 1218 1208 fiant
1250 1170 1318 1207 illa
1351 1169 1580 1207 intencione

263 1241 301 1268 et
339 1244 421 1268 non
460 1230 739 1280 principaliter
778 1239 943 1279 propter
982 1231 1178 1267 honorem
1219 1228 1304 1275 Dei,
1353 1241 1446 1277 ergo
1486 1241 1580 1265 con-

263 1289 400 1327 clusio.
436 1291 549 1326 Esset
581 1289 688 1326 enim
722 1289 809 1337 plus
843 1290 893 1325 ad
918 1290 1113 1325 honorem
1147 1287 1219 1324 Dei
1252 1288 1361 1336 quod
1393 1286 1494 1324 servi
1519 1286 1580 1323 sui

263 1347 375 1396 egeni
399 1357 530 1385 essent
563 1347 641 1384 illis
665 1347 769 1396 pasti
803 1360 924 1396 quam
949 1348 1058 1395 quod
1091 1345 1197 1383 oculi
1222 1354 1259 1382 et
1281 1358 1420 1382 sensus
1442 1357 1580 1393 super—

262 1407 405 1442 borum
440 1415 571 1443 essent
604 1405 708 1455 pasti
741 1405 852 1454 equis
886 1414 925 1442 et
957 1405 997 1441 in
1029 1404 1224 1450 curribus,
1264 1403 1402 1450 armis,
1436 1403 1580 1452 pannis

205 1477 247 1499 20
262 1473 299 1501 et
332 1464 419 1501 aliis
452 1463 666 1513 superfluis
699 1463 942 1512 spectaculis
976 1472 1013 1499 et
1046 1461 1240 1510 sepulcris
1273 1461 1578 1499 ostendentibus

263 1522 584 1559 mundialitatem
610 1531 884 1568 mortuorum3
919 1521 1009 1558 ideo
1036 1520 1194 1558 videtur
1217 1521 1324 1569 quod
1349 1519 1445 1557 talia
1469 1532 1580 1568 spec—

261 1582 395 1618 tacula
418 1590 508 1618 sunt
541 1590 649 1618 carte
673 1580 862 1617 derelicte
896 1579 936 1616 in
959 1579 1266 1616 attestacionem
1290 1578 1350 1615 sui
1374 1577 1578 1625 facinoris,

262 1639 470 1688 potissime
517 1652 609 1676 curn
655 1640 765 1675 deest
810 1637 1017 1675 restitucio
1066 1640 1265 1674 bonorum
1311 1649 1388 1686 que
1439 1636 1578 1673 mundi

262 1707 445 1746 potentes
468 1697 506 1734 vi
530 1711 551 1734 a
575 1697 820 1746 pauperibus
843 1696 1082 1746 spoliarunt.
1116 1696 1333 1733 Videamus
1358 1707 1452 1743 ergo
1483 1694 1579 1743 quid

206 1759 245 1792 25
261 1765 431 1805 prosunt
469 1755 605 1805 egenis
649 1755 690 1792 in
729 1755 905 1792 Domino
951 1754 1120 1791 mortuis
1159 1754 1305 1803 quibus
1344 1762 1578 1802 potentatus

259 1813 438 1852 iniuriati
471 1823 581 1859 sunt3
616 1822 653 1850 et
684 1814 800 1862 longe
834 1813 965 1850 minus
988 1812 1201 1862 proficient
1224 1812 1299 1849 illis
1324 1811 1578 1860 magnatibus

261 1886 305 1910 ex
337 1873 596 1910 conclusione
629 1871 773 1920 prima.
808 1874 897 1908 Non
931 1871 1037 1908 enim
1062 1872 1182 1908 habet
1214 1870 1303 1907 talis
1337 1879 1578 1919 sumptuosa

261 1933 460 1968 bonorum
500 1929 736 1968 distribucio
781 1930 987 1967 racionem
1029 1929 1173 1975 meriti,
1218 1928 1293 1965 nisi
1333 1929 1380 1964 de
1426 1936 1577 1977 quanto

261 1998 319 2026 est
352 1989 562 2026 excitativa
594 1989 820 2025 astancium
860 1989 910 2024 ad
943 1989 1142 2025 orandum
1176 2000 1250 2036 pro
1285 1994 1467 2032 mortu03
1508 1987 1577 2022 sed

204 2052 245 2084 ‘30
260 2047 292 2084 si
332 2048 433 2085 desit
466 2048 506 2084 in
547 2047 636 2096 ipso
670 2047 818 2083 iniusto
859 2045 1077 2095 capacitas,
1118 2045 1149 2082 si
1188 2053 1398 2094 pascentes
1437 2057 1577 2081 sensus

260 2106 500 2154 spectaculis
534 2107 807 2151 demerentur,
854 2104 884 2142 si
923 2117 1024 2153 opus
1068 2104 1107 2141 in
1147 2117 1187 2140 se
1234 2104 1276 2140 fit
1315 2116 1389 2152 pro
1436 2102 1576 2139 mundi

163 2144 400 2221 Ἣ(ἓζὲζΙοΓίει,
446 2173 575 2201 totum
624 2163 750 2212 vergit
785 2160 788 2217 Ι
819 2165 869 2199 ad
915 2162 1063 2199 mortui
1109 2162 1396 2199 detrimentum
1443 2170 1479 2197 et
1527 2161 1576 2197 ad

258 2236 475 2271 gravamen
527 2222 705 2259 criminis
757 2221 1033 2270 superstitum,
1094 2220 1188 2270 quia
1240 2219 1336 2257 talia
1387 2219 1577 2256 ordinant

259 2290 424 2330 propter
462 2281 714 2318 nobilitatem
756 2280 911 2328 generis
950 2280 1011 2316 vel
1054 2292 1203 2316 nomen
1244 2279 1494 2314 fundandum
1536 2277 1575 2313 in

203 2342 242 2375 35
259 2339 387 2376 terris.

318 2400 430 2446 Opus
465 2410 557 2445 ergo
591 2399 741 2434 bonum
775 2409 845 2445 per
877 2409 918 2432 se
940 2404 1042 2441 orat,
1076 2403 1113 2431 et
1146 2407 1218 2430 non
1250 2394 1411 2442 spiritus
1443 2394 1508 2442 qui
1537 2406 1576 2430 se

260 2457 501 2492 commendat
551 2456 615 2491 ille
660 2456 852 2505 probatus
901 2455 970 2490 secl
1012 2466 1120 2502 quem
1173 2453 1274 2490 Deus
1318 2453 1571 2488 conmmendat.

261 2516 366 2550 Deus
400 2523 533 2550 autem
558 2513 760 2551 neminem
787 2514 1047 2549 commendat
1072 2524 1115 2547 ex
1139 2510 1426 2547 distribucione
1450 2512 1575 2545 bono-

259 2586 346 2608 rum
389 2585 568 2618 suorum,
602 2572 677 2608 nisi
718 2573 766 2608 de
806 2579 956 2619 quanto
995 2578 1053 2606 est
1093 2582 1194 2617 equa
1233 2570 1452 2605 secundum
1492 2567 1574 2604 eius

200 2630 555 2678 4‹g›beneplacitum
590 2639 626 2667 et
651 2630 826 2667 medium
854 2628 1123 2665 necessarium
1150 2628 1198 2663 ad
1223 2627 1297 2662 sibi
1321 2626 1571 2663 serviendum

260 2698 297 2724 et
330 2688 621 2725 beatitudinem
655 2688 877 2725 viatoribus
912 2687 1247 2735 promerendum,
1283 2687 1390 2733 quod
1424 2698 1503 2721 non
1531 2684 1574 2720 fit

327 2824 350 2852 5.
384 2824 454 2851 [›(;:
488 2824 605 2859 igilum
637 2824 676 2850 ib.
708 2824 752 2850 A:
786 2832 866 2857 ergo
893 2831 952 2858 pro
977 2827 1073 2850 terea.
1216 2830 1257 2854 14.
1291 2820 1363 2848 DG:
1396 2820 1572 2855 amplemus.

259 2868 300 2888 ιω.
323 2860 364 2886 D:
392 2863 420 2886 et
439 2859 533 2886 deest.
606 2866 651 2885 22.
672 2857 746 2885 DG:
776 2859 948 2885 arrestanti
968 2866 1009 2885 us.
1082 2865 1127 2890 24.
1150 2857 1194 2884 A:
1221 2856 1283 2884 vivi
1299 2865 1329 2883 α.
1402 2854 1448 2882 30.
1470 2856 1513 2881 A:
1542 2854 1573 2880 in

258 2892 352 2921 deest.

1391 2938 1434 2970 28

1675 887 1739 914 Evil
1762 889 1796 915 oi·

1642 927 1828 958 sumptuous

1660 958 1805 985 fuum-als.
