2062 3276
240 243 376 274 SERMO
398 232 508 290 LV11.]
714 246 906 285 QUARTA
934 246 958 277 p
963 245 1060 277 ΑΗΒ,
1758 234 1836 279 445

239 351 445 389 sufficiunt
484 351 559 389 ista
599 350 673 388 nisi
712 351 841 388 viator
881 351 1085 387 muniatur
1123 351 1172 386 ab
1211 348 1364 385 insidiis
1403 347 1443 384 in
1475 347 1549 384 via.

239 412 331 447 Ideo
364 409 490 446 tercio
523 409 695 459 petimus
727 418 880 457 patrem
914 417 1110 453 nostrum,
1150 420 1195 443 ne
1226 408 1380 443 inducat
1414 418 1480 442 nos
1512 406 1548 442 in
1593 412 1617 441 3.
1639 413 1688 441 To
1710 422 1819 450 escape

239 469 545 518 temptacionem‚
577 477 614 504 et
647 476 791 517 quarto
824 475 956 515 preter
989 465 1153 502 insidias
1187 473 1349 513 possent
1381 477 1403 500 a
1435 463 1551 500 nobis
1567 450 1647 511 “⁰0¹¹ss
1660 449 1718 511 tii}
1731 457 1845 513 gazas

239 526 333 575 ipsis
358 526 542 575 inpaccio
565 527 713 574 pedum
736 526 787 561 ob
812 525 962 561 malurn
987 523 1151 572 aliquod
1182 522 1425 570 contingere,
1461 521 1552 559 ideo
1576 516 1835 581 4⁴1slsssmb0evfiffessd

206 588 427 633 §rogamus
473 583 712 632 generaliter
761 591 797 619 et
842 582 1016 619 finaliter
1062 580 1228 618 liberari
1268 593 1290 616 α
1336 580 1449 616 malo.
1506 582 1553 616 Et
1786 575 1792 581 ”

237 643 294 679 sic
326 642 505 680 venimus
538 643 589 679 ad
620 640 720 677 illud
752 642 886 687 Amen,
919 642 967 677 de
1000 653 1079 689 quo
1102 641 1225 688 Apoc.
1255 640 1340 684 1110,
1372 650 1437 683 14:
1472 639 1556 674 Hec

239 701 330 737 dicit
361 701 494 745 Amen,
533 699 574 736 id
612 708 682 744 est,
727 698 873 735 veritas
912 711 988 748 que
1028 710 1141 734 mons
1176 696 1351 741 Domini,
1392 697 1440 732 de
1474 709 1552 745 quo

239 761 312 795 Isa.
347 760 415 805 110,
443 758 484 794 3:
527 758 654 794 Venite
685 758 940 794 ascendamus
971 757 1025 792 ad
1056 763 1221 792 montem
1255 754 1424 790 Domini.

296 817 426 853 Habet
459 824 593 852 autem
627 824 740 864 pater
764 814 920 852 celestis
943 823 1022 851 tres
1046 813 1244 851 maneries
1279 812 1453 849 tiliorum
1488 810 1555 860 qui
1579 819 1682 848 Three
1703 820 1792 848 kinds
1814 822 1849 848 oi·

185 890 223 910 10
238 883 378 922 petunt
402 886 547 923 panem
572 887 593 911 a
616 882 742 922 patre,
766 873 886 922 primi
910 882 1119 922 tamquam
1144 871 1258 921 pueri
1283 870 1556 907 balbucientes
1660 855 1762 883 broad.

238 941 379 980 petunt
402 931 743 969 sustentacionem
765 932 1019 980 corporalem
1039 943 1114 980 que
1136 929 1376 978 generaliter
1393 928 1556 965 nomine

238 990 353 1039 panis
387 990 623 1039 exprimitur
656 990 696 1026 in
720 990 933 1039 scriptura.
969 988 1142 1026 Secundi
1177 988 1246 1024 filii
1276 986 1557 1036 provecciores

239 1058 380 1097 petunt
424 1061 569 1097 panem
613 1048 824 1097 scripture,
872 1049 949 1085 hoc
988 1056 1059 1093 est,
1104 1046 1270 1084 virtutes
1309 1045 1558 1093 theologicas

239 1109 289 1144 acl
328 1108 575 1155 pascendum
615 1107 792 1144 animam
832 1106 872 1143 in
902 1106 978 1153 via,
1018 1106 1127 1154 quod
1167 1113 1224 1142 est
1263 1103 1389 1152 magis
1422 1116 1558 1140 neces-

186 1171 223 1203 15
239 1165 390 1202 sarium
423 1174 595 1202 testante
628 1165 788 1202 Christo
822 1165 984 1201 diabolo
1017 1163 1184 1200 Matthei
1214 1164 1299 1210 IV0‚
1323 1175 1368 1209 4:
1402 1163 1488 1198 Non
1522 1162 1557 1197 in

238 1224 320 1260 solo
352 1236 455 1274 pane
494 1224 585 1260 vivit
622 1224 736 1260 homo
773 1224 842 1260 sed
879 1235 929 1259 ex
962 1222 1066 1259 omni
1102 1222 1218 1258 verbo
1251 1221 1353 1270 quod
1379 1220 1559 1270 procedit

240 1283 287 1318 de
309 1294 377 1318 ore
393 1282 479 1318 Dei.
504 1283 582 1319 Sed
605 1281 751 1318 tercius
774 1290 983 1330 tamquam
1008 1279 1175 1317 clericus
1199 1280 1247 1316 de
1270 1287 1376 1316 sorte
1395 1277 1557 1315 Domini

240 1339 340 1388 petit
388 1340 493 1377 ultra
546 1353 716 1389 puerum
752 1339 1078 1385 rbalbucientem‚
1135 1339 1240 1374 ultra
1290 1336 1437 1373 laicum
1490 1336 1557 1385 qui

240 1398 483 1447 peticionem
508 1398 677 1447 porrigit
699 1398 740 1435 in
761 1398 929 1447 vulgari,
953 1396 1160 1434 excellenti
1182 1396 1387 1444 ydiomate
1410 1407 1557 1444 panem

183 1473 225 1494 20
238 1456 317 1494 vite
349 1456 389 1493 in
423 1456 566 1505 patria.
606 1458 755 1493 Omnes
788 1456 909 1505 igitur
942 1457 1013 1492 hos
1046 1467 1169 1504 panes
1203 1454 1390 1503 petimus.
1441 1454 1556 1490 Unde

239 1514 420 1552 Christus
454 1516 577 1552 modo
611 1514 784 1552 mirabili
818 1522 1034 1564 congregat
1067 1514 1107 1550 in
1140 1526 1180 1549 se
1213 1524 1352 1549 omnes
1384 1512 1453 1548 has
1476 1520 1556 1547 tres

239 1586 387 1622 panum
423 1573 634 1612 maneries.
668 1576 754 1622 Ipse
789 1573 893 1610 enim
928 1581 985 1609 est
1018 1572 1208 1609 viaticum
1244 1571 1284 1607 in
1314 1569 1555 1615 Eukaristia,

238 1631 322 1680 ipse
362 1641 420 1669 est
459 1631 572 1681 panis
611 1631 836 1668 insolubilis
874 1631 915 1668 in
954 1630 1156 1679 scriptura
1190 1638 1227 1666 et
1260 1629 1374 1678 panis
1407 1628 1484 1665 vite
1517 1627 1557 1664 in

239 1689 382 1738 patria.

182 1755 222 1788 25
299 1749 414 1785 Unde
448 1749 583 1797 quoad
616 1747 793 1796 primum
828 1756 886 1784 est
928 1746 1042 1796 panis
1075 1746 1134 1783 bis
1168 1754 1306 1783 coctus
1340 1754 1377 1781 et
1410 1744 1467 1781 sic
1500 1744 1557 1781 in-

239 1806 510 1855 putrescibilis
555 1807 679 1842 semel
724 1806 763 1842 in
810 1807 928 1842 corde
973 1814 1116 1842 nature
1162 1804 1306 1849 divine,
1353 1805 1462 1852 quod
1502 1812 1559 1839 est

240 1867 346 1901 Deus
379 1873 507 1913 pater,
541 1865 701 1901 Psalmo
724 1865 885 1900 XLIVO:
919 1863 1126 1900 Eructavit
1158 1875 1227 1898 cor
1251 1874 1374 1898 meum
1400 1862 1557 1897 verbum

240 1924 400 1967 bonrum
438 1931 475 1959 et
508 1922 607 1958 illud
640 1923 763 1958 semel
796 1931 853 1958 est
886 1921 1037 1958 instans
1070 1921 1130 1957 vel
1163 1920 1295 1967 hodie,
1330 1919 1559 1956 eternaliter

240 1990 278 2017 et
311 1981 434 2017 semel
468 1980 699 2017 humanitus
733 1980 772 2016 in
806 1989 920 2016 utero
953 1979 1150 2028 virginali.
1192 1979 1260 2014 Ille
1294 1987 1428 2015 autern
1463 1977 1559 2014 assi-

184 2039 355 2078 301nilat
388 2039 461 2075 sibi
496 2040 680 2075 edentem
705 2051 947 2087 quocunque
979 2038 1140 2075 illorum
1175 2037 1295 2073 trium
1329 2038 1556 2074 modorum.

299 2099 399 2134 Sunt
445 2106 579 2134 autem
625 2106 800 2146 quatuor
844 2098 965 2134 verba
1004 2097 1182 2133 notanda
1223 2094 1367 2143 quibus
1411 2094 1559 2143 peticio
1613 2100 1672 2127 We
1693 2100 1816 2140 askt‘oi·

240 2155 315 2192 ista
349 2155 596 2204 exprimitur,
631 2155 762 2203 primo
786 2157 893 2203 quod
918 2154 1091 2203 petimus
1110 2166 1264 2204 panem.
1289 2167 1368 2189 non
1393 2154 1559 2190 alaudas
1591 2135 1840 2197 fg'ffl¹;i⁷olf‘{fff¹¹‘‡}ss

240 2214 301 2251 vel
339 2214 529 2251 animalia
569 2213 646 2250 alia
692 2214 876 2259 delicata,
919 2213 1012 2262 quia
1056 2212 1220 2249 indubie
1259 2211 1450 2260 quicquid
1496 2224 1561 2248 co-
1629 2205 1802 2232 deiicacies.

243 2272 485 2308 mederimus
518 2271 672 2308 laucius
706 2285 825 2321 quam
861 2280 1071 2320 promovet
1105 2272 1153 2307 ad
1189 2269 1441 2306 serviendum
1477 2272 1560 2306 Deo

185 2330 281 2369 35in
315 2330 597 2366 habundancia
630 2330 808 2367 caritatis
833 2339 889 2366 est
915 2331 1064 2366 malum
1090 2330 1193 2364 ultra
1224 2328 1559 2365 informacionem

243 2388 433 2435 divinam,
468 2402 545 2437 qua
578 2401 723 2436 panem
760 2388 952 2437 petimus:
985 2401 1066 2423 non
1100 2396 1233 2423 tamen
1266 2396 1436 2435 negatur
1465 2387 1561 2435 quin

243 2459 333 2482 cum
368 2447 594 2494 graciarum
629 2446 793 2483 accione
827 2446 1028 2494 possimus
1058 2444 1241 2493 preciosa
1266 2445 1417 2481 cibaria
1440 2445 1562 2481 susci-

243 2517 349 2552 pere,
383 2517 540 2553 semper
573 2514 707 2542 tamen
731 2518 820 2542 cum
849 2504 1169 2548 modfficacione,
1195 2512 1235 2538 ut
1259 2503 1343 2540 eius
1366 2505 1562 2551 adaugeat

245 2564 396 2599 cultum
432 2563 517 2600 Dei.

314 2672 333 2690 1.
356 2664 398 2691 D:
426 2664 568 2691 minatur.
659 2673 687 2697 4.
710 2664 870 2699 ίηριιευίο;
896 2664 968 2690 lui:
997 2664 1027 2690 in
1046 2666 1183 2698 peccalo.
1215 2662 1272 2689 Hic
1294 2663 1378 2689 locus
1399 2668 1563 2697 corruptus

244 2703 297 2725 est.
320 2698 457 2725 Rectius:
487 2703 516 2726 el
534 2701 648 2734 quarto
669 2700 742 2734 quia
760 2702 865 2733 preter
885 2699 1015 2725 insidias·
1032 2702 1138 2732 posse!
1157 2698 1243 2724 nubis
1263 2698 1335 2724 iwis
1350 2711 1455 2724 .....
1456 2702 1563 2725 'mulm-

242 2741 327 2769 gere.
395 2743 420 2766 ⁴-
441 2734 588 2768 aliquo&
607 2733 650 2761 D:
671 2735 720 2761 ad.
798 2734 825 2760 ω’.
850 2734 922 2760 lm:
944 2734 1039 2768 Apoc.
1062 2732 1118 2759 ῑἸΙ,
1186 2741 1210 2767 7.
1234 2733 1305 2759 DQ:
1327 2741 1409 2759 mens
1430 2733 1563 2760 Domini.

246 2776 283 2799 1T.
300 2770 342 2805 A:
358 2777 395 2795 ex
410 2777 473 2795 ore.
531 2771 576 2795 ρκ’.
592 2769 727 2798 instans,-
740 2770 784 2795 A:
803 2769 927 2796 lacuna:
944 2769 984 2803 ib.
1001 2769 1025 2794 Α
1039 2778 1044 2794 :
1061 2768 1243 2794 eternitatis.
1301 2775 1346 2802 2⁴),
1363 2769 1407 2794 A:
1425 2770 1455 2794 es
1469 2768 1563 2794 deest.

243 2802 285 2829 32.
309 2803 349 2830 [jz
379 2804 441 2830 illa.
518 2803 560 2838 157.
582 2805 628 2830 A:
652 2804 813 2838 possimus.
955 2802 998 2829 35.
1023 2805 1066 2829 A:
1096 2803 1255 2829 suscitare.

889 2803 903 2829 ’,Α

906 2812 920 2837 x)

316 2887 344 2907 2.
374 2876 490 2907 matth.
511 2877 550 2915 V,
576 2877 625 2908 13.
