<?xml version="1.0" encoding="UTF-8"?>
<!DOCTYPE html PUBLIC "-//W3C//DTD XHTML 1.0 Transitional//EN"
    "http://www.w3.org/TR/xhtml1/DTD/xhtml1-transitional.dtd">
<html xmlns="http://www.w3.org/1999/xhtml" xml:lang="en" lang="en">
 <head>
  <title>
</title>
<meta http-equiv="Content-Type" content="text/html;charset=utf-8" />
  <meta name='ocr-system' content='tesseract 3.04.00' />
  <meta name='ocr-capabilities' content='ocr_page ocr_carea ocr_par ocr_line ocrx_word'/>
</head>
<body>
  <div class='ocr_page' id='page_1' title='image "./iohanniswyclifse0704wycl_0192.png"; bbox 0 0 2062 3276; ppageno 0'>
   <div class='ocr_carea' id='block_1_1' title="bbox 191 731 403 829">
    <p class='ocr_par' dir='ltr' id='par_1_1' title="bbox 191 731 403 829">
     <span class='ocr_line' id='line_1_1' title="bbox 192 731 401 759; baseline -0.014 0"><span class='ocrx_word' id='word_1_1' title='bbox 192 731 324 759; x_wconf 79' lang='lat' dir='ltr'><strong>Christ&#39;s</strong></span> <span class='ocrx_word' id='word_1_2' title='bbox 344 731 401 758; x_wconf 81' lang='lat' dir='ltr'><strong>law</strong></span> 
     </span>
     <span class='ocr_line' id='line_1_2' title="bbox 191 766 403 802; baseline -0.005 -9"><span class='ocrx_word' id='word_1_3' title='bbox 191 766 343 794; x_wconf 85' lang='lat' dir='ltr'><strong>obscured</strong></span> <span class='ocrx_word' id='word_1_4' title='bbox 365 766 403 802; x_wconf 85' lang='lat' dir='ltr'><strong>by</strong></span> 
     </span>
     <span class='ocr_line' id='line_1_3' title="bbox 215 801 389 829; baseline -0.011 0"><span class='ocrx_word' id='word_1_5' title='bbox 215 801 389 829; x_wconf 83' lang='lat' dir='ltr'><strong>traditions.</strong></span> 
     </span>
    </p>
   </div>
   <div class='ocr_carea' id='block_1_2' title="bbox 164 2121 438 2192">
    <p class='ocr_par' dir='ltr' id='par_1_2' title="bbox 164 2121 438 2192">
     <span class='ocr_line' id='line_1_4' title="bbox 164 2121 438 2149; baseline -0.007 0"><span class='ocrx_word' id='word_1_6' title='bbox 164 2121 297 2149; x_wconf 74' lang='lat' dir='ltr'><strong>Christ&#39;s</strong></span> <span class='ocrx_word' id='word_1_7' title='bbox 318 2121 375 2148; x_wconf 79' lang='lat' dir='ltr'><strong>law</strong></span> <span class='ocrx_word' id='word_1_8' title='bbox 392 2121 438 2147; x_wconf 73' lang='lat' dir='ltr'><strong>sor</strong></span> 
     </span>
     <span class='ocr_line' id='line_1_5' title="bbox 212 2156 391 2192; baseline -0.006 -9"><span class='ocrx_word' id='word_1_9' title='bbox 212 2156 259 2183; x_wconf 81' lang='lat' dir='ltr'><strong>his</strong></span> <span class='ocrx_word' id='word_1_10' title='bbox 280 2156 391 2192; x_wconf 78' lang='lat' dir='ltr'><strong>clergy.</strong></span> 
     </span>
    </p>
   </div>
   <div class='ocr_carea' id='block_1_3' title="bbox 745 249 1751 308">
    <p class='ocr_par' dir='ltr' id='par_1_3' title="bbox 745 249 1751 308">
     <span class='ocr_line' id='line_1_6' title="bbox 745 249 1751 308; baseline -0.011 -9"><span class='ocrx_word' id='word_1_11' title='bbox 745 266 969 299; x_wconf 83' lang='lat' dir='ltr'><strong>JOHANNIS</strong></span> <span class='ocrx_word' id='word_1_12' title='bbox 987 265 1172 298; x_wconf 80' lang='lat' dir='ltr'><strong>WYCLIF</strong></span> <span class='ocrx_word' id='word_1_13' title='bbox 1191 263 1447 296; x_wconf 88' lang='lat' dir='ltr'>SERMONUM</span> <span class='ocrx_word' id='word_1_14' title='bbox 1525 249 1676 308; x_wconf 89' lang='lat' dir='ltr'>[SERMO</span> <span class='ocrx_word' id='word_1_15' title='bbox 1697 259 1751 287; x_wconf 84' lang='lat' dir='ltr'><strong>XX</strong></span> 
     </span>
    </p>
   </div>
   <div class='ocr_carea' id='block_1_4' title="bbox 451 368 1826 2621">
    <p class='ocr_par' dir='ltr' id='par_1_4' title="bbox 453 368 1762 421">
     <span class='ocr_line' id='line_1_7' title="bbox 453 368 1762 421; baseline -0.005 -10"><span class='ocrx_word' id='word_1_16' title='bbox 453 375 556 412; x_wconf 88' lang='lat' dir='ltr'><strong>enim</strong></span> <span class='ocrx_word' id='word_1_17' title='bbox 593 376 776 421; x_wconf 74' lang='lat' dir='ltr'><strong>detegere</strong></span> <span class='ocrx_word' id='word_1_18' title='bbox 802 382 838 409; x_wconf 93' lang='lat' dir='ltr'><strong>et</strong></span> <span class='ocrx_word' id='word_1_19' title='bbox 860 371 1206 421; x_wconf 85' lang='lat' dir='ltr'><strong>supereminenter</strong></span> <span class='ocrx_word' id='word_1_20' title='bbox 1229 370 1442 406; x_wconf 83' lang='lat' dir='ltr'><strong>defendere</strong></span> <span class='ocrx_word' id='word_1_21' title='bbox 1466 370 1592 418; x_wconf 83' lang='lat' dir='ltr'><strong>legem</strong></span> <span class='ocrx_word' id='word_1_22' title='bbox 1613 368 1762 406; x_wconf 80' lang='lat' dir='ltr'>Christi</span> 
     </span>
    </p>

    <p class='ocr_par' dir='ltr' id='par_1_5' title="bbox 453 428 1761 478">
     <span class='ocr_line' id='line_1_8' title="bbox 453 428 1761 478; baseline -0.005 -8"><span class='ocrx_word' id='word_1_23' title='bbox 453 443 490 470; x_wconf 91' lang='lat' dir='ltr'><strong>et</strong></span> <span class='ocrx_word' id='word_1_24' title='bbox 536 434 731 469; x_wconf 80' lang='lat' dir='ltr'>honorem</span> <span class='ocrx_word' id='word_1_25' title='bbox 781 444 896 467; x_wconf 89' lang='lat' dir='ltr'><strong>suum</strong></span> <span class='ocrx_word' id='word_1_26' title='bbox 942 429 1199 478; x_wconf 82' lang='lat' dir='ltr'>singulariter</span> <span class='ocrx_word' id='word_1_27' title='bbox 1252 428 1465 465; x_wconf 86' lang='lat' dir='ltr'><strong>defendere</strong></span> <span class='ocrx_word' id='word_1_28' title='bbox 1510 436 1547 464; x_wconf 91' lang='lat' dir='ltr'><strong>et</strong></span> <span class='ocrx_word' id='word_1_29' title='bbox 1590 439 1761 464; x_wconf 87' lang='lat' dir='ltr'><strong>servare.</strong></span> 
     </span>
    </p>

    <p class='ocr_par' dir='ltr' id='par_1_6' title="bbox 451 485 1763 539">
     <span class='ocr_line' id='line_1_9' title="bbox 451 485 1763 539; baseline -0.005 -12"><span class='ocrx_word' id='word_1_30' title='bbox 451 494 553 528; x_wconf 90' lang='lat' dir='ltr'><strong>Nam</strong></span> <span class='ocrx_word' id='word_1_31' title='bbox 577 503 648 539; x_wconf 89' lang='lat' dir='ltr'><strong>per</strong></span> <span class='ocrx_word' id='word_1_32' title='bbox 671 488 917 526; x_wconf 85' lang='lat' dir='ltr'><strong>tradiciones</strong></span> <span class='ocrx_word' id='word_1_33' title='bbox 941 487 1151 525; x_wconf 85' lang='lat' dir='ltr'><strong>hominum</strong></span> <span class='ocrx_word' id='word_1_34' title='bbox 1176 500 1198 524; x_wconf 91' lang='lat' dir='ltr'><strong>a</strong></span> <span class='ocrx_word' id='word_1_35' title='bbox 1221 487 1305 534; x_wconf 79' lang='lat' dir='ltr'><strong>lege</strong></span> <span class='ocrx_word' id='word_1_36' title='bbox 1323 485 1487 522; x_wconf 82' lang='lat' dir='ltr'>Domini</span> <span class='ocrx_word' id='word_1_37' title='bbox 1517 485 1763 522; x_wconf 85' lang='lat' dir='ltr'><strong>declinantes</strong></span> 
     </span>
    </p>

    <p class='ocr_par' dir='ltr' id='par_1_7' title="bbox 451 543 1763 592">
     <span class='ocr_line' id='line_1_10' title="bbox 451 543 1763 592; baseline -0.005 -7"><span class='ocrx_word' id='word_1_38' title='bbox 451 548 631 586; x_wconf 87' lang='lat' dir='ltr'><strong>variatur</strong></span> <span class='ocrx_word' id='word_1_39' title='bbox 664 546 878 584; x_wconf 84' lang='lat' dir='ltr'><strong>inclinacio</strong></span> <span class='ocrx_word' id='word_1_40' title='bbox 908 547 958 583; x_wconf 90' lang='lat' dir='ltr'><strong>ad</strong></span> <span class='ocrx_word' id='word_1_41' title='bbox 982 549 1124 592; x_wconf 93' lang='lat' dir='ltr'><strong>Deum,</strong></span> <span class='ocrx_word' id='word_1_42' title='bbox 1159 554 1196 581; x_wconf 93' lang='lat' dir='ltr'><strong>et</strong></span> <span class='ocrx_word' id='word_1_43' title='bbox 1229 544 1320 581; x_wconf 89' lang='lat' dir='ltr'><strong>hinc</strong></span> <span class='ocrx_word' id='word_1_44' title='bbox 1353 553 1435 580; x_wconf 90' lang='lat' dir='ltr'><strong>tam</strong></span> <span class='ocrx_word' id='word_1_45' title='bbox 1469 543 1510 579; x_wconf 91' lang='lat' dir='ltr'><strong>in</strong></span> <span class='ocrx_word' id='word_1_46' title='bbox 1541 544 1626 592; x_wconf 80' lang='lat' dir='ltr'><strong>lege</strong></span> <span class='ocrx_word' id='word_1_47' title='bbox 1658 556 1763 580; x_wconf 89' lang='lat' dir='ltr'><strong>nova</strong></span> 
     </span>
    </p>

    <p class='ocr_par' dir='ltr' id='par_1_8' title="bbox 453 602 1796 713">
     <span class='ocr_line' id='line_1_11' title="bbox 453 602 1796 656; baseline -0.005 -13"><span class='ocrx_word' id='word_1_48' title='bbox 453 620 574 656; x_wconf 86' lang='lat' dir='ltr'><strong>quam</strong></span> <span class='ocrx_word' id='word_1_49' title='bbox 605 606 727 642; x_wconf 86' lang='lat' dir='ltr'><strong>veteri</strong></span> <span class='ocrx_word' id='word_1_50' title='bbox 760 614 918 641; x_wconf 84' lang='lat' dir='ltr'><strong>tantum</strong></span> <span class='ocrx_word' id='word_1_51' title='bbox 954 603 1229 651; x_wconf 89' lang='lat' dir='ltr'><strong>despiciuntur</strong></span> <span class='ocrx_word' id='word_1_52' title='bbox 1262 603 1366 651; x_wconf 80' lang='lat' dir='ltr'><strong>leges</strong></span> <span class='ocrx_word' id='word_1_53' title='bbox 1400 603 1574 638; x_wconf 90' lang='lat' dir='ltr'><strong>humane</strong></span> <span class='ocrx_word' id='word_1_54' title='bbox 1607 610 1644 637; x_wconf 90' lang='lat' dir='ltr'><strong>et</strong></span> <span class='ocrx_word' id='word_1_55' title='bbox 1675 602 1796 649; x_wconf 76' lang='lat' dir='ltr'><strong>pre-5</strong></span> 
     </span>
     <span class='ocr_line' id='line_1_12' title="bbox 454 659 1415 713; baseline -0.005 -12"><span class='ocrx_word' id='word_1_56' title='bbox 454 665 657 713; x_wconf 82' lang='lat' dir='ltr'><strong>cipiuntur</strong></span> <span class='ocrx_word' id='word_1_57' title='bbox 690 663 912 711; x_wconf 80' lang='lat' dir='ltr'><strong>singulares</strong></span> <span class='ocrx_word' id='word_1_58' title='bbox 944 661 1185 698; x_wconf 88' lang='lat' dir='ltr'><strong>inclinancie</strong></span> <span class='ocrx_word' id='word_1_59' title='bbox 1219 660 1295 708; x_wconf 82' lang='lat' dir='ltr'><strong>legi</strong></span> <span class='ocrx_word' id='word_1_60' title='bbox 1328 659 1415 696; x_wconf 89' lang='lat' dir='ltr'><strong>Dei.</strong></span> 
     </span>
    </p>

    <p class='ocr_par' dir='ltr' id='par_1_9' title="bbox 453 715 1826 2093">
     <span class='ocr_line' id='line_1_13' title="bbox 511 715 1764 770; baseline -0.006 -11"><span class='ocrx_word' id='word_1_61' title='bbox 511 724 624 759; x_wconf 87' lang='lat' dir='ltr'><strong>Unde</strong></span> <span class='ocrx_word' id='word_1_62' title='bbox 648 730 781 770; x_wconf 84' lang='lat' dir='ltr'><strong>patres</strong></span> <span class='ocrx_word' id='word_1_63' title='bbox 814 720 911 768; x_wconf 80' lang='lat' dir='ltr'><strong>legis</strong></span> <span class='ocrx_word' id='word_1_64' title='bbox 943 719 1087 756; x_wconf 86' lang='lat' dir='ltr'><strong>veteris</strong></span> <span class='ocrx_word' id='word_1_65' title='bbox 1119 731 1245 767; x_wconf 88' lang='lat' dir='ltr'><strong>usque</strong></span> <span class='ocrx_word' id='word_1_66' title='bbox 1280 720 1329 754; x_wconf 90' lang='lat' dir='ltr'><strong>ad</strong></span> <span class='ocrx_word' id='word_1_67' title='bbox 1362 717 1607 754; x_wconf 84' lang='lat' dir='ltr'><strong>tradiciones</strong></span> <span class='ocrx_word' id='word_1_68' title='bbox 1630 715 1764 765; x_wconf 84' lang='lat' dir='ltr'><strong>phari-</strong></span> 
     </span>
     <span class='ocr_line' id='line_1_14' title="bbox 454 774 1764 828; baseline -0.005 -11"><span class='ocrx_word' id='word_1_69' title='bbox 454 781 581 818; x_wconf 88' lang='lat' dir='ltr'><strong>saicas</strong></span> <span class='ocrx_word' id='word_1_70' title='bbox 615 781 720 816; x_wconf 91' lang='lat' dir='ltr'><strong>ultra</strong></span> <span class='ocrx_word' id='word_1_71' title='bbox 754 787 949 828; x_wconf 83' lang='lat' dir='ltr'><strong>quantum</strong></span> <span class='ocrx_word' id='word_1_72' title='bbox 973 790 1045 814; x_wconf 91' lang='lat' dir='ltr'><strong>nos</strong></span> <span class='ocrx_word' id='word_1_73' title='bbox 1076 777 1246 813; x_wconf 87' lang='lat' dir='ltr'><strong>facimus</strong></span> <span class='ocrx_word' id='word_1_74' title='bbox 1270 777 1395 824; x_wconf 85' lang='lat' dir='ltr'><strong>legem</strong></span> <span class='ocrx_word' id='word_1_75' title='bbox 1418 774 1582 811; x_wconf 87' lang='lat' dir='ltr'><strong>Domini</strong></span> <span class='ocrx_word' id='word_1_76' title='bbox 1605 786 1764 822; x_wconf 85' lang='lat' dir='ltr'><strong>semper</strong></span> 
     </span>
     <span class='ocr_line' id='line_1_15' title="bbox 453 832 1764 886; baseline -0.005 -11"><span class='ocrx_word' id='word_1_77' title='bbox 453 837 709 886; x_wconf 79' lang='lat' dir='ltr'><strong>singulariter</strong></span> <span class='ocrx_word' id='word_1_78' title='bbox 750 839 1013 882; x_wconf 84' lang='lat' dir='ltr'><strong>honorarunt,</strong></span> <span class='ocrx_word' id='word_1_79' title='bbox 1054 845 1090 871; x_wconf 89' lang='lat' dir='ltr'><strong>et</strong></span> <span class='ocrx_word' id='word_1_80' title='bbox 1129 847 1151 871; x_wconf 87' lang='lat' dir='ltr'><strong>a</strong></span> <span class='ocrx_word' id='word_1_81' title='bbox 1190 844 1373 882; x_wconf 88' lang='lat' dir='ltr'><strong>tempore</strong></span> <span class='ocrx_word' id='word_1_82' title='bbox 1413 846 1491 882; x_wconf 88' lang='lat' dir='ltr'><strong>quo</strong></span> <span class='ocrx_word' id='word_1_83' title='bbox 1538 832 1660 869; x_wconf 86' lang='lat' dir='ltr'><strong>mixta</strong></span> <span class='ocrx_word' id='word_1_84' title='bbox 1703 833 1764 868; x_wconf 86' lang='lat' dir='ltr'><strong>vel</strong></span> 
     </span>
     <span class='ocr_line' id='line_1_16' title="bbox 453 890 1823 946; baseline -0.006 -13"><span class='ocrx_word' id='word_1_85' title='bbox 453 897 751 946; x_wconf 85' lang='lat' dir='ltr'><strong>preponderata</strong></span> <span class='ocrx_word' id='word_1_86' title='bbox 792 904 849 931; x_wconf 92' lang='lat' dir='ltr'><strong>est</strong></span> <span class='ocrx_word' id='word_1_87' title='bbox 888 895 946 930; x_wconf 78' lang='lat' dir='ltr'><strong>lex</strong></span> <span class='ocrx_word' id='word_1_88' title='bbox 986 893 1194 930; x_wconf 87' lang='lat' dir='ltr'><strong>hominum</strong></span> <span class='ocrx_word' id='word_1_89' title='bbox 1236 891 1485 929; x_wconf 83' lang='lat' dir='ltr'><strong>infidelitatis</strong></span> <span class='ocrx_word' id='word_1_90' title='bbox 1524 890 1673 927; x_wconf 91' lang='lat' dir='ltr'><strong>heresis</strong></span> <span class='ocrx_word' id='word_1_91' title='bbox 1706 890 1823 926; x_wconf 85' lang='lat' dir='ltr'><strong>in-1o</strong></span> 
     </span>
     <span class='ocr_line' id='line_1_17' title="bbox 453 947 1764 1002; baseline -0.005 -11"><span class='ocrx_word' id='word_1_92' title='bbox 453 954 586 1000; x_wconf 76' lang='lat' dir='ltr'><strong>olevit,</strong></span> <span class='ocrx_word' id='word_1_93' title='bbox 630 963 672 990; x_wconf 90' lang='lat' dir='ltr'><strong>ut</strong></span> <span class='ocrx_word' id='word_1_94' title='bbox 711 962 820 1002; x_wconf 90' lang='lat' dir='ltr'><strong>patet</strong></span> <span class='ocrx_word' id='word_1_95' title='bbox 863 954 910 988; x_wconf 90' lang='lat' dir='ltr'><strong>de</strong></span> <span class='ocrx_word' id='word_1_96' title='bbox 950 951 1111 989; x_wconf 87' lang='lat' dir='ltr'><strong>statutis</strong></span> <span class='ocrx_word' id='word_1_97' title='bbox 1150 949 1480 999; x_wconf 86' lang='lat' dir='ltr'><strong>provincialibus,</strong></span> <span class='ocrx_word' id='word_1_98' title='bbox 1527 950 1574 985; x_wconf 91' lang='lat' dir='ltr'><strong>de</strong></span> <span class='ocrx_word' id='word_1_99' title='bbox 1612 947 1764 996; x_wconf 81' lang='lat' dir='ltr'><strong>legibus</strong></span> 
     </span>
     <span class='ocr_line' id='line_1_18' title="bbox 454 1007 1765 1060; baseline -0.005 -11"><span class='ocrx_word' id='word_1_100' title='bbox 454 1012 636 1049; x_wconf 89' lang='lat' dir='ltr'><strong>civilibus</strong></span> <span class='ocrx_word' id='word_1_101' title='bbox 678 1020 714 1048; x_wconf 92' lang='lat' dir='ltr'><strong>et</strong></span> <span class='ocrx_word' id='word_1_102' title='bbox 753 1010 983 1060; x_wconf 86' lang='lat' dir='ltr'><strong>specialiter</strong></span> <span class='ocrx_word' id='word_1_103' title='bbox 1022 1011 1069 1046; x_wconf 91' lang='lat' dir='ltr'><strong>de</strong></span> <span class='ocrx_word' id='word_1_104' title='bbox 1107 1007 1399 1045; x_wconf 86' lang='lat' dir='ltr'><strong>tradicionibus</strong></span> <span class='ocrx_word' id='word_1_105' title='bbox 1438 1007 1650 1055; x_wconf 88' lang='lat' dir='ltr'><strong>papalibus</strong></span> <span class='ocrx_word' id='word_1_106' title='bbox 1688 1019 1765 1054; x_wconf 90' lang='lat' dir='ltr'><strong>que</strong></span> 
     </span>
     <span class='ocr_line' id='line_1_19' title="bbox 454 1065 1765 1118; baseline -0.005 -11"><span class='ocrx_word' id='word_1_107' title='bbox 454 1070 591 1108; x_wconf 87' lang='lat' dir='ltr'><strong>omnia</strong></span> <span class='ocrx_word' id='word_1_108' title='bbox 625 1071 672 1106; x_wconf 89' lang='lat' dir='ltr'><strong>de</strong></span> <span class='ocrx_word' id='word_1_109' title='bbox 706 1078 858 1118; x_wconf 87' lang='lat' dir='ltr'><strong>quanto</strong></span> <span class='ocrx_word' id='word_1_110' title='bbox 893 1068 1102 1105; x_wconf 89' lang='lat' dir='ltr'><strong>dissonant</strong></span> <span class='ocrx_word' id='word_1_111' title='bbox 1134 1080 1156 1103; x_wconf 87' lang='lat' dir='ltr'><strong>a</strong></span> <span class='ocrx_word' id='word_1_112' title='bbox 1188 1068 1273 1114; x_wconf 80' lang='lat' dir='ltr'><strong>lege</strong></span> <span class='ocrx_word' id='word_1_113' title='bbox 1292 1065 1456 1102; x_wconf 87' lang='lat' dir='ltr'><strong>Domini</strong></span> <span class='ocrx_word' id='word_1_114' title='bbox 1488 1066 1550 1101; x_wconf 83' lang='lat' dir='ltr'><strong>vel</strong></span> <span class='ocrx_word' id='word_1_115' title='bbox 1583 1077 1765 1113; x_wconf 82' lang='lat' dir='ltr'><strong>expresse</strong></span> 
     </span>
     <span class='ocr_line' id='line_1_20' title="bbox 456 1124 1764 1166; baseline -0.005 -1"><span class='ocrx_word' id='word_1_116' title='bbox 456 1128 741 1166; x_wconf 86' lang='lat' dir='ltr'><strong>contrariando</strong></span> <span class='ocrx_word' id='word_1_117' title='bbox 773 1128 834 1163; x_wconf 89' lang='lat' dir='ltr'><strong>vel</strong></span> <span class='ocrx_word' id='word_1_118' title='bbox 867 1128 917 1163; x_wconf 90' lang='lat' dir='ltr'><strong>ab</strong></span> <span class='ocrx_word' id='word_1_119' title='bbox 951 1126 1034 1163; x_wconf 88' lang='lat' dir='ltr'><strong>eius</strong></span> <span class='ocrx_word' id='word_1_120' title='bbox 1067 1125 1330 1162; x_wconf 86' lang='lat' dir='ltr'><strong>observancia</strong></span> <span class='ocrx_word' id='word_1_121' title='bbox 1371 1124 1632 1160; x_wconf 84' lang='lat' dir='ltr'><strong>distrahendo</strong></span> <span class='ocrx_word' id='word_1_122' title='bbox 1673 1131 1764 1158; x_wconf 91' lang='lat' dir='ltr'><strong>sunt</strong></span> 
     </span>
     <span class='ocr_line' id='line_1_21' title="bbox 456 1180 1821 1223; baseline -0.006 0"><span class='ocrx_word' id='word_1_123' title='bbox 456 1186 633 1223; x_wconf 88' lang='lat' dir='ltr'><strong>heretica</strong></span> <span class='ocrx_word' id='word_1_124' title='bbox 667 1195 704 1222; x_wconf 90' lang='lat' dir='ltr'><strong>et</strong></span> <span class='ocrx_word' id='word_1_125' title='bbox 737 1186 816 1222; x_wconf 90' lang='lat' dir='ltr'><strong>tela</strong></span> <span class='ocrx_word' id='word_1_126' title='bbox 848 1196 993 1221; x_wconf 87' lang='lat' dir='ltr'><strong>aranee</strong></span> <span class='ocrx_word' id='word_1_127' title='bbox 1026 1183 1276 1220; x_wconf 89' lang='lat' dir='ltr'><strong>Antichristi.</strong></span> <span class='ocrx_word' id='word_1_128' title='bbox 1317 1184 1364 1218; x_wconf 88' lang='lat' dir='ltr'><strong>Et</strong></span> <span class='ocrx_word' id='word_1_129' title='bbox 1398 1182 1489 1218; x_wconf 87' lang='lat' dir='ltr'><strong>hinc</strong></span> <span class='ocrx_word' id='word_1_130' title='bbox 1523 1182 1583 1217; x_wconf 83' lang='lat' dir='ltr'><strong>lex</strong></span> <span class='ocrx_word' id='word_1_131' title='bbox 1616 1181 1764 1218; x_wconf 87' lang='lat' dir='ltr'><strong>Christi</strong></span> <span class='ocrx_word' id='word_1_132' title='bbox 1785 1180 1821 1212; x_wconf 77' lang='lat'><strong>15</strong></span> 
     </span>
     <span class='ocr_line' id='line_1_22' title="bbox 454 1238 1765 1292; baseline -0.005 -11"><span class='ocrx_word' id='word_1_133' title='bbox 454 1245 493 1281; x_wconf 90' lang='lat' dir='ltr'><strong>in</strong></span> <span class='ocrx_word' id='word_1_134' title='bbox 526 1257 597 1281; x_wconf 87' lang='lat' dir='ltr'><strong>sua</strong></span> <span class='ocrx_word' id='word_1_135' title='bbox 630 1244 805 1292; x_wconf 87' lang='lat' dir='ltr'><strong>puritate</strong></span> <span class='ocrx_word' id='word_1_136' title='bbox 837 1252 994 1279; x_wconf 80' lang='lat' dir='ltr'><strong>servata</strong></span> <span class='ocrx_word' id='word_1_137' title='bbox 1026 1243 1128 1278; x_wconf 86' lang='lat' dir='ltr'><strong>foret</strong></span> <span class='ocrx_word' id='word_1_138' title='bbox 1162 1240 1365 1289; x_wconf 88' lang='lat' dir='ltr'><strong>copiosius</strong></span> <span class='ocrx_word' id='word_1_139' title='bbox 1389 1238 1601 1284; x_wconf 84' lang='lat' dir='ltr'><strong>elucidata,</strong></span> <span class='ocrx_word' id='word_1_140' title='bbox 1635 1247 1673 1274; x_wconf 93' lang='lat' dir='ltr'><strong>et</strong></span> <span class='ocrx_word' id='word_1_141' title='bbox 1696 1251 1765 1287; x_wconf 91' lang='lat' dir='ltr'><strong>per</strong></span> 
     </span>
     <span class='ocr_line' id='line_1_23' title="bbox 455 1297 1763 1350; baseline -0.006 -10"><span class='ocrx_word' id='word_1_142' title='bbox 455 1314 705 1350; x_wconf 85' lang='lat' dir='ltr'><strong>consequens</strong></span> <span class='ocrx_word' id='word_1_143' title='bbox 739 1313 879 1338; x_wconf 91' lang='lat' dir='ltr'><strong>omnes</strong></span> <span class='ocrx_word' id='word_1_144' title='bbox 902 1300 1100 1337; x_wconf 85' lang='lat' dir='ltr'><strong>novitates</strong></span> <span class='ocrx_word' id='word_1_145' title='bbox 1124 1300 1254 1347; x_wconf 82' lang='lat' dir='ltr'><strong>legum</strong></span> <span class='ocrx_word' id='word_1_146' title='bbox 1280 1298 1422 1335; x_wconf 87' lang='lat' dir='ltr'><strong>talium</strong></span> <span class='ocrx_word' id='word_1_147' title='bbox 1445 1298 1504 1334; x_wconf 88' lang='lat' dir='ltr'><strong>vel</strong></span> <span class='ocrx_word' id='word_1_148' title='bbox 1535 1297 1763 1345; x_wconf 81' lang='lat' dir='ltr'><strong>regularum</strong></span> 
     </span>
     <span class='ocr_line' id='line_1_24' title="bbox 453 1355 1764 1398; baseline -0.005 -1"><span class='ocrx_word' id='word_1_149' title='bbox 453 1373 648 1398; x_wconf 81' lang='lat' dir='ltr'><strong>novorum</strong></span> <span class='ocrx_word' id='word_1_150' title='bbox 675 1359 862 1396; x_wconf 89' lang='lat' dir='ltr'><strong>ordinum</strong></span> <span class='ocrx_word' id='word_1_151' title='bbox 888 1359 1017 1395; x_wconf 87' lang='lat' dir='ltr'><strong>forent</strong></span> <span class='ocrx_word' id='word_1_152' title='bbox 1042 1359 1092 1394; x_wconf 89' lang='lat' dir='ltr'><strong>ad</strong></span> <span class='ocrx_word' id='word_1_153' title='bbox 1115 1357 1187 1393; x_wconf 92' lang='lat' dir='ltr'><strong>Dei</strong></span> <span class='ocrx_word' id='word_1_154' title='bbox 1212 1355 1486 1393; x_wconf 82' lang='lat' dir='ltr'><strong>reverenciam</strong></span> <span class='ocrx_word' id='word_1_155' title='bbox 1510 1356 1764 1391; x_wconf 88' lang='lat' dir='ltr'><strong>semovende.</strong></span> 
     </span>
     <span class='ocr_line' id='line_1_25' title="bbox 455 1414 1763 1463; baseline -0.005 -8"><span class='ocrx_word' id='word_1_156' title='bbox 455 1422 502 1455; x_wconf 87' lang='lat' dir='ltr'><strong>Et</strong></span> <span class='ocrx_word' id='word_1_157' title='bbox 539 1427 716 1454; x_wconf 80' lang='lat' dir='ltr'><strong>moveret</strong></span> <span class='ocrx_word' id='word_1_158' title='bbox 749 1418 908 1454; x_wconf 88' lang='lat' dir='ltr'><strong>fidelem</strong></span> <span class='ocrx_word' id='word_1_159' title='bbox 943 1416 1093 1452; x_wconf 89' lang='lat' dir='ltr'><strong>dictum</strong></span> <span class='ocrx_word' id='word_1_160' title='bbox 1130 1415 1404 1463; x_wconf 79' lang='lat' dir='ltr'><strong>evangelicum</strong></span> <span class='ocrx_word' id='word_1_161' title='bbox 1438 1414 1526 1449; x_wconf 84' lang='lat' dir='ltr'><strong>Joh.</strong></span> <span class='ocrx_word' id='word_1_162' title='bbox 1560 1415 1662 1458; x_wconf 79' lang='lat' dir='ltr'><strong>XXO,</strong></span> <span class='ocrx_word' id='word_1_163' title='bbox 1701 1414 1763 1448; x_wconf 81' lang='lat'><strong>31:</strong></span> 
     </span>
     <span class='ocr_line' id='line_1_26' title="bbox 454 1471 1823 1525; baseline -0.004 -12"><span class='ocrx_word' id='word_1_164' title='bbox 454 1474 545 1514; x_wconf 79' lang='lat' dir='ltr'><strong>Hec</strong></span> <span class='ocrx_word' id='word_1_165' title='bbox 577 1484 702 1512; x_wconf 77' lang='lat' dir='ltr'><strong>autem</strong></span> <span class='ocrx_word' id='word_1_166' title='bbox 736 1476 882 1525; x_wconf 76' lang='lat' dir='ltr'><strong>scripta</strong></span> <span class='ocrx_word' id='word_1_167' title='bbox 914 1482 1000 1510; x_wconf 80' lang='lat' dir='ltr'><strong>sunt</strong></span> <span class='ocrx_word' id='word_1_168' title='bbox 1033 1482 1072 1509; x_wconf 78' lang='lat' dir='ltr'><strong>ut</strong></span> <span class='ocrx_word' id='word_1_169' title='bbox 1103 1474 1286 1517; x_wconf 77' lang='lat' dir='ltr'><strong>credatis,</strong></span> <span class='ocrx_word' id='word_1_170' title='bbox 1319 1473 1405 1522; x_wconf 79' lang='lat' dir='ltr'><strong>quia</strong></span> <span class='ocrx_word' id='word_1_171' title='bbox 1436 1472 1546 1507; x_wconf 77' lang='lat' dir='ltr'><strong>Jesus</strong></span> <span class='ocrx_word' id='word_1_172' title='bbox 1578 1478 1633 1508; x_wconf 85' lang='lat' dir='ltr'><strong>est</strong></span> <span class='ocrx_word' id='word_1_173' title='bbox 1653 1471 1766 1521; x_wconf 81' lang='lat' dir='ltr'><strong>filius</strong></span> <span class='ocrx_word' id='word_1_174' title='bbox 1782 1480 1823 1500; x_wconf 82' lang='lat'><strong>20</strong></span> 
     </span>
     <span class='ocr_line' id='line_1_27' title="bbox 455 1529 1761 1579; baseline -0.005 -8"><span class='ocrx_word' id='word_1_175' title='bbox 455 1535 532 1571; x_wconf 78' lang='lat' dir='ltr'><strong>Dei</strong></span> <span class='ocrx_word' id='word_1_176' title='bbox 574 1542 607 1570; x_wconf 85' lang='lat' dir='ltr'><strong>et</strong></span> <span class='ocrx_word' id='word_1_177' title='bbox 653 1542 692 1570; x_wconf 81' lang='lat' dir='ltr'><strong>ut</strong></span> <span class='ocrx_word' id='word_1_178' title='bbox 735 1535 936 1570; x_wconf 77' lang='lat' dir='ltr'><strong>credentes</strong></span> <span class='ocrx_word' id='word_1_179' title='bbox 981 1533 1097 1568; x_wconf 76' lang='lat' dir='ltr'><strong>vitam</strong></span> <span class='ocrx_word' id='word_1_180' title='bbox 1144 1531 1315 1567; x_wconf 77' lang='lat' dir='ltr'><strong>habeatis</strong></span> <span class='ocrx_word' id='word_1_181' title='bbox 1359 1531 1394 1566; x_wconf 83' lang='lat' dir='ltr'><strong>in</strong></span> <span class='ocrx_word' id='word_1_182' title='bbox 1439 1529 1589 1565; x_wconf 86' lang='lat' dir='ltr'><strong>nomine</strong></span> <span class='ocrx_word' id='word_1_183' title='bbox 1633 1529 1761 1579; x_wconf 77' lang='lat' dir='ltr'><strong>ipsius.</strong></span> 
     </span>
     <span class='ocr_line' id='line_1_28' title="bbox 454 1586 1765 1641; baseline -0.005 -12"><span class='ocrx_word' id='word_1_184' title='bbox 454 1593 650 1641; x_wconf 86' lang='lat' dir='ltr'><strong>Alloquor</strong></span> <span class='ocrx_word' id='word_1_185' title='bbox 695 1600 828 1628; x_wconf 88' lang='lat' dir='ltr'><strong>autem</strong></span> <span class='ocrx_word' id='word_1_186' title='bbox 874 1589 1146 1627; x_wconf 76' lang='lat' dir='ltr'><strong>adversarium</strong></span> <span class='ocrx_word' id='word_1_187' title='bbox 1189 1589 1303 1625; x_wconf 88' lang='lat' dir='ltr'><strong>huius</strong></span> <span class='ocrx_word' id='word_1_188' title='bbox 1344 1587 1448 1633; x_wconf 82' lang='lat' dir='ltr'><strong>fidei,</strong></span> <span class='ocrx_word' id='word_1_189' title='bbox 1489 1588 1694 1635; x_wconf 83' lang='lat' dir='ltr'><strong>querendo</strong></span> <span class='ocrx_word' id='word_1_190' title='bbox 1734 1586 1765 1622; x_wconf 89' lang='lat' dir='ltr'><strong>si</strong></span> 
     </span>
     <span class='ocr_line' id='line_1_29' title="bbox 456 1644 1766 1698; baseline -0.005 -11"><span class='ocrx_word' id='word_1_191' title='bbox 456 1651 582 1687; x_wconf 88' lang='lat' dir='ltr'><strong>credit</strong></span> <span class='ocrx_word' id='word_1_192' title='bbox 615 1651 722 1698; x_wconf 86' lang='lat' dir='ltr'><strong>quod</strong></span> <span class='ocrx_word' id='word_1_193' title='bbox 768 1658 853 1686; x_wconf 87' lang='lat' dir='ltr'><strong>tota</strong></span> <span class='ocrx_word' id='word_1_194' title='bbox 884 1648 1061 1685; x_wconf 84' lang='lat' dir='ltr'><strong>Trinitas</strong></span> <span class='ocrx_word' id='word_1_195' title='bbox 1100 1647 1192 1684; x_wconf 90' lang='lat' dir='ltr'><strong>fecit</strong></span> <span class='ocrx_word' id='word_1_196' title='bbox 1232 1647 1349 1683; x_wconf 90' lang='lat' dir='ltr'><strong>istam</strong></span> <span class='ocrx_word' id='word_1_197' title='bbox 1390 1646 1517 1693; x_wconf 82' lang='lat' dir='ltr'><strong>legem</strong></span> <span class='ocrx_word' id='word_1_198' title='bbox 1564 1644 1684 1681; x_wconf 85' lang='lat' dir='ltr'><strong>scribi</strong></span> <span class='ocrx_word' id='word_1_199' title='bbox 1729 1653 1766 1681; x_wconf 88' lang='lat' dir='ltr'><strong>et</strong></span> 
     </span>
     <span class='ocr_line' id='line_1_30' title="bbox 456 1702 1766 1745; baseline -0.005 0"><span class='ocrx_word' id='word_1_200' title='bbox 456 1708 591 1745; x_wconf 91' lang='lat' dir='ltr'><strong>doceri</strong></span> <span class='ocrx_word' id='word_1_201' title='bbox 623 1716 665 1744; x_wconf 90' lang='lat' dir='ltr'><strong>ut</strong></span> <span class='ocrx_word' id='word_1_202' title='bbox 697 1707 844 1744; x_wconf 75' lang='lat' dir='ltr'><strong>veritas</strong></span> <span class='ocrx_word' id='word_1_203' title='bbox 879 1707 961 1743; x_wconf 88' lang='lat' dir='ltr'><strong>eius</strong></span> <span class='ocrx_word' id='word_1_204' title='bbox 995 1707 1183 1743; x_wconf 87' lang='lat' dir='ltr'><strong>credatur</strong></span> <span class='ocrx_word' id='word_1_205' title='bbox 1216 1714 1252 1741; x_wconf 93' lang='lat' dir='ltr'><strong>et</strong></span> <span class='ocrx_word' id='word_1_206' title='bbox 1286 1717 1307 1741; x_wconf 89' lang='lat' dir='ltr'><strong>a</strong></span> <span class='ocrx_word' id='word_1_207' title='bbox 1330 1703 1410 1740; x_wconf 88' lang='lat' dir='ltr'><strong>suis</strong></span> <span class='ocrx_word' id='word_1_208' title='bbox 1443 1702 1663 1739; x_wconf 88' lang='lat' dir='ltr'><strong>cultoribus</strong></span> <span class='ocrx_word' id='word_1_209' title='bbox 1687 1702 1766 1739; x_wconf 74' lang='lat' dir='ltr'><strong>vita</strong></span> 
     </span>
     <span class='ocr_line' id='line_1_31' title="bbox 456 1758 1822 1815; baseline -0.006 -12"><span class='ocrx_word' id='word_1_210' title='bbox 456 1776 649 1815; x_wconf 88' lang='lat' dir='ltr'><strong>perpetua</strong></span> <span class='ocrx_word' id='word_1_211' title='bbox 684 1767 892 1802; x_wconf 89' lang='lat' dir='ltr'><strong>habeatur.</strong></span> <span class='ocrx_word' id='word_1_212' title='bbox 927 1767 974 1800; x_wconf 87' lang='lat' dir='ltr'><strong>Et</strong></span> <span class='ocrx_word' id='word_1_213' title='bbox 999 1777 1089 1800; x_wconf 91' lang='lat' dir='ltr'><strong>cum</strong></span> <span class='ocrx_word' id='word_1_214' title='bbox 1114 1762 1363 1811; x_wconf 72' lang='lat' dir='ltr'><strong>evangelium</strong></span> <span class='ocrx_word' id='word_1_215' title='bbox 1388 1762 1507 1810; x_wconf 87' lang='lat' dir='ltr'><strong>plane</strong></span> <span class='ocrx_word' id='word_1_216' title='bbox 1531 1760 1586 1797; x_wconf 91' lang='lat' dir='ltr'><strong>sic</strong></span> <span class='ocrx_word' id='word_1_217' title='bbox 1610 1760 1764 1805; x_wconf 86' lang='lat' dir='ltr'><strong>asserit,</strong></span> <span class='ocrx_word' id='word_1_218' title='bbox 1783 1758 1822 1790; x_wconf 78' lang='lat'><strong>25</strong></span> 
     </span>
     <span class='ocr_line' id='line_1_32' title="bbox 457 1818 1766 1873; baseline -0.005 -12"><span class='ocrx_word' id='word_1_219' title='bbox 457 1834 566 1873; x_wconf 87' lang='lat' dir='ltr'><strong>patet</strong></span> <span class='ocrx_word' id='word_1_220' title='bbox 589 1823 808 1860; x_wconf 78' lang='lat' dir='ltr'><strong>adversarii</strong></span> <span class='ocrx_word' id='word_1_221' title='bbox 832 1822 1061 1868; x_wconf 78' lang='lat' dir='ltr'><strong>infidelitas,</strong></span> <span class='ocrx_word' id='word_1_222' title='bbox 1081 1821 1112 1857; x_wconf 90' lang='lat' dir='ltr'><strong>si</strong></span> <span class='ocrx_word' id='word_1_223' title='bbox 1132 1822 1207 1858; x_wconf 92' lang='lat' dir='ltr'><strong>hoc</strong></span> <span class='ocrx_word' id='word_1_224' title='bbox 1225 1830 1358 1869; x_wconf 79' lang='lat' dir='ltr'><strong>negat.</strong></span> <span class='ocrx_word' id='word_1_225' title='bbox 1383 1821 1483 1856; x_wconf 90' lang='lat' dir='ltr'><strong>Cum</strong></span> <span class='ocrx_word' id='word_1_226' title='bbox 1503 1831 1595 1867; x_wconf 78' lang='lat' dir='ltr'><strong>ergo</strong></span> <span class='ocrx_word' id='word_1_227' title='bbox 1617 1818 1766 1855; x_wconf 89' lang='lat' dir='ltr'><strong>nullius</strong></span> 
     </span>
     <span class='ocr_line' id='line_1_33' title="bbox 456 1877 1767 1927; baseline -0.005 -9"><span class='ocrx_word' id='word_1_228' title='bbox 456 1881 691 1919; x_wconf 83' lang='lat' dir='ltr'><strong>tradicionis</strong></span> <span class='ocrx_word' id='word_1_229' title='bbox 732 1883 907 1917; x_wconf 89' lang='lat' dir='ltr'><strong>humane</strong></span> <span class='ocrx_word' id='word_1_230' title='bbox 939 1880 1095 1917; x_wconf 68' lang='lat' dir='ltr'><strong>nox-itas</strong></span> <span class='ocrx_word' id='word_1_231' title='bbox 1130 1879 1289 1927; x_wconf 79' lang='lat' dir='ltr'><strong>attingit</strong></span> <span class='ocrx_word' id='word_1_232' title='bbox 1322 1879 1372 1915; x_wconf 86' lang='lat' dir='ltr'><strong>ad</strong></span> <span class='ocrx_word' id='word_1_233' title='bbox 1405 1879 1511 1914; x_wconf 89' lang='lat' dir='ltr'><strong>hunc</strong></span> <span class='ocrx_word' id='word_1_234' title='bbox 1545 1877 1664 1913; x_wconf 88' lang='lat' dir='ltr'><strong>finem</strong></span> <span class='ocrx_word' id='word_1_235' title='bbox 1699 1877 1767 1912; x_wconf 92' lang='lat' dir='ltr'><strong>sed</strong></span> 
     </span>
     <span class='ocr_line' id='line_1_34' title="bbox 456 1935 1767 1989; baseline -0.005 -12"><span class='ocrx_word' id='word_1_236' title='bbox 456 1941 595 1989; x_wconf 88' lang='lat' dir='ltr'><strong>pocius</strong></span> <span class='ocrx_word' id='word_1_237' title='bbox 619 1939 799 1985; x_wconf 83' lang='lat' dir='ltr'><strong>retrahit,</strong></span> <span class='ocrx_word' id='word_1_238' title='bbox 834 1951 1056 1987; x_wconf 84' lang='lat' dir='ltr'><strong>procurans</strong></span> <span class='ocrx_word' id='word_1_239' title='bbox 1090 1939 1352 1974; x_wconf 87' lang='lat' dir='ltr'><strong>commodum</strong></span> <span class='ocrx_word' id='word_1_240' title='bbox 1386 1935 1623 1983; x_wconf 88' lang='lat' dir='ltr'><strong>temporale,</strong></span> <span class='ocrx_word' id='word_1_241' title='bbox 1658 1943 1767 1983; x_wconf 89' lang='lat' dir='ltr'><strong>patet</strong></span> 
     </span>
     <span class='ocr_line' id='line_1_35' title="bbox 456 1992 1767 2047; baseline -0.005 -12"><span class='ocrx_word' id='word_1_242' title='bbox 456 2000 564 2047; x_wconf 86' lang='lat' dir='ltr'><strong>quod</strong></span> <span class='ocrx_word' id='word_1_243' title='bbox 598 1999 645 2035; x_wconf 89' lang='lat' dir='ltr'><strong>de</strong></span> <span class='ocrx_word' id='word_1_244' title='bbox 678 2007 791 2034; x_wconf 87' lang='lat' dir='ltr'><strong>tanto</strong></span> <span class='ocrx_word' id='word_1_245' title='bbox 824 1997 993 2046; x_wconf 89' lang='lat' dir='ltr'><strong>impedit</strong></span> <span class='ocrx_word' id='word_1_246' title='bbox 1026 1995 1344 2033; x_wconf 89' lang='lat' dir='ltr'><strong>elucidacionem</strong></span> <span class='ocrx_word' id='word_1_247' title='bbox 1379 1994 1577 2031; x_wconf 89' lang='lat' dir='ltr'><strong>sinceram</strong></span> <span class='ocrx_word' id='word_1_248' title='bbox 1602 1992 1767 2041; x_wconf 87' lang='lat' dir='ltr'><strong>Sapien-</strong></span> 
     </span>
     <span class='ocr_line' id='line_1_36' title="bbox 458 2050 1826 2093; baseline -0.005 -1"><span class='ocrx_word' id='word_1_249' title='bbox 458 2056 516 2093; x_wconf 88' lang='lat' dir='ltr'><strong>eie</strong></span> <span class='ocrx_word' id='word_1_250' title='bbox 551 2057 738 2093; x_wconf 87' lang='lat' dir='ltr'><strong>increate.</strong></span> <span class='ocrx_word' id='word_1_251' title='bbox 1784 2050 1826 2081; x_wconf 74' lang='lat'><strong>30</strong></span> 
     </span>
    </p>

    <p class='ocr_par' dir='ltr' id='par_1_10' title="bbox 455 2107 1825 2621">
     <span class='ocr_line' id='line_1_37' title="bbox 513 2107 1767 2160; baseline -0.006 -9"><span class='ocrx_word' id='word_1_252' title='bbox 513 2115 772 2151; x_wconf 86' lang='lat' dir='ltr'><strong>Procedendo</strong></span> <span class='ocrx_word' id='word_1_253' title='bbox 829 2121 962 2149; x_wconf 90' lang='lat' dir='ltr'><strong>autem</strong></span> <span class='ocrx_word' id='word_1_254' title='bbox 1022 2110 1305 2160; x_wconf 88' lang='lat' dir='ltr'><strong>particularius</strong></span> <span class='ocrx_word' id='word_1_255' title='bbox 1363 2122 1436 2158; x_wconf 90' lang='lat' dir='ltr'><strong>pro</strong></span> <span class='ocrx_word' id='word_1_256' title='bbox 1488 2107 1767 2145; x_wconf 85' lang='lat' dir='ltr'><strong>declaracione</strong></span> 
     </span>
     <span class='ocr_line' id='line_1_38' title="bbox 455 2167 1767 2217; baseline -0.005 -8"><span class='ocrx_word' id='word_1_257' title='bbox 455 2172 567 2209; x_wconf 86' lang='lat' dir='ltr'><strong>istius</strong></span> <span class='ocrx_word' id='word_1_258' title='bbox 612 2171 827 2217; x_wconf 88' lang='lat' dir='ltr'><strong>sentencie,</strong></span> <span class='ocrx_word' id='word_1_259' title='bbox 873 2179 1032 2206; x_wconf 87' lang='lat' dir='ltr'><strong>notaret</strong></span> <span class='ocrx_word' id='word_1_260' title='bbox 1079 2169 1207 2205; x_wconf 89' lang='lat' dir='ltr'><strong>fidelis</strong></span> <span class='ocrx_word' id='word_1_261' title='bbox 1253 2167 1463 2204; x_wconf 87' lang='lat' dir='ltr'><strong>duodecim</strong></span> <span class='ocrx_word' id='word_1_262' title='bbox 1504 2168 1609 2214; x_wconf 84' lang='lat' dir='ltr'><strong>leges</strong></span> <span class='ocrx_word' id='word_1_263' title='bbox 1648 2174 1767 2202; x_wconf 87' lang='lat' dir='ltr'><strong>testa-</strong></span> 
     </span>
     <span class='ocr_line' id='line_1_39' title="bbox 457 2223 1768 2278; baseline -0.006 -11"><span class='ocrx_word' id='word_1_264' title='bbox 457 2230 581 2267; x_wconf 91' lang='lat' dir='ltr'><strong>menti</strong></span> <span class='ocrx_word' id='word_1_265' title='bbox 622 2229 792 2278; x_wconf 88' lang='lat' dir='ltr'><strong>duplicis</strong></span> <span class='ocrx_word' id='word_1_266' title='bbox 833 2241 908 2277; x_wconf 87' lang='lat' dir='ltr'><strong>que</strong></span> <span class='ocrx_word' id='word_1_267' title='bbox 947 2228 1163 2264; x_wconf 87' lang='lat' dir='ltr'><strong>ostendunt</strong></span> <span class='ocrx_word' id='word_1_268' title='bbox 1204 2227 1410 2275; x_wconf 88' lang='lat' dir='ltr'><strong>quomodo</strong></span> <span class='ocrx_word' id='word_1_269' title='bbox 1450 2226 1578 2261; x_wconf 87' lang='lat' dir='ltr'><strong>clerus</strong></span> <span class='ocrx_word' id='word_1_270' title='bbox 1619 2223 1768 2260; x_wconf 91' lang='lat' dir='ltr'><strong>Christi</strong></span> 
     </span>
     <span class='ocr_line' id='line_1_40' title="bbox 455 2282 1768 2335; baseline -0.006 -10"><span class='ocrx_word' id='word_1_271' title='bbox 455 2288 604 2325; x_wconf 88' lang='lat' dir='ltr'><strong>viveret</strong></span> <span class='ocrx_word' id='word_1_272' title='bbox 636 2288 758 2324; x_wconf 92' lang='lat' dir='ltr'><strong>vitam</strong></span> <span class='ocrx_word' id='word_1_273' title='bbox 799 2298 1019 2335; x_wconf 85' lang='lat' dir='ltr'><strong>pauperem</strong></span> <span class='ocrx_word' id='word_1_274' title='bbox 1059 2285 1186 2321; x_wconf 89' lang='lat' dir='ltr'><strong>instar</strong></span> <span class='ocrx_word' id='word_1_275' title='bbox 1218 2284 1290 2321; x_wconf 91' lang='lat' dir='ltr'><strong>sui.</strong></span> <span class='ocrx_word' id='word_1_276' title='bbox 1337 2286 1438 2320; x_wconf 81' lang='lat' dir='ltr'><strong>Nam</strong></span> <span class='ocrx_word' id='word_1_277' title='bbox 1478 2295 1548 2331; x_wconf 92' lang='lat' dir='ltr'><strong>per</strong></span> <span class='ocrx_word' id='word_1_278' title='bbox 1588 2282 1768 2321; x_wconf 86' lang='lat' dir='ltr'><strong>dotacio-</strong></span> 
     </span>
     <span class='ocr_line' id='line_1_41' title="bbox 456 2338 1825 2392; baseline -0.006 -9"><span class='ocrx_word' id='word_1_279' title='bbox 456 2359 546 2383; x_wconf 91' lang='lat' dir='ltr'><strong>nem</strong></span> <span class='ocrx_word' id='word_1_280' title='bbox 582 2346 677 2383; x_wconf 90' lang='lat' dir='ltr'><strong>cleri</strong></span> <span class='ocrx_word' id='word_1_281' title='bbox 711 2354 851 2382; x_wconf 88' lang='lat' dir='ltr'><strong>contra</strong></span> <span class='ocrx_word' id='word_1_282' title='bbox 884 2345 1009 2392; x_wconf 84' lang='lat' dir='ltr'><strong>legem</strong></span> <span class='ocrx_word' id='word_1_283' title='bbox 1035 2343 1184 2380; x_wconf 87' lang='lat' dir='ltr'><strong>Christi</strong></span> <span class='ocrx_word' id='word_1_284' title='bbox 1218 2351 1303 2379; x_wconf 88' lang='lat' dir='ltr'><strong>tota</strong></span> <span class='ocrx_word' id='word_1_285' title='bbox 1337 2342 1399 2378; x_wconf 90' lang='lat' dir='ltr'><strong>die</strong></span> <span class='ocrx_word' id='word_1_286' title='bbox 1431 2353 1582 2378; x_wconf 91' lang='lat' dir='ltr'><strong>nomen</strong></span> <span class='ocrx_word' id='word_1_287' title='bbox 1605 2338 1825 2376; x_wconf 75' lang='lat' dir='ltr'><strong>Domini35</strong></span> 
     </span>
     <span class='ocr_line' id='line_1_42' title="bbox 458 2398 1769 2452; baseline -0.006 -11"><span class='ocrx_word' id='word_1_288' title='bbox 458 2404 708 2452; x_wconf 81' lang='lat' dir='ltr'><strong>originaliter</strong></span> <span class='ocrx_word' id='word_1_289' title='bbox 731 2403 1012 2447; x_wconf 83' lang='lat' dir='ltr'><strong>blasfematur3</strong></span> <span class='ocrx_word' id='word_1_290' title='bbox 1047 2401 1297 2449; x_wconf 82' lang='lat' dir='ltr'><strong>originaliter</strong></span> <span class='ocrx_word' id='word_1_291' title='bbox 1324 2399 1427 2446; x_wconf 87' lang='lat' dir='ltr'><strong>dico,</strong></span> <span class='ocrx_word' id='word_1_292' title='bbox 1457 2399 1551 2447; x_wconf 89' lang='lat' dir='ltr'><strong>quia</strong></span> <span class='ocrx_word' id='word_1_293' title='bbox 1574 2411 1644 2447; x_wconf 90' lang='lat' dir='ltr'><strong>per</strong></span> <span class='ocrx_word' id='word_1_294' title='bbox 1668 2398 1769 2434; x_wconf 91' lang='lat' dir='ltr'><strong>blas-</strong></span> 
     </span>
     <span class='ocr_line' id='line_1_43' title="bbox 457 2456 1769 2510; baseline -0.005 -12"><span class='ocrx_word' id='word_1_295' title='bbox 457 2462 660 2510; x_wconf 88' lang='lat' dir='ltr'><strong>phemiam</strong></span> <span class='ocrx_word' id='word_1_296' title='bbox 696 2470 825 2498; x_wconf 91' lang='lat' dir='ltr'><strong>ortam</strong></span> <span class='ocrx_word' id='word_1_297' title='bbox 860 2460 900 2497; x_wconf 84' lang='lat' dir='ltr'><strong>in</strong></span> <span class='ocrx_word' id='word_1_298' title='bbox 935 2461 1041 2496; x_wconf 91' lang='lat' dir='ltr'><strong>clero</strong></span> <span class='ocrx_word' id='word_1_299' title='bbox 1082 2460 1250 2508; x_wconf 87' lang='lat' dir='ltr'><strong>pullulat</strong></span> <span class='ocrx_word' id='word_1_300' title='bbox 1285 2459 1356 2494; x_wconf 93' lang='lat' dir='ltr'><strong>hec</strong></span> <span class='ocrx_word' id='word_1_301' title='bbox 1388 2456 1605 2493; x_wconf 86' lang='lat' dir='ltr'><strong>infidelitas</strong></span> <span class='ocrx_word' id='word_1_302' title='bbox 1644 2468 1769 2504; x_wconf 88' lang='lat' dir='ltr'><strong>usque</strong></span> 
     </span>
     <span class='ocr_line' id='line_1_44' title="bbox 458 2513 1770 2568; baseline -0.005 -12"><span class='ocrx_word' id='word_1_303' title='bbox 458 2522 507 2556; x_wconf 82' lang='lat' dir='ltr'><strong>ad</strong></span> <span class='ocrx_word' id='word_1_304' title='bbox 541 2519 834 2568; x_wconf 86' lang='lat' dir='ltr'><strong>blasphemiam</strong></span> <span class='ocrx_word' id='word_1_305' title='bbox 875 2517 1014 2566; x_wconf 89' lang='lat' dir='ltr'><strong>populi</strong></span> <span class='ocrx_word' id='word_1_306' title='bbox 1049 2517 1201 2554; x_wconf 87' lang='lat' dir='ltr'><strong>laicalis</strong></span> <span class='ocrx_word' id='word_1_307' title='bbox 1235 2525 1272 2553; x_wconf 88' lang='lat' dir='ltr'><strong>et</strong></span> <span class='ocrx_word' id='word_1_308' title='bbox 1304 2514 1634 2564; x_wconf 88' lang='lat' dir='ltr'><strong>perturbaciones</strong></span> <span class='ocrx_word' id='word_1_309' title='bbox 1668 2513 1770 2562; x_wconf 90' lang='lat' dir='ltr'><strong>peri-</strong></span> 
     </span>
     <span class='ocr_line' id='line_1_45' title="bbox 459 2572 1770 2621; baseline -0.005 -7"><span class='ocrx_word' id='word_1_310' title='bbox 459 2578 709 2614; x_wconf 88' lang='lat' dir='ltr'><strong>culosissime</strong></span> <span class='ocrx_word' id='word_1_311' title='bbox 744 2576 1011 2613; x_wconf 88' lang='lat' dir='ltr'><strong>militancium</strong></span> <span class='ocrx_word' id='word_1_312' title='bbox 1052 2575 1250 2611; x_wconf 88' lang='lat' dir='ltr'><strong>oriuntur.</strong></span> <span class='ocrx_word' id='word_1_313' title='bbox 1292 2574 1410 2619; x_wconf 86' lang='lat' dir='ltr'><strong>Quod</strong></span> <span class='ocrx_word' id='word_1_314' title='bbox 1450 2581 1558 2621; x_wconf 85' lang='lat' dir='ltr'><strong>patet</strong></span> <span class='ocrx_word' id='word_1_315' title='bbox 1596 2572 1770 2621; x_wconf 89' lang='lat' dir='ltr'><strong>particu-</strong></span> 
     </span>
    </p>
   </div>
   <div class='ocr_carea' id='block_1_5' title="bbox 456 2751 1770 2932">
    <p class='ocr_par' dir='ltr' id='par_1_11' title="bbox 456 2751 1770 2932">
     <span class='ocr_line' id='line_1_46' title="bbox 528 2751 1770 2789; baseline -0.006 -4"><span class='ocrx_word' id='word_1_316' title='bbox 528 2757 552 2785; x_wconf 70' lang='lat'><strong>3.</strong></span> <span class='ocrx_word' id='word_1_317' title='bbox 574 2757 641 2785; x_wconf 78' lang='lat' dir='ltr'><strong>DE:</strong></span> <span class='ocrx_word' id='word_1_318' title='bbox 671 2757 795 2784; x_wconf 80' lang='lat' dir='ltr'><strong>Domini</strong></span> <span class='ocrx_word' id='word_1_319' title='bbox 813 2757 909 2783; x_wconf 81' lang='lat' dir='ltr'><strong>deest.</strong></span> <span class='ocrx_word' id='word_1_320' title='bbox 985 2754 1011 2783; x_wconf 73' lang='lat'><strong>8.</strong></span> <span class='ocrx_word' id='word_1_321' title='bbox 1032 2756 1076 2782; x_wconf 85' lang='lat' dir='ltr'><strong>A:</strong></span> <span class='ocrx_word' id='word_1_322' title='bbox 1105 2755 1186 2782; x_wconf 77' lang='lat' dir='ltr'><strong>ultra</strong></span> <span class='ocrx_word' id='word_1_323' title='bbox 1208 2754 1392 2789; x_wconf 32' lang='grc' dir='ltr'><strong>,</strong></span> <span class='ocrx_word' id='word_1_324' title='bbox 1407 2753 1507 2786; x_wconf 73' lang='lat' dir='ltr'><strong>deest3</strong></span> <span class='ocrx_word' id='word_1_325' title='bbox 1535 2752 1576 2779; x_wconf 89' lang='lat' dir='ltr'><strong>ib.</strong></span> <span class='ocrx_word' id='word_1_326' title='bbox 1597 2751 1665 2779; x_wconf 79' lang='lat' dir='ltr'><strong>DE:</strong></span> <span class='ocrx_word' id='word_1_327' title='bbox 1693 2751 1770 2782; x_wconf 73' lang='lat' dir='ltr'><strong>Dei,-</strong></span> 
     </span>
     <span class='ocr_line' id='line_1_47' title="bbox 458 2787 1769 2827; baseline -0.005 -7"><span class='ocrx_word' id='word_1_328' title='bbox 458 2794 498 2820; x_wconf 82' lang='lat' dir='ltr'><strong>ib.</strong></span> <span class='ocrx_word' id='word_1_329' title='bbox 520 2794 563 2820; x_wconf 89' lang='lat' dir='ltr'><strong>A:</strong></span> <span class='ocrx_word' id='word_1_330' title='bbox 591 2800 709 2827; x_wconf 76' lang='lat' dir='ltr'><strong>semper</strong></span> <span class='ocrx_word' id='word_1_331' title='bbox 729 2791 828 2824; x_wconf 57' lang='grc' dir='ltr'><strong></strong></span> <span class='ocrx_word' id='word_1_332' title='bbox 856 2791 895 2818; x_wconf 91' lang='lat' dir='ltr'><strong>ib.</strong></span> <span class='ocrx_word' id='word_1_333' title='bbox 917 2790 941 2819; x_wconf 88' lang='lat' dir='ltr'><strong>E</strong></span> <span class='ocrx_word' id='word_1_334' title='bbox 967 2791 997 2817; x_wconf 85' lang='lat' dir='ltr'><strong>in</strong></span> <span class='ocrx_word' id='word_1_335' title='bbox 1026 2798 1137 2825; x_wconf 67' lang='lat' dir='ltr'><strong>marg:</strong></span> <span class='ocrx_word' id='word_1_336' title='bbox 1166 2788 1328 2816; x_wconf 77' lang='lat' dir='ltr'><strong>Studentes</strong></span> <span class='ocrx_word' id='word_1_337' title='bbox 1348 2788 1497 2815; x_wconf 80' lang='lat' dir='ltr'><strong>humanos</strong></span> <span class='ocrx_word' id='word_1_338' title='bbox 1518 2787 1613 2814; x_wconf 80' lang='lat' dir='ltr'><strong>libros</strong></span> <span class='ocrx_word' id='word_1_339' title='bbox 1631 2789 1769 2821; x_wconf 80' lang='lat' dir='ltr'><strong>peccant.</strong></span> 
     </span>
     <span class='ocr_line' id='line_1_48' title="bbox 459 2821 1768 2862; baseline -0.006 -7"><span class='ocrx_word' id='word_1_340' title='bbox 459 2827 495 2855; x_wconf 73' lang='lat'><strong>13.</strong></span> <span class='ocrx_word' id='word_1_341' title='bbox 517 2827 584 2854; x_wconf 87' lang='lat' dir='ltr'><strong>DE:</strong></span> <span class='ocrx_word' id='word_1_342' title='bbox 606 2827 643 2854; x_wconf 79' lang='lat' dir='ltr'><strong>de</strong></span> <span class='ocrx_word' id='word_1_343' title='bbox 661 2829 776 2862; x_wconf 80' lang='lat' dir='ltr'><strong>quanto</strong></span> <span class='ocrx_word' id='word_1_344' title='bbox 798 2826 891 2852; x_wconf 68' lang='lat' dir='ltr'><strong>deest.</strong></span> <span class='ocrx_word' id='word_1_345' title='bbox 949 2834 989 2858; x_wconf 76' lang='lat'><strong>14.</strong></span> <span class='ocrx_word' id='word_1_346' title='bbox 1012 2824 1079 2852; x_wconf 84' lang='lat' dir='ltr'><strong>DE:</strong></span> <span class='ocrx_word' id='word_1_347' title='bbox 1101 2824 1150 2851; x_wconf 81' lang='lat' dir='ltr'><strong>vel</strong></span> <span class='ocrx_word' id='word_1_348' title='bbox 1162 2823 1192 2851; x_wconf 80' lang='lat' dir='ltr'><strong>in</strong></span> <span class='ocrx_word' id='word_1_349' title='bbox 1208 2823 1293 2850; x_wconf 73' lang='lat' dir='ltr'><strong>bonis</strong></span> <span class='ocrx_word' id='word_1_350' title='bbox 1306 2822 1533 2850; x_wconf 81' lang='lat' dir='ltr'><strong>observanciam</strong></span> <span class='ocrx_word' id='word_1_351' title='bbox 1549 2821 1768 2848; x_wconf 74' lang='lat' dir='ltr'><strong>subtrahendo.</strong></span> 
     </span>
     <span class='ocr_line' id='line_1_49' title="bbox 458 2855 1768 2897; baseline -0.005 -8"><span class='ocrx_word' id='word_1_352' title='bbox 458 2870 499 2897; x_wconf 76' lang='grc' dir='ltr'>).</span> <span class='ocrx_word' id='word_1_353' title='bbox 515 2861 538 2888; x_wconf 84' lang='grc' dir='ltr'></span> <span class='ocrx_word' id='word_1_354' title='bbox 554 2862 582 2889; x_wconf 87' lang='lat' dir='ltr'><strong>in</strong></span> <span class='ocrx_word' id='word_1_355' title='bbox 599 2869 710 2896; x_wconf 67' lang='lat' dir='ltr'><strong>marg:</strong></span> <span class='ocrx_word' id='word_1_356' title='bbox 733 2860 848 2896; x_wconf 74' lang='lat' dir='ltr'><strong>Regale</strong></span> <span class='ocrx_word' id='word_1_357' title='bbox 868 2867 1016 2887; x_wconf 75' lang='lat' dir='ltr'><strong>novorum</strong></span> <span class='ocrx_word' id='word_1_358' title='bbox 1036 2858 1179 2886; x_wconf 70' lang='lat' dir='ltr'><strong>ordinum</strong></span> <span class='ocrx_word' id='word_1_359' title='bbox 1198 2861 1270 2885; x_wconf 83' lang='lat' dir='ltr'><strong>sunt</strong></span> <span class='ocrx_word' id='word_1_360' title='bbox 1286 2856 1473 2885; x_wconf 75' lang='lat' dir='ltr'><strong>semovende.</strong></span> <span class='ocrx_word' id='word_1_361' title='bbox 1535 2863 1577 2883; x_wconf 86' lang='lat'><strong>22.</strong></span> <span class='ocrx_word' id='word_1_362' title='bbox 1600 2855 1669 2883; x_wconf 85' lang='lat' dir='ltr'><strong>DE:</strong></span> <span class='ocrx_word' id='word_1_363' title='bbox 1692 2856 1768 2883; x_wconf 85' lang='lat' dir='ltr'><strong>allo-</strong></span> 
     </span>
     <span class='ocr_line' id='line_1_50' title="bbox 456 2891 1606 2932; baseline -0.005 -8"><span class='ocrx_word' id='word_1_364' title='bbox 456 2897 569 2932; x_wconf 75' lang='lat' dir='ltr'><strong>quitur.</strong></span> <span class='ocrx_word' id='word_1_365' title='bbox 643 2895 688 2923; x_wconf 80' lang='lat'><strong>30.</strong></span> <span class='ocrx_word' id='word_1_366' title='bbox 710 2895 751 2922; x_wconf 82' lang='lat' dir='ltr'><strong>D:</strong></span> <span class='ocrx_word' id='word_1_367' title='bbox 781 2895 857 2922; x_wconf 72' lang='lat' dir='ltr'><strong>Nota</strong></span> <span class='ocrx_word' id='word_1_368' title='bbox 877 2895 951 2921; x_wconf 80' lang='lat' dir='ltr'><strong>hene</strong></span> <span class='ocrx_word' id='word_1_369' title='bbox 971 2894 989 2921; x_wconf 93' lang='lat' dir='ltr'><strong>i.</strong></span> <span class='ocrx_word' id='word_1_370' title='bbox 1012 2902 1051 2921; x_wconf 89' lang='lat' dir='ltr'><strong>m.</strong></span> <span class='ocrx_word' id='word_1_371' title='bbox 1125 2892 1171 2921; x_wconf 73' lang='lat'><strong>36.</strong></span> <span class='ocrx_word' id='word_1_372' title='bbox 1194 2892 1262 2919; x_wconf 88' lang='lat' dir='ltr'><strong>DE:</strong></span> <span class='ocrx_word' id='word_1_373' title='bbox 1291 2892 1493 2928; x_wconf 66' lang='lat' dir='ltr'><strong>orz&#39;ginaliter</strong></span> <span class='ocrx_word' id='word_1_374' title='bbox 1511 2891 1606 2919; x_wconf 83' lang='lat' dir='ltr'><strong>deest.</strong></span> 
     </span>
    </p>
   </div>
  </div>
 </body>
</html>
