2062 3276
213 1272 236 1290 2.
260 1261 392 1290 Wealth.

233 1299 292 1331 (All
315 1306 371 1324 our

168 1334 364 1369 possessivus
385 1340 434 1359 asc

169 1371 218 1395 but
240 1377 254 1394 a
275 1368 343 1394 loun
361 1368 439 1394 from

261 1403 353 1429 God‘..

704 282 926 313 JOHANNIS
946 281 1129 312 WYCIJF
1149 281 1404 313 SERMONUM
1425 267 1576 323 {SERMO
1594 278 1747 307 XXXVIII

511 392 622 435 Item,
656 388 854 436 numquid
883 387 1044 436 sanguis
1070 396 1296 425 menstruus
1321 400 1366 423 ac
1389 400 1525 423 semen
1549 396 1759 435 parentum

452 447 518 496 qui
552 447 707 484 laucius
741 447 962 482 educantur
996 445 1126 482 minus
1160 445 1426 482 exercitantur
1451 453 1517 481 aut
1541 454 1762 493 purgantur

452 505 501 541 sit
524 505 676 542 semine
698 504 759 541 vel
782 503 975 552 sanguine
1005 503 1240 551 ignobilium
1274 503 1397 551 magis
1427 503 1621 539 mundus?
1652 502 1762 539 Veri-

452 562 582 599 simile
616 571 673 600 est
705 563 814 611 quod
847 575 940 607 non,
976 574 1065 598 cum
1091 561 1298 610 quodlibet
1331 561 1409 597 tale
1442 560 1491 597 sit
1513 561 1760 609 superfluum

452 621 634 658 alimenti
678 629 715 657 et
759 619 1055 669 superfluitates
1101 620 1189 668 plus
1232 618 1374 655 fetidas
1420 619 1567 655 habent
1610 618 1796 654 laucius5

452 679 623 717 educati.
669 681 751 715 Nec
797 679 929 726 proles
974 690 1113 714 eorum
1159 678 1234 714 hoc
1282 676 1458 714 ostendit
1504 677 1572 713 sed
1621 676 1761 724 pocius

452 736 699 786 oppositum.
735 736 961 784 Ingenuitas
986 747 1079 783 ergo
1113 748 1270 772 morum
1306 736 1625 783 correspondens
1648 743 1762 771 natu·

453 795 602 832 ralibus
637 803 693 832 est
728 794 900 830 maxime
933 794 1195 835 attendenda;
1230 794 1337 842 quod
1370 793 1401 829 si
1434 793 1650 841 pauperior
1673 805 1762 828 cum

453 853 713 890 debilioribus
758 851 1008 889 naturalibus
1052 850 1270 888 virtuosior
1313 850 1443 896 fuerit,
1490 860 1547 887 est
1600 849 1764 887 indubie

453 912 542 960 plus
584 908 588 963 Ι
630 911 874 953 laudandus;
926 918 1137 958 parentum
1191 922 1284 957 ergo
1327 908 1516 945 nobilitas
1563 921 1639 957 que
1682 920 1764 944 non
1782 886 1862 973 13:3¹

454 970 603 1006 relucet
642 968 681 1005 in
721 967 891 1016 posteris
930 975 1093 1004 accusat
1140 966 1243 1003 filios
1288 975 1325 1003 et
1365 979 1432 1003 eos
1472 966 1628 1003 exhibet
1675 958 1820 1014 plus>a

455 1028 689 1075 culpandos.
727 1027 839 1063 Unde
871 1025 1026 1074 signum
1062 1024 1292 1061 stabilitatis
1326 1037 1541 1073 regnorum
1576 1033 1633 1061 est
1657 1024 1764 1073 quod

454 1086 585 1134 proles
618 1083 813 1122 nobilium
848 1083 1074 1132 postposita
1108 1082 1329 1119 insolencia
1364 1082 1578 1119 virtutibus
1613 1094 1765 1119 assues·

455 1152 559 1189 cant,
625 1152 662 1180 et
723 1155 792 1191 per
851 1153 1101 1191 consequens
1161 1140 1395 1190 oppositum
1457 1140 1650 1177 contrarii
1709 1148 1766 1176 est

455 1200 661 1238 iudicium.
1786 1198 1823 1231 15

514 1260 659 1305 Quoad
699 1259 919 1295 secundum
961 1265 1070 1307 patet
1103 1259 1210 1306 quod
1249 1269 1367 1294 nemo
1401 1256 1578 1305 possidet
1611 1264 1766 1304 tempo-

456 1317 555 1354 ralia
594 1317 669 1354 nisi
704 1329 747 1353 ex
780 1316 851 1352 Dei
886 1325 1027 1352 mutuo
1061 1315 1257 1363 gmeioso,
1292 1324 1334 1352 ut
1367 1327 1413 1352 ea
1445 1315 1646 1363 dispenset
1679 1315 1766 1350 red-

457 1376 588 1412 dendo
629 1383 865 1423 computum
906 1373 1206 1411 strictissimum
1245 1382 1287 1409 ut
1322 1373 1502 1410 ballivus.
1550 1374 1641 1409 Ideo
1674 1384 1764 1408 cum

458 1446 558 1482 eque
590 1433 787 1482 permittit
811 1434 916 1469 Deus
940 1432 1107 1468 iniustos
1131 1431 1232 1468 sicut
1257 1431 1383 1468 iustos
1406 1430 1502 1468 talia
1525 1429 1767 1478 temporalia

457 1504 670 1540 occupare,
705 1499 814 1539 patet
838 1491 946 1539 quod
979 1490 1138 1526 illorum
1173 1489 1371 1538 possessio
1404 1502 1485 1526 non
1519 1497 1577 1525 est
1609 1488 1765 1536 signum
1785 1499 1826 1520 20

458 1549 623 1586 honoris
668 1551 737 1586 sed
780 1548 926 1586 oneris.
972 1550 1019 1584 Et
1061 1548 1159 1584 illud
1205 1556 1314 1596 patet
1353 1546 1549 1583 direccius
1594 1546 1767 1583 videndo

457 1609 565 1656 quod
597 1606 839 1655 temporalia
864 1618 939 1655 que
972 1606 1158 1643 accidunt
1188 1618 1270 1642 non
1302 1604 1526 1641 formaliter
1550 1604 1768 1640 bonificant

456 1674 723 1714 occupantem
759 1665 827 1701 sed
861 1677 950 1701 cum
975 1664 1188 1700 virtutibus
1221 1662 1529 1700 occasionaliter
1551 1662 1768 1711 proficiunt

458 1733 494 1760 et
541 1723 626 1760 sine
672 1722 885 1760 virtutibus
937 1722 1106 1758 multum
1158 1721 1351 1759 officiunt.
1413 1721 1453 1757 Si
1505 1733 1597 1768 ergo
1649 1732 1767 1756 nemo

458 1781 760 1818 racionabiliter
799 1779 1040 1829 gloriaretur
1079 1781 1127 1816 de
1166 1780 1234 1816 illo
1273 1780 1382 1828 quod
1422 1792 1501 1815 non
1541 1787 1598 1815 est
1636 1780 1825 1823 suum‚25

458 1839 559 1876 sicut
604 1848 660 1875 est
703 1840 750 1875 de
796 1837 975 1887 quolibet
1016 1837 1083 1886 qui
1129 1837 1308 1874 abutitur
1346 1838 1452 1874 dono
1489 1837 1550 1873 vel
1587 1835 1769 1884 precario

460 1897 530 1934 Dei
574 1897 648 1943 sui,
688 1909 765 1946 que
810 1896 937 1944 gloria
985 1895 1080 1932 mihi
1126 1897 1173 1932 de
1212 1895 1502 1944 temporalibus
1548 1906 1624 1942 que
1674 1893 1769 1929 mihi

458 1955 667 1992 adiacent?
711 1954 940 2003 specialiter
979 1967 1069 1990 cum
1115 1954 1251 1990 labore
1295 1953 1577 2002 adquiruntur,
1625 1951 1770 1988 timore

459 2012 740 2050 custodiuntur
792 2021 828 2049 et
873 2024 1029 2049 merore
1074 2012 1166 2048 licet
1204 2011 1432 2048 necessario
1472 2009 1770 2058 deperduntur?

458 2071 589 2107 Nichil
633 2071 830 2107 intulimus
873 2070 909 2106 in
954 2070 1053 2106 hunc
1091 2071 1289 2115 mundum,
1328 2070 1433 2105 haud
1471 2068 1645 2115 dubium,
1684 2067 1828 2116 quiam

458 2142 525 2166 nec
547 2129 694 2177 aliquid
725 2129 813 2165 inde
843 2129 1004 2177 auferre
1021 2140 1241 2177 possumus,
1275 2129 1300 2163 Ι.
1324 2126 1428 2164 Tim.
1452 2128 1538 2172 V10‚
1565 2138 1602 2173 7.
1641 2126 1770 2175 Opera

459 2195 584 2223 tamen
617 2187 785 2222 omnium
818 2193 1030 2235 sequuntur
1060 2186 1148 2221 illos
1180 2187 1256 2233 Ap.
1289 2186 1410 2230 XIV0‚
1442 2185 1501 2220 13.
1549 2185 1640 2220 Ideo
1674 2182 1771 2218 dicit

459 2245 674 2293 Apostolus
699 2246 724 2280 Ι.
751 2246 842 2280 Cor.
868 2245 951 2289 ΙΨ,
978 2256 1020 2291 7:
1061 2243 1164 2287 Quid
1195 2243 1311 2279 habes
1334 2243 1435 2291 quod
1464 2254 1535 2278 non
1568 2240 1771 2290 accepisti?

460 2302 500 2340 Si
534 2311 666 2339 autem
707 2301 897 2350 accepisti
931 2300 1026 2349 quid
1060 2300 1244 2349 gloriaris
1278 2300 1391 2348 quasi
1429 2312 1510 2336 non
1543 2297 1771 2347 acceperis?

460 2363 588 2397 Immo
628 2359 731 2396 idem
774 2368 830 2396 est
870 2360 1035 2395 laudare
1074 2358 1355 2407 temporaliter
1394 2357 1557 2394 divitem
1603 2369 1647 2393 ex
1691 2355 1771 2392 suis
1788 2359 1827 2392 >5

461 2417 613 2455 diviciis
654 2426 690 2455 et
732 2418 1017 2454 commendare
1058 2416 1354 2453 mendicantem
1395 2428 1437 2453 ex
1472 2416 1547 2451 hoc
1580 2415 1687 2463 quod
1721 2414 1770 2450 ad

460 2476 518 2512 sui
554 2475 758 2524 egenciam
793 2475 1033 2512 elemosinas
1066 2474 1347 2523 potenciorum
1384 2473 1624 2510 accumulet.
1667 2474 1771 2508 Deus

462 2534 566 2570 enim
610 2533 838 2570 miserando
879 2535 1002 2570 donat
1044 2532 1170 2569 eciam
1212 2532 1316 2568 iusto
1355 2530 1595 2580 temporalia
1629 2530 1677 2567 ad
1712 2529 1771 2566 sui

530 2676 554 2695 2.
578 2668 619 2695 G:
643 2669 730 2696 nimis
750 2668 970 2696 exercitantur.
1044 2666 1068 2694 3.
1091 2668 1134 2694 A:
1162 2667 1260 2693 minus
1280 2666 1437 2694 nobilium.
1510 2665 1538 2691 ὁ.
1561 2665 1585 2691 D
1607 2664 1635 2691 in
1658 2671 1771 2697 marga

460 2702 622 2730 Nobilitas.
764 2712 790 2739 7.
820 2702 891 2730 nG:
923 2702 1137 2738 Ingenuositits
1165 2701 1272 2737 igitur.
1415 2701 1441 2727 8.
1474 2700 1518 2726 H:
1547 2699 1772 2734 pauperrimus.

462 2746 502 2764 10.
524 2737 565 2764 D:
588 2738 695 2773 igitur.
777 2746 810 2765 11.
833 2737 905 2764 DG:
922 2740 1090 2772 posterum.
1172 2744 1213 2769 14.
1235 2736 1307 2762 DG:
1330 2735 1532 2762 contrarium.
1607 2742 1648 2768 14,
1671 2732 1706 2760 15.
1728 2733 1772 2760 H:

461 2772 632 2806 oppositum
654 2776 695 2799 est
715 2772 872 2799 conlrarii
889 2772 1082 2798 indm'tivum.
1157 2771 1194 2798 15.
1215 2770 1380 2800 indicium,-
1401 2770 1443 2797 A:
1466 2769 1558 2796 indui.
1581 2802 1584 2803 .
1634 2768 1674 2795 16.
1696 2767 1721 2793 D
1743 2767 1771 2793 in

462 2814 577 2838 marg:
594 2814 622 2834 2.
674 2815 711 2841 17.
727 2807 750 2833 l)
764 2807 792 2834 in
808 2815 903 2840 marg.
916 2816 922 2833 ε
937 2805 1065 2833 Divicie.
1115 2806 1154 2832 18.
1167 2805 1241 2832 AH:
1257 2808 1437 2840 compotum.
1482 2812 1526 2830 20.
1541 2802 1594 2830 m}
1607 2812 1613 2829 z
1628 2802 1774 2830 istorum:

462 2840 504 2868 H:
526 2849 639 2868 eornm.
696 2850 735 2868 21.
752 2843 794 2868 A:
814 2843 900 2876 pale!
914 2841 1007 2867 deest.
1070 2848 1111 2866 22.
1130 2840 1170 2867 b:
1191 2839 1372 2871 beatificant.
1430 2840 1474 2872 28,
1490 2846 1536 2865 2¹1.
1554 2839 1596 2864 A:
1618 2837 1728 2864 timore
1744 2852 1773 2855 *—

461 2876 673 2909 deperdunlur
687 2877 781 2902 deest.
838 2884 884 2910 21).
901 2875 944 2902 G:
961 2880 990 2901 (Ἰ
1003 2883 1141 2901 memme.
1199 2873 1243 2900 30.
1261 2874 1303 2900 (ῖς
1320 2874 1414 2900 nichil
1426 2873 1564 2899 inutilius
1573 2881 1582 2901 ,·
1602 2871 1640 2898 ib.
1657 2872 1701 2898 A:
1721 2874 1776 2897 ιιιιί

462 2910 592 2937 dubium.
650 2909 686 2937 [²⁷1.
710 2910 750 2937 H:
773 2910 787 2936 I
804 2910 898 2936 deest.
955 2909 996 2936 2³3.
1019 2909 1062 2936 H:
1085 2910 1105 2936 I.
1131 2910 1201 2936 Cor.
1226 2909 1266 2935 ll'
1284 2910 1376 2935 deest.
1435 2906 1478 2935 38.
1496 2908 1539 2934 A:
1562 2914 1656 2933 cctam
1680 2906 1771 2932 dcc-‚r
