2062 3276
761 284 985 317 ,IOHANNIS
1004 284 1188 317 WYCLIF
1208 284 1463 318 SERMONUM
1495 270 1647 330 [SERMO
1669 281 1776 311 xxxt-

466 400 692 428 cementum
732 391 904 428 sciencie
937 402 974 428 et
1007 391 1198 437 caritatis,
1234 401 1270 428 et
1309 391 1365 428 sic
1405 391 1629 428 coacervati
1662 392 1776 440 quasi

469 449 633 486 materie
657 450 821 497 depulse
853 463 875 486 a
907 451 1033 498 gradu
1066 449 1361 498 spiritualitatis
1394 451 1443 486 ad
1476 451 1645 497 gradum
1670 463 1777 486 sum-

176 514 263 541 False
289 513 450 549 preachers
468 520 576 543 mum
602 509 805 544 mundane
827 507 1016 545 vanitatis
1040 507 1079 544 in
1101 517 1258 545 tantum
1283 508 1389 557 quod
1414 507 1588 555 religiosi
1611 507 1774 556 quidam

221 557 335 583 among
354 549 404 575 the

236 583 391 618 religions.

181 2139 264 2166 l’lain
288 2146 304 2171 p
311 2137 453 2172 reaching

244 2174 292 2200 the
315 2173 390 2199 best.

465 574 630 614 propter
674 565 943 602 ambicionem
988 566 1276 614 temporalium
1321 564 1466 613 egressi
1505 566 1553 601 de
1593 565 1776 602 claustris

466 623 670 660 commixti
705 633 795 660 sunt
826 623 928 660 inter
961 633 1099 671 gentes
1132 633 1169 660 et
1201 623 1428 660 didicerunt
1460 635 1583 671 opera
1623 626 1809 660 eorunm?

523 683 571 717 Et
616 694 752 718 revera
797 683 868 717 hec
913 691 970 718 est
1016 683 1216 718 horrenda
1269 681 1579 718 monstruositas
1632 694 1777 729 sponse

466 738 613 775 Christi
647 748 683 775 et
716 738 985 775 verisimiliter
1028 741 1343 787 presumendum
1390 741 1498 787 quod
1537 739 1586 775 sit
1618 739 1777 776 occasio

467 796 786 844 perturbacionis
819 797 948 834 tocius
981 796 1288 842 christianismi3
1323 810 1412 834 cum
1442 798 1661 834 secundum
1688 797 1777 833 Lin-

466 855 710 891 colniensem
745 855 969 891 claustralis
1000 864 1165 903 propter
1198 855 1467 892 ambicionem
1491 855 1775 903 temporalium

464 913 518 949 sic
551 925 734 963 egressus
764 913 813 949 sit
844 914 1015 949 cadaver
1052 920 1262 956 mortuum,
1290 913 1433 962 pannis
1454 914 1689 962 funebribus
1722 914 1776 949 in·
1798 927 1836 947 10

466 971 651 1013 volutum,
685 971 732 1006 de
763 971 943 1019 sepulcro
977 983 1195 1021 egressum,
1234 984 1255 1006 a
1290 971 1442 1007 diabolo
1475 971 1575 1007 inter
1607 971 1779 1007 homines

465 1029 669 1079 agitatum.
724 1028 830 1074 Quid
876 1029 1021 1065 mirum
1067 1041 1164 1077 ergo
1208 1029 1239 1064 si
1284 1028 1543 1077 perturbacio
1588 1028 1638 1065 sit
1684 1042 1778 1065 con-

465 1099 635 1135 sequens
667 1087 746 1123 tale
779 1087 1030 1123 monstrum?
1068 1088 1187 1123 Tales
1221 1086 1342 1135 igitur
1376 1086 1556 1135 magistri
1589 1086 1645 1123 sic
1679 1086 1778 1135 spis-

465 1144 539 1181 sim
574 1144 800 1181 coacervati
832 1144 1017 1192 ingerunt
1049 1145 1249 1193 pruri‘,.m
1291 1144 1456 1181 auribus
1498 1145 1778 1191 mundialium,

466 1204 560 1239 dum
586 1202 653 1239 alii
686 1202 1060 1251 ymaginacionibus
1093 1204 1298 1239 lucrorum
1334 1202 1620 1251 temporalium
1648 1203 1779 1239 solum
1801 1206 1835 1238 13

465 1261 693 1306 intendunt,
727 1260 794 1297 alii
826 1260 947 1298 lautis
980 1261 1286 1307 refeceionibus,
1320 1261 1440 1309 largis
1475 1260 1708 1297 muneribus
1743 1270 1780 1297 et

470 1318 572 1356 fictis
612 1318 919 1356 adulacionibus
958 1320 1154 1368 populum
1193 1328 1364 1367 pascunt
1398 1328 1435 1356 et
1467 1318 1534 1356 alii
1568 1318 1780 1367 palliantes

465 1378 584 1414 verba
630 1376 813 1414 doctrine
859 1377 1024 1414 dimissa
1069 1377 1390 1414 annunciacione
1434 1377 1594 1413 sceleris
1639 1376 1779 1425 populi

464 1447 588 1472 vanos
621 1436 840 1484 applausus
872 1435 1075 1472 auditorio
1110 1435 1309 1472 rethorice
1340 1435 1530 1481 referunt,
1564 1444 1601 1471 et
1625 1448 1712 1471 cum
1739 1435 1779 1470 in

466 1495 583 1530 rebus
621 1493 918 1530 insensibilibus
952 1503 989 1530 et
1023 1494 1168 1530 eternis
1201 1493 1409 1542 potissime
1441 1493 1490 1529 sit
1523 1492 1669 1530 veritas
1708 1494 1776 1529 sed
1796 1506 1838 1527 πο

466 1551 506 1587 in
529 1551 614 1588 istis
638 1551 880 1588 transitoriis
903 1560 1069 1600 propter
1093 1564 1231 1588 eorum
1257 1551 1567 1588 mutabilitatem
1597 1551 1779 1588 fabulosa

468 1609 638 1655 fallacia,
694 1618 803 1658 patet
847 1611 1054 1658 quomodo
1100 1610 1281 1646 moderni
1322 1623 1344 1646 a
1382 1609 1549 1646 veritate
1596 1609 1778 1646 auditum

469 1676 653 1704 avertunt
692 1669 742 1704 ad
780 1668 935 1704 fabulas
981 1677 1271 1704 convertentes.
1318 1670 1418 1704 Nam
1460 1667 1491 1703 si
1532 1666 1619 1715 quis
1659 1667 1779 1703 hodie

468 1725 677 1762 veritatem
710 1725 980 1773 theologicam
1015 1725 1247 1771 annunciat,
1281 1738 1362 1762 non
1395 1725 1556 1762 auditur
1580 1727 1647 1762 sed
1671 1737 1779 1773 sper-

466 1784 575 1820 nitur
607 1793 816 1832 tamquam
849 1783 1100 1832 vaniloquus,
1147 1785 1215 1820 sed
1248 1783 1438 1820 tractanti
1470 1783 1636 1831 negocia
1669 1785 1834 1819 secu-25

468 1841 566 1878 laria
611 1841 745 1878 statim
792 1841 1031 1886 intenditur3
1085 1843 1193 1890 quod
1238 1841 1322 1878 sine
1361 1840 1482 1877 dubio
1525 1851 1581 1877 est
1621 1841 1777 1889 signum

467 1899 715 1936 carnalitatis
755 1909 791 1936 et
832 1899 1092 1936 extinccionis
1130 1900 1208 1936 vite
1246 1899 1481 1947 spiritualis,
1528 1899 1620 1947 quia
1664 1898 1780 1946 spiri-

467 1957 586 1994 tualis
619 1959 742 1994 homo
775 1967 981 2006 appeteret
1013 1957 1123 1994 refici
1157 1957 1244 1994 cibo
1278 1957 1476 2005 spirituali
1500 1970 1578 2004 quo
1610 1956 1778 2001 viveret3

468 2025 505 2052 et
551 2015 682 2052 carnis
722 2015 926 2064 appetitus
974 2016 1183 2052 induratus
1231 2016 1270 2051 in
1314 2015 1477 2052 homine
1524 2024 1580 2051 est
1620 2015 1778 2051 evidens

469 2074 627 2121 signum
662 2074 817 2110 mortis.
1795 2076 1838 2108 130

528 2134 640 2168 Patet
674 2144 767 2179 ergo
801 2131 963 2167 cuilibet
996 2141 1198 2179 utcunque
1230 2131 1383 2167 nutrito
1416 2130 1455 2166 in
1488 2130 1779 2179 philosophicis

470 2191 577 2238 quod
611 2202 849 2238 quecunque
883 2189 1014 2225 media
1047 2189 1234 2225 ordinata
1274 2190 1323 2225 ad
1358 2189 1476 2225 finem
1516 2189 1690 2237 aliquem
1733 2189 1779 2224 de

469 2256 581 2284 tanto
614 2256 705 2283 sunt
738 2247 878 2295 apcius
910 2247 1239 2295 proporcionata,
1274 2247 1322 2283 de
1345 2256 1495 2295 quanto
1520 2245 1779 2295 compendio-

469 2305 549 2341 sius
588 2314 624 2341 et
663 2305 865 2354 copiosius
910 2306 1060 2341 ducunt
1105 2307 1152 2341 ad
1195 2305 1314 2341 finem
1359 2304 1486 2340 illum.
1539 2306 1641 2341 Cum
1687 2316 1779 2351 ergo

468 2362 688 2399 seminacio
720 2363 829 2399 verbi
853 2362 924 2399 Dei
958 2363 1007 2399 sit
1040 2362 1218 2399 medium
1251 2362 1482 2399 ordinatum
1507 2364 1558 2399 ad
1582 2363 1774 2398 honorem
1797 2364 1836 2397 ‘35

470 2421 541 2457 Dei
575 2430 612 2457 et
645 2420 949 2458 edificacionem
984 2420 1170 2469 proximi,
1204 2429 1313 2468 patet
1347 2422 1455 2468 quod
1489 2429 1638 2469 quanto
1673 2432 1780 2456 com-

470 2478 701 2526 pendiosius
735 2488 771 2516 et
805 2478 1008 2528 copiosius
1048 2480 1124 2515 hoc
1162 2478 1256 2515 facit
1290 2480 1337 2515 de
1377 2487 1490 2515 tanto
1530 2487 1587 2515 est
1627 2477 1779 2526 apcior.

541 2621 560 2640 ι.
582 2613 654 2640 DG:
676 2613 853 2642 commenti:
878 2613 918 2640 ib.
939 2614 983 2641 A:
1005 2613 1048 2640 sic
1067 2614 1162 2640 deest.
1244 2621 1268 2639 2.
1292 2612 1335 2640 G:
1356 2613 1489 2640 matirie.
1571 2621 1597 2648 7.
1619 2612 1692 2639 DG:
1710 2619 1782 2647 pre-

470 2648 609 2675 sumitur.
692 2653 718 2674 P.
741 2648 784 2675 H:
805 2648 1051 2675 christianitatis.
1133 2647 1160 2680 S,
1182 2654 1209 2681 9.
1233 2647 1274 2674 D:
1294 2647 1533 2675 Linconiensem.
1616 2655 1657 2674 10.
1679 2647 1722 2674 D:
1743 2647 1784 2673 sit

470 2690 615 2711 egressus
627 2683 723 2711 sicut:
743 2683 782 2709 ib.
800 2682 843 2709 H:
860 2682 1208 2718 rectius:funeralibum
1267 2689 1303 2709 12.
1321 2681 1393 2709 DG:
1409 2682 1516 2718 igilur.
1575 2682 1612 2709 13.
1631 2682 1674 2709 H:
1690 2689 1781 2715 ergo.

472 2717 508 2744 15.
526 2716 598 2743 nG:
614 2717 866 2744 monachantihus
880 2717 927 2744 vel
939 2716 1181 2744 machinantibus
1190 2726 1200 2747 ,·
1214 2717 1256 2743 A:
1274 2717 1564 2744 ›naclzmacionibus.
1621 2724 1666 2749 20,
1682 2724 1720 2744 ει.
1737 2715 1780 2742 H:

470 2755 498 2778 el
523 2751 552 2778 ιή
579 2751 654 2779 istis.
762 2751 805 2779 23.
834 2752 875 2779 D:
905 2755 935 2779 et
957 2752 1016 2780 ad:
1042 2752 1081 2778 ib.
1113 2752 1154 2778 Ηε
1184 2752 1275 2778 hodie
1301 2751 1395 2778 deest.
1504 2750 1544 2778 25.
1572 2750 1615 2778 G:
1645 2750 1779 2777 tractati.

471 2794 516 2820 29.
538 2786 580 2813 D:
601 2787 671 2813 talis
689 2786 859 2821 appetitus:
880 2786 953 2813 AG:
975 2794 1064 2813 casus
1083 2786 1246 2821 appetitu&
1313 2784 1351 2812 31.
1373 2786 1416 2813 1-1:
1438 2789 1607 2820 utrumque.
1671 2783 1717 2818 34.
1734 2784 1780 2812 H:

470 2823 499 2847 et
518 2820 672 2855 copiosius
692 2821 791 2855 deest;
812 2821 853 2848 ib.
869 2821 911 2848 D:
932 2829 997 2848 cum
1017 2821 1126 2856 igitur.

547 2914 595 2935 ιω.
623 2904 674 2934 Lis.
694 2904 896 2945 'l‘rialogum
927 2905 980 2937 lv,
1010 2903 1061 2934 zt'n.
1089 2904 1207 2945 Suppl.
1235 2914 1307 2945 cap.
1330 2905 1383 2943 Vt,
1411 2915 1487 2945 pag.
1517 2902 1591 2936 33ΰῖ-
1618 2904 1696 2943 4⁴34-
