2062 3276
273 270 409 299 SERMO
431 259 589 316 xxx111.]
761 276 951 315 QUARTA
980 276 1106 309 PARS·

272 380 377 427 quod
412 388 468 415 est
501 392 570 428 per
602 392 642 416 se
675 380 764 417 finis
797 381 910 429 panis
944 381 1060 418 huius
1093 390 1150 418 cst
1183 382 1301 430 longe
1335 383 1583 430 prestant-ior

271 436 339 472 illo
372 449 487 485 pane.
522 439 581 474 Ad
615 439 690 474 hoc
724 438 828 475 enim
863 440 979 476 debet
1015 441 1136 476 homo
1162 441 1407 477 manducare
1440 453 1581 489 corpo-

272 494 407 531 raliter
451 504 493 532 ut
539 495 735 532 ministret
777 498 872 543 Deo,
907 506 949 533 ut
981 506 1090 546 patet
1135 499 1178 534 11.
1212 499 1350 534 Thess.
1387 500 1475 544 1110,
1516 512 1580 535 10:

277 552 354 597 Qui
384 566 456 589 non
491 554 643 589 laborat
675 566 747 589 non
781 555 997 594 manducet.
1045 557 1146 592 Cum
1180 568 1273 604 ergo
1312 557 1475 593 verbum
1511 557 1580 593 Dei

239 609 320 646 §sit
353 623 422 659 per
455 623 495 647 se
518 623 639 648 causa
671 612 820 648 laboris
854 612 983 659 huius,
1021 613 1148 650 multo
1182 613 1308 661 magis
1343 623 1399 651 est
1423 614 1581 662 dignius

271 668 360 704 cibo
393 668 625 705 huiusmodi
659 670 873 718 corporali.

326 726 469 763 Tereia
502 726 612 763 racio
645 736 702 764 est
725 729 834 776 quod
857 729 1021 765 verbum
1047 729 1119 766 Dei
1144 737 1200 766 est
1224 738 1305 766 tam
1330 729 1581 767 necessarius

272 783 383 820 cibus
415 783 548 821 anime
581 787 795 834 pascende‚
840 785 941 824 sicut
974 786 1085 824 cibus
1119 787 1341 835 corporalis
1380 796 1437 824 est
1470 788 1582 825 cibus

269 842 519 879 necessarius
564 843 744 892 corpori3
792 857 930 892 ymmo
977 844 1009 881 si
1059 846 1158 882 bene
1205 845 1446 894 perspicitur
1493 847 1582 894 plus

215 914 254 935 xo
269 900 530 947 necessarius,
555 900 649 949 quia
671 901 908 950 simpliciter
932 903 1181 940 necessarius
1205 912 1286 940 tam
1311 903 1351 940 in
1374 904 1436 941 via
1460 917 1579 953 quam

268 957 308 994 in
352 957 496 1007 patria.
549 961 654 1007 Ergo
698 959 800 996 sicut
844 973 885 997 se
930 961 1048 998 habet
1093 961 1204 998 cibus
1249 963 1299 998 ad
1338 961 1486 1009 cibum,
1527 962 1582 999 sic

267 1015 492 1053 subiectum
524 1018 573 1054 ad
606 1017 845 1055 subiectum.
891 1020 967 1056 Sed
1001 1019 1090 1068 quis
1123 1019 1280 1056 dubitat
1319 1019 1414 1068 quin
1447 1020 1582 1057 anima

268 1073 317 1110 sit
349 1074 570 1123 perfeccior
603 1076 796 1123 corpore?
841 1076 931 1114 ideo
964 1078 1129 1114 verbum
1163 1077 1235 1114 Dei
1269 1077 1490 1126 perfeccius
1523 1087 1581 1115 est

268 1145 382 1180 pane.
433 1132 625 1170 Custodia
658 1145 750 1182 ergo
783 1133 890 1171 illius
933 1148 1014 1171 non
1047 1144 1105 1172 est
1138 1135 1377 1172 dimittenda
1418 1145 1582 1184 propter

214 1193 250 1225 15
267 1203 426 1238 panem.
453 1192 585 1227 Causa
609 1200 742 1228 autem
769 1205 892 1241 quare
916 1206 997 1229 non
1020 1193 1199 1242 sapimus
1224 1195 1327 1230 hanc
1351 1194 1579 1231 doctrinam

266 1257 337 1295 est,
371 1248 464 1297 quia
496 1249 675 1298 palatum
710 1249 835 1286 animi
868 1260 925 1287 est
958 1250 1290 1300 distemperatum
1324 1264 1394 1300 per
1426 1261 1581 1301 tempo-

266 1305 365 1343 ralia
404 1306 668 1356 intemperate
721 1317 882 1356 sumpta
936 1311 1121 1346 morbum
1167 1309 1419 1358 spiritualem
1466 1310 1580 1347 indu-

266 1364 415 1401 cencia.
449 1366 509 1401 Ad
542 1365 659 1402 istam
686 1366 911 1403 doctrinam
936 1369 1161 1405 attenderet
1190 1369 1352 1416 gulosus
1375 1370 1580 1418 sequendo

265 1423 469 1459 Christum
516 1424 637 1460 modo
681 1424 861 1472 possibili
909 1424 1059 1462 ieiunio
1105 1425 1374 1475 quadraginta
1423 1426 1577 1463 dierum

209 1493 250 1515 20
267 1494 488 1530 numquam
514 1481 651 1518 bibens
673 1482 734 1519 vel
757 1485 986 1529 comedens,
1021 1483 1097 1520 nisi
1121 1485 1168 1521 de
1193 1493 1345 1533 quanto
1369 1494 1579 1533 promovet

265 1540 315 1575 ad
348 1539 573 1576 custodiam
606 1539 716 1577 verbi
750 1541 835 1577 Dei.

321 1597 481 1646 Triplex
514 1606 648 1635 autem
689 1607 746 1635 est
786 1598 895 1635 racio
939 1612 1063 1649 quare
1103 1601 1323 1637 secundum
1362 1614 1577 1638 numerum

265 1655 629 1704 quadragenarium
682 1656 922 1704 ieiunamus,
976 1657 1108 1706 primo
1160 1659 1453 1696 conformando
1505 1672 1578 1696 nos

265 1713 425 1750 Christo
464 1713 531 1762 qui
564 1714 619 1751 sic
653 1727 696 1751 ex
728 1714 883 1763 integro
924 1715 1130 1763 ieiunavit,
1176 1718 1353 1754 secundo
1386 1717 1481 1766 quia
1513 1717 1578 1754 ille

207 1773 454 1808 25numerus
503 1772 657 1809 dierum
705 1782 762 1809 est
808 1773 921 1822 quasi
967 1774 1122 1811 decima
1167 1775 1244 1812 vite
1290 1775 1464 1812 hominis
1509 1788 1578 1824 per

263 1842 433 1871 annum;
473 1842 563 1866 cum
602 1831 679 1867 360
713 1832 859 1868 habent
898 1845 970 1880 pro
1004 1832 1159 1869 decima
1192 1833 1355 1881 triginta
1389 1846 1466 1880 sex,
1501 1847 1578 1882 que

263 1888 512 1924 constituunt
535 1901 600 1924 sex
623 1888 866 1937 septimanas
891 1891 1209 1938 Quadragesime
1243 1891 1415 1939 demptis
1439 1892 1578 1928 diebus

263 1945 495 1987 dominici&
536 1955 710 1994 quatuor
748 1956 881 1984 autem
923 1947 1006 1984 dies
1044 1948 1180 1984 ieiunii
1220 1949 1435 1997 antepositi
1470 1962 1577 1986 com-

263 2004 371 2051 plent
405 2003 488 2040 dies
520 2004 787 2053 quadraginta
831 2005 886 2042 sic
926 2008 1034 2054 quod
1073 2006 1155 2042 dies
1193 2006 1299 2044 Jovis
1338 2007 1388 2044 sit
1421 2007 1576 2044 decima

207 2061 440 2110 'Joquinque
491 2062 644 2098 dierum
698 2062 912 2111 imparium
957 2065 1017 2101 vel
1060 2076 1124 2100 sex
1169 2064 1323 2102 dierum
1378 2065 1417 2101 in
1462 2065 1576 2102 annis

263 2119 543 2157 bissextilibus.

320 2179 504 2214 Secunda
543 2178 664 2225 racio,
710 2188 822 2216 tanto
862 2188 1043 2228 tempore
1082 2180 1326 2229 peregrinati
1372 2191 1462 2218 sunt
1504 2181 1575 2218 filii

264 2237 382 2272 lsrael
415 2236 454 2272 in
493 2237 664 2283 deserto,
710 2247 927 2286 antequam
972 2248 1166 2275 venerunt
1210 2239 1249 2274 in
1289 2248 1437 2276 terram
1486 2253 1576 2287 pro-

264 2293 483 2335 missionis:
528 2296 635 2343 quod
680 2308 753 2331 nos
800 2297 991 2332 debemus
1030 2297 1219 2343 recolere,
1266 2297 1428 2334 sciendo
1468 2299 1576 2346 quod

206 2354 245 2387 '35
262 2360 391 2388 totum
415 2361 573 2401 tempus
597 2353 937 2401 peregrinacionis
961 2364 1094 2391 nostre
1118 2354 1156 2390 in
1176 2355 1400 2402 desolabili,
1434 2368 1576 2404 aspero

263 2419 299 2445 et
322 2409 466 2457 frigido
490 2412 648 2447 deserto
672 2411 897 2459 penitencie
920 2413 1037 2448 debet
1061 2425 1144 2449 esse
1166 2413 1333 2461 penalis,
1358 2422 1574 2462 antequam

262 2467 466 2504 veniamus
500 2470 548 2504 ad
582 2477 729 2505 terram
764 2469 1000 2507 vivencium.
1040 2472 1188 2507 Totum
1222 2471 1383 2520 quidem
1418 2481 1576 2519 tempus

263 2525 603 2573 peregrinacionis
637 2536 771 2564 nostre
804 2537 861 2564 est
884 2528 1016 2576 vigilia
1041 2530 1090 2566 ad
1114 2528 1219 2565 diem
1245 2530 1388 2566 festum
1414 2530 1452 2565 in
1478 2530 1575 2566 celo.

331 2702 350 2720 1.
372 2694 445 2721 An:
469 2695 670 2729 prestancius.
755 2705 784 2730 4.
807 2697 850 2724 D:
881 2698 952 2725 Cum
973 2698 1082 2733 igilur.
1174 2706 1200 2733 7.
1223 2698 1247 2725 D
1270 2698 1298 2726 in
1321 2707 1434 2734 marga
1466 2699 1575 2726 Tereia

262 2729 357 2755 racio.
416 2737 456 2761 10,
474 2738 507 2756 11.
525 2731 567 2756 H:
589 2738 679 2765 quam
691 2732 808 2765 patria.
867 2741 900 2760 11.
918 2732 959 2760 H:
980 2733 1024 2760 st'c
1037 2742 1079 2760 se.
1137 2741 1170 2766 11,
1188 2740 1226 2760 12.
1245 2733 1287 2760 H:
1308 2734 1574 2761 sicutsubiectum.

263 2771 300 2790 12.
322 2763 365 2790 H:
387 2764 424 2790 Si
441 2765 520 2799 quis.
584 2773 624 2798 ¹4·
648 2765 687 2792 l):
713 2765 858 2793 Custodia
879 2768 987 2802 figitur.
1048 2768 1082 2795 15.
1105 2769 1146 2795 A:
1170 2775 1225 2795 nos
1244 2769 1401 2803 sapimzaw
1423 2769 1462 2795 l):
1484 2770 1575 2796 καπί-

256 2799 368 2832 pimus.
444 2800 483 2826 113.
507 2798 548 2825 H:
570 2799 772 2834 disparatum.
850 2803 888 2829 18.
913 2802 985 2828 Do:
1007 2802 1102 2829 illam.
1172 2811 1214 2837 19.
1237 2804 1280 2830 A:
1302 2802 1455 2830 Christum
1476 2804 1573 2830 twice.

261 2840 304 2860 22.
325 2834 368 2860 A:
399 2836 500 2860 nutem
523 2835 627 2865 racia·
655 2835 697 2861 ib.
720 2835 743 2861 [b
765 2836 793 2862 in
817 2844 931 2872 marg:
965 2838 1070 2871 Quare
1092 2837 1375 2874 Quadragessmam
1396 2838 1573 2865 ieiunnmus.

260 2867 302 2894 25.
325 2867 428 2895 DGH:
452 2869 524 2895 vila.
651 2870 696 2897 26.
719 2869 761 2896 H:
782 2870 864 2904 366.
986 2880 1032 2905 29.
1057 2872 1097 2898 H:
1120 2873 1189 2899 sint.
1315 2871 1361 2900 30.
1382 2873 1432 2905 1‘n‚·
1453 2872 1496 2899 H:
1519 2873 1573 2898 vel.

260 2900 302 2929 33.
324 2902 396 2929 DH:
418 2903 462 2930 ad
479 2906 607 2930 terram.
680 2903 722 2931 35.
745 2903 788 2931 H:
809 2909 903 2933 tolum
925 2907 1019 2933 deest.

1399 2966 1436 2991 10

1791 270 1869 318 289

1633 737 1730 765 God's
1751 739 1836 767 word

1597 780 1761 810 necessary
1776 779 1806 801 to
1822 775 1871 802 the

1694 810 1771 837 soul-

1611 1608 1695 1640 Wlw
1717 1617 1762 1636 wc
1783 1609 1842 1637 fast

1654 1642 1694 1678 4o
1715 1645 1808 1684 days:

1603 1680 1633 1708 a)
1656 1679 1685 1706 in
1707 1679 1858 1707 imltation

1640 1715 1675 1741 of
1692 1714 1815 1746 Cl11·ist;

1601 1749 1628 1783 h)
1650 1758 1683 1776 as
1704 1757 1719 1775 a
1741 1749 1815 1776 tithe
1837 1752 1868 1776 ot

1664 1792 1721 1811 our
1742 1784 1802 1811 life.

1591 2190 1867 2218 2.1n1·ec011ecti0n

1680 2225 1714 2252 of
1731 2226 1780 2253 the

1611 2260 1793 2295 pilgrimage
1813 2260 1848 2287 of

1609 2296 1658 2322 the
1680 2295 1845 2322 Israelites.
