2062 3276
199 279 211 303 1
224 266 274 313 76
774 274 998 306 JOHANNIS
1016 274 1201 305 WYCLIF
1220 273 1475 307 sERMONUM
1558 261 1710 319 [sERMo
1731 272 1796 301 xx.

483 388 519 415 et
552 379 591 415 in
624 392 746 428 opere
780 380 997 427 imitantes,
1032 389 1068 417 et
1101 384 1158 425 (ut
1183 380 1373 426 creditur)
1406 393 1452 417 eo
1475 380 1563 429 ipso
1587 394 1666 429 quo
1690 381 1795 418 circa

481 437 589 474 istud
622 440 927 486 contenderent,
961 452 982 475 a
1015 451 1108 475 vera
1142 438 1291 476 Christi
1324 438 1474 476 vicaria
1507 440 1734 476 deficerent.

227 503 333 544 Christ
351 512 426 539 gave
539 496 654 533 Unde
687 497 738 533 ad
771 495 1087 545 imprimendum
1121 496 1236 533 nobis
1269 496 1389 533 istam
1424 497 1669 534 sentenciam
1705 510 1795 546 pre-

198 538 461 609 ΗῙᾞΞΞῙᾸΊΞῘΕῨἮ
482 553 605 590 mittit
629 554 810 591 Christus
834 555 921 591 Joh.
945 556 1034 591 XX0
1059 555 1162 591 hanc
1195 554 1521 591 similitudinem:
1557 556 1662 591 Sicut
1694 556 1795 591 misit

481 624 541 648 me
574 620 690 662 pater
722 621 810 659 etc.,
851 612 965 661 quasi
1005 612 1173 649 diceret:
1214 612 1325 649 Sicut
1364 626 1436 661 ego
1476 613 1543 662 qui
1582 626 1670 649 sum
1709 613 1794 650 uni-

482 670 637 718 genitus
671 671 743 707 Dei
784 670 887 707 filius
926 683 1008 707 non
1046 683 1132 707 sum
1174 670 1318 707 missus
1350 671 1391 707 in
1425 672 1618 707 mundum
1653 672 1703 708 ad
1736 684 1793 708 se-

482 728 671 765 culariter
716 728 1022 774 dominandum,
1062 728 1117 765 sic
1149 741 1223 765 nec
1260 742 1329 766 vos
1369 730 1520 766 debetis
1554 731 1794 777 degenerare

481 787 615 823 taliter
649 786 910 833 dominando,
951 786 1044 836 quia
1077 786 1133 823 sic
1167 787 1302 823 essetis
1335 797 1516 836 apostate
1550 789 1638 836 plus
1672 801 1792 836 quam

478 846 614 881 Judas.
649 842 825 893 Oportet
858 857 952 893 ergo
985 857 1268 894 quemcunque
1291 846 1413 882 talem
1436 858 1573 882 verum
1596 845 1792 882 vicarium

481 902 660 951 recipere
693 903 1016 940 insufflacionem
1051 903 1214 939 Domini
1247 903 1287 939 in
1317 903 1462 940 virtute
1496 913 1532 940 et
1565 903 1793 952 specialiter

479 960 520 996 in
553 960 793 1007 humilitate,
828 961 921 1010 quia
954 961 1069 998 aliter
1100 974 1182 998 non
1216 970 1272 998 est
1306 961 1467 1010 spiritus
1490 961 1585 998 levis
1607 963 1669 998 vel
1693 962 1793 998 mul—

481 1031 572 1055 cens
610 1018 780 1056 animos.
826 1022 874 1056 Et
912 1032 982 1068 per
1021 1031 1271 1068 consequens
1310 1019 1520 1056 deficiente
1557 1019 1703 1057 virtute
1735 1032 1793 1056 se-

480 1077 616 1125 quitur
654 1078 831 1114 defectus
872 1078 1035 1114 moralis
1081 1078 1253 1126 sequele‚
1300 1087 1336 1114 et
1375 1079 1546 1126 allegata
1591 1077 1792 1114 eleccione

480 1137 700 1172 secundum
735 1135 978 1173 tradiciones
1011 1137 1208 1172 humanas
1230 1149 1312 1172 non
1334 1137 1421 1185 plus
1445 1149 1489 1173 ex
1512 1136 1589 1173 illis
1611 1135 1790 1184 sequitur

480 1195 589 1242 quod
622 1193 678 1230 sic
711 1194 826 1231 electi
859 1201 950 1231 s'unt
981 1194 1062 1231 veri
1087 1193 1236 1231 Christi
1268 1194 1407 1231 vicarii
1440 1207 1562 1243 quam
1597 1194 1789 1242 sequitur,

479 1251 511 1288 si
544 1251 600 1288 sic
634 1252 834 1300 eliguntur
867 1253 1013 1289 habent
1043 1251 1236 1300 Spiritum
1263 1254 1452 1289 Sanctum
1486 1253 1547 1289 vel
1580 1261 1670 1289 sunt
1703 1264 1791 1300 pre-

480 1310 667 1346 destinati
712 1311 947 1348 inerrabiles
992 1310 1031 1346 in
1071 1311 1146 1347 ista
1191 1310 1425 1348 imitacione
1468 1310 1635 1357 vicaria3
1683 1311 1790 1359 quod

480 1368 674 1416 dyabolus
707 1381 789 1405 non
824 1370 1031 1406 concedet.

242 1433 310 1461 The
329 1433 413 1495 Pege
538 1427 761 1464 Credamus
794 1439 888 1475 ergo
922 1440 1025 1476 pape
1058 1426 1261 1475 operibus,
1296 1436 1337 1463 ut
1363 1426 1543 1464 Christus
1579 1428 1720 1463 edocet
1743 1427 1790 1462 de

202 1469 373 1540 juffgggssgy
393 1477 449 1531 {155
478 1496 518 1520 se
551 1484 639 1533 ipso
676 1486 778 1533 (Joh.
811 1487 899 1534 XO),
939 1494 976 1522 et
1015 1498 1095 1521 non
1127 1485 1243 1521 nudis
1277 1485 1378 1521 fictis
1413 1484 1680 1522 eleccionibus
1714 1496 1790 1532 que

270 1539 383 1566 works.
480 1542 662 1579 fidelibus
685 1556 767 1580 non
801 1545 897 1580 dant
930 1544 1069 1588 fidem3
1105 1552 1141 1579 et
1174 1543 1250 1580 ista
1284 1543 1487 1580 sentencia
1520 1544 1679 1579 sedaret
1712 1542 1790 1578 dis·

477 1600 705 1638 sensionem
746 1611 988 1650 potestatum
1024 1610 1060 1638 et
1093 1601 1191 1638 alias
1231 1601 1516 1638 contenciones
1548 1613 1669 1637 vanas
1708 1600 1787 1637 iam

477 1658 517 1694 in
550 1659 718 1696 ecclesia
741 1659 967 1696 volitantes.
1002 1661 1079 1696 Ista
1104 1667 1236 1696 autem
1263 1660 1426 1707 sequela
1450 1659 1489 1695 in
1513 1671 1634 1707 opere
1658 1667 1789 1695 osten-

478 1718 638 1754 deretur
678 1730 748 1766 per
786 1718 1011 1755 animosam
1052 1718 1325 1754 defensionem
1372 1717 1468 1765 legis
1503 1717 1666 1754 Domini
1712 1729 1788 1765 que

477 1784 534 1811 est
567 1775 712 1812 veritas
746 1776 985 1824 evangelica,
1022 1775 1114 1824 quia
1148 1778 1197 1812 ad
1231 1776 1351 1812 istum
1387 1776 1506 1812 finem
1537 1778 1641 1812 Deus
1674 1783 1788 1823 pater

476 1832 585 1870 misit
609 1834 811 1870 Christum
837 1834 876 1871 in
901 1836 1110 1870 mundum.
1145 1834 1185 1870 Si
1209 1847 1302 1882 ergo
1332 1833 1475 1882 prelati
1509 1833 1650 1870 cesarii
1682 1833 1788 1869 ultra

476 1891 577 1928 alios
608 1900 766 1928 tumore
798 1892 983 1941 superbie
1022 1901 1112 1928 sunt
1151 1892 1294 1939 inflati,
1333 1892 1490 1940 signum
1531 1900 1589 1928 est
1628 1890 1787 1927 evidens

476 1951 585 1997 quod
617 1963 698 1986 non
730 1960 822 1987 sunt
852 1950 1000 1987 Christi
1035 1950 1234 1998 discipuli,
1269 1963 1358 1987 cum
1393 1963 1473 1986 non
1506 1958 1596 1986 sunt
1629 1948 1788 1985 humili-

476 2016 556 2044 tate
588 2008 750 2053 sufflati,
784 2010 851 2045 sed
886 2008 955 2044 filii
989 2008 1149 2056 dyaboli
1183 2007 1284 2056 regis
1317 2008 1514 2056 superbie.

534 2065 682 2102 Habita
729 2079 821 2114 ergo
867 2068 940 2103 hac
981 2066 1265 2114 disposicione,
1306 2066 1495 2114 quoniam
1537 2064 1820 2114 impossibiles

476 2132 533 2160 est
581 2123 730 2160 Christi
778 2124 970 2161 vicarium
1026 2125 1290 2161 contencione
1344 2126 1520 2160 humana
1575 2125 1785 2169 deducere,

476 2190 601 2218 restat
633 2183 885 2218 fundandum
919 2184 1028 2231 quod
1062 2182 1101 2218 in
1136 2182 1395 2219 concessione
1429 2181 1683 2229 indulgencie
1706 2193 1787 2217 non

476 2240 628 2276 excedit
650 2240 797 2276 limites
821 2253 921 2288 quos
941 2240 1124 2277 Christus
1147 2240 1328 2287 tradidit,
1362 2241 1412 2277 ad
1436 2241 1543 2288 quod
1569 2239 1787 2287 requiritur

475 2298 672 2335 revelacio
696 2299 804 2347 quod
829 2300 934 2334 Deus
966 2298 1088 2335 vitam
1123 2298 1298 2345 illorum,
1333 2298 1477 2346 quibus
1512 2299 1787 2334 conceduntur

474 2356 573 2392 tales
606 2356 873 2404 indulgencie,
908 2358 1053 2393 habeat
1086 2356 1141 2393 ita
1175 2369 1330 2403 caram,
1364 2357 1472 2404 quod
1506 2368 1595 2392 cum
1629 2355 1677 2391 sit
1702 2357 1818 2391 Deo'3

474 2422 557 2450 tam
602 2424 800 2451 secretum
841 2424 877 2451 et
915 2415 965 2451 sit
1003 2424 1085 2451 tam
1131 2414 1402 2462 periculosum
1441 2414 1481 2450 in
1520 2422 1670 2461 puncto
1709 2414 1785 2449 hoc

474 2472 725 2518 blasfemare,
766 2481 876 2521 patet
915 2486 1004 2509 cum
1044 2482 1195 2521 quanta
1236 2471 1448 2520 diligencia
1484 2480 1673 2508 notarent
1706 2470 1786 2519 epi-

474 2530 586 2578 scopi
627 2540 663 2567 et
704 2530 848 2578 singuli
888 2530 1095 2567 christiani
1133 2543 1181 2567 ne
1220 2530 1260 2566 in
1297 2530 1373 2567 ista
1412 2530 1580 2566 materia
1618 2529 1786 2565 induant

474 2588 652 2624 habitum
688 2588 936 2625 Antichristi.
970 2588 1239 2625 Antichristus
1273 2588 1377 2624 enim
1411 2589 1630 2625 secundum
1665 2587 1782 2623 fidem

472 2646 656 2694 Apostoli
697 2648 741 2682 ΙΙ.
775 2647 955 2684 Thessal.
990 2649 1056 2693 110,
1098 2648 1119 2683 6
1161 2647 1365 2683 extollitur
1395 2658 1513 2696 super
1546 2657 1655 2682 omne
1685 2645 1786 2694 quod

544 2812 563 2830 1.
585 2803 629 2830 A:
652 2803 682 2831 in
702 2803 795 2830 deest.
861 2803 885 2831 5.
906 2805 952 2831 A:
974 2811 1038 2830 sum
1059 2803 1153 2830 deest.
1216 2812 1242 2838 7.
1264 2803 1332 2830 DE:
1355 2803 1522 2839 denegare.
1584 2810 1625 2830 10.
1646 2802 1716 2829 DE:
1737 2810 1785 2829 re-

473 2839 580 2865 tinere.
726 2846 764 2865 12.
792 2839 837 2866 A:
867 2837 1040 2871 deficienti‚·
1067 2838 1108 2865 ib.
1134 2838 1159 2865 E
1186 2838 1214 2864 in
1243 2846 1356 2873 marg:
1393 2837 1440 2865 De
1463 2838 1594 2865 humana
1620 2837 1784 2864 eleccione.

474 2873 519 2900 16.
539 2873 583 2899 A:
611 2873 655 2900 sic
674 2874 767 2900 deest.
888 2880 933 2899 20.
954 2874 999 2900 A:
1027 2872 1115 2900 nudis
1136 2876 1165 2900 el
1183 2872 1271 2904 fictis.
1391 2872 1431 2900 35
1452 2873 1521 2900 DE:
1547 2873 1650 2907 itaque
1670 2879 1783 2899 caram.

472 2906 519 2935 30.
541 2907 610 2934 DE:
631 2910 691 2935 tam
712 2907 805 2935 deest.

1812 615 1828 648 5

1813 917 1851 937 10

1812 1195 1848 1228 15

1799 2658 1842 2689 40
