2062 3276
176 980 304 1009 Natural
326 988 434 1007 reason

181 1017 281 1044 shews
306 1015 380 1042 need
402 1015 436 1041 of

234 1058 378 1086 penance.

730 277 953 309 JOHANNIS
971 276 1156 308 WYCLIF
1177 276 1432 308 SERMONUM
1456 262 1608 320 [SERMO
1629 272 1767 301 XXXIII-

456 385 670 433 Apostolus
692 382 862 420 ibidem:
897 383 939 418 Si
961 383 1195 419 distribuero
1218 383 1253 418 in
1277 383 1379 418 cibos
1396 394 1613 431 pauperum
1638 394 1768 418 omnes

446 443 662 492 facultates
694 454 798 478 meas
829 449 865 478 et
897 441 1099 477 tradidero
1121 453 1263 490 corpus
1286 453 1423 484 meum,
1456 440 1507 476 ita
1531 447 1571 475 ut
1592 441 1768 486 ardeam,

457 501 659 537 caritatem
704 507 830 536 autem
877 511 949 535 uon
993 499 1177 544 habuero,
1222 498 1339 534 nichil
1371 498 1465 533 mihi
1496 498 1673 547 prodest.
1721 500 1770 533 Et

457 558 550 594 hinc
583 557 682 594 ritus
723 566 759 594 et
791 556 931 605 religio
970 556 1186 593 christiana
1224 556 1264 592 in
1298 555 1361 592 die
1395 555 1584 592 Cinerum
1625 554 1770 603 accipit

458 615 732 665 aspersionem
756 615 942 663 pulveris,
976 624 1018 651 ut
1041 616 1088 651 de
1110 623 1276 662 peccato
1301 613 1504 650 humiliter
1526 622 1769 660 conteratur,

459 673 716 711 considerans
746 674 950 722 quomodo
983 685 1033 709 ex
1056 673 1146 709 limo
1169 680 1274 708 terre
1295 673 1434 721 factus
1466 680 1520 708 est
1543 671 1636 708 cinis
1658 683 1772 707 occa-

460 732 572 768 sione
615 731 782 780 peccad,
834 733 930 767 Gen.
972 732 1057 777 1110,
1098 742 1159 777 19,
1208 739 1245 766 et
1290 739 1380 778 post
1426 729 1533 766 vadit
1578 729 1772 765 confitens

459 790 671 836 sacerdoti,
704 798 748 825 ut
780 789 863 837 ipse
895 798 1104 836 tamquam
1139 788 1270 824 media
1302 800 1473 836 persona
1507 787 1610 823 inter
1643 789 1770 823 Deum

459 858 496 884 et
529 847 733 884 hominem
765 855 876 894 petat
907 845 1143 894 suffragium
1177 845 1340 882 ecclesie
1373 845 1573 882 mediante
1606 844 1739 881 divino
1767 841 1772 897 Ι

459 905 618 944 auxilio.

517 965 632 1000 Unde
676 962 767 998 licet
810 975 891 998 non
924 961 1041 998 fuerit
1087 970 1384 998 sacramentum
1433 960 1658 1009 penitencie
1703 973 1774 1008 per

458 1020 704 1070 impossibile
737 1020 1013 1066 constitutum,
1047 1029 1183 1056 tamen
1205 1019 1314 1056 racio
1346 1019 1539 1056 naturalis
1562 1018 1775 1055 necessitat

460 1081 569 1128 quod
601 1079 784 1115 infirmus
818 1077 1082 1126 spiritualiter
1115 1077 1222 1114 dicat
1254 1077 1408 1126 potenti
1441 1086 1478 1114 et
1501 1076 1689 1114 ordinato
1723 1077 1773 1112 ad

459 1137 590 1186 ipsum
623 1137 840 1173 iuvandum
864 1149 977 1172 suam
1001 1135 1277 1172 infirmitatem
1302 1137 1503 1184 poscendo
1532 1134 1774 1179 subsidium3

461 1197 511 1232 ad
544 1197 650 1231 hunc
682 1194 818 1243 itaque
858 1193 977 1230 finem
1018 1194 1163 1230 tradite
1203 1202 1294 1230 sunt
1329 1194 1457 1230 claves
1496 1192 1774 1229 sacerdotibus

461 1253 625 1290 ecclesie
661 1254 720 1300 (ut
752 1260 861 1300 patet
894 1252 1060 1288 Matthei
1092 1253 1262 1297 XV1110).
1297 1253 1375 1288 Sed
1408 1251 1583 1299 cogitare
1616 1258 1775 1298 oportet

461 1313 667 1360 quomodo
711 1310 751 1346 in
783 1319 1038 1346 sacramento
1072 1309 1295 1358 penitencie
1340 1322 1500 1346 necesse
1545 1318 1601 1345 est
1643 1308 1774 1356 primo

462 1371 648 1406 morbum
682 1368 869 1405 sentitum
904 1368 1053 1414 dolere,
1087 1369 1263 1404 secundo
1296 1367 1427 1415 ipsum
1462 1368 1649 1404 morbum
1683 1379 1773 1402 cum

462 1428 542 1464 suis
587 1426 860 1464 accidentibus
901 1426 1056 1462 medico
1095 1425 1307 1477 spirituali·
1332 1427 1449 1474 plane
1489 1426 1699 1462 ostendere
1737 1432 1774 1460 et

461 1485 585 1522 tercio
620 1484 899 1522 medicinalem
935 1484 1083 1521 dietam
1120 1497 1165 1521 ac
1201 1483 1379 1532 regimen
1421 1483 1645 1520 iniunctum
1688 1481 1776 1518 dili-

461 1552 599 1592 genter
631 1543 835 1591 perficere.
871 1544 1005 1578 Potest
1037 1551 1171 1579 autem
1204 1542 1344 1590 triplex
1377 1542 1599 1590 exemplum
1639 1539 1776 1576 induci

463 1603 737 1638 manuducens
761 1602 811 1637 ad
830 1601 1072 1637 credendum
1095 1600 1216 1636 istum
1236 1600 1326 1636 fidei
1345 1600 1571 1636 articulum.
1597 1598 1776 1634 Primum

464 1660 670 1708 quomodo
694 1671 907 1707 oppressus
931 1658 1039 1706 gravi
1070 1657 1228 1694 sarcina
1254 1667 1458 1706 appeteret
1480 1655 1777 1694 racionabiliter

463 1717 652 1763 alleviari,
697 1716 923 1765 specialiter
966 1716 997 1752 si
1036 1718 1184 1763 grande
1224 1716 1413 1752 exstiterit
1451 1715 1525 1751 sibi
1557 1724 1651 1751 tunc
1684 1714 1776 1759 iter3

463 1784 674 1824 peccatum
708 1783 842 1810 autem
876 1786 920 1810 ex
953 1774 1165 1810 declaratis
1199 1774 1293 1810 alibi
1326 1783 1383 1810 est
1415 1774 1572 1821 pondus
1595 1771 1777 1820 gravissi-
1819 1776 1832 1807 .’

465 1847 588 1872 mum.
624 1835 711 1879 Que
736 1845 829 1880 ergo
854 1841 909 1868 est
934 1832 1079 1868 cecitas
1104 1845 1267 1868 movens
1292 1833 1342 1868 ad
1366 1831 1448 1868 eius
1471 1830 1776 1879 oppressionem

465 1891 799 1937 continuandum,
833 1890 1060 1938 specialiter
1094 1903 1183 1926 cum
1209 1889 1465 1926 continuacio
1497 1888 1626 1925 reddit
1649 1886 1775 1924 homi—

464 1963 554 1986 nem
591 1948 779 1986 continue
824 1948 1111 1996 obligaciorem
1153 1949 1202 1984 ad
1246 1960 1389 1996 penam
1434 1956 1471 1983 et
1513 1945 1778 1994 impotencio-

466 2020 549 2044 rem
584 2008 634 2043 ad
668 2006 1010 2054 resipiscenciam⁷
1051 2018 1141 2042 cum
1186 2005 1347 2042 indurat
1381 2006 1586 2053 perdendo
1619 2013 1778 2051 tempus

466 2067 614 2102 ducens
632 2065 673 2100 in
688 2064 848 2101 finalem
866 2063 1218 2111 impenitenciam?
1242 2066 1301 2099 Ps.
1321 2064 1542 2109 CXX1V0,5
1571 2061 1777 2098 scribitur:
1796 2067 1810 2099 Γ

465 2124 714 2159 Decliuautes
745 2130 871 2158 autem
905 2123 940 2157 in
974 2122 1234 2171 ohligaciones
1272 2122 1437 2157 adducet
1470 2120 1660 2156 Dominus
1691 2131 1775 2154 cum

465 2181 712 2230 operantibus
763 2180 1010 2228 iniquitatem.
1062 2181 1290 2216 Secundum
1344 2179 1568 2226 exemplum
1623 2186 1679 2213 est
1731 2177 1779 2211 de

465 2239 672 2275 vulnerato
704 2237 848 2285 sagitta
881 2237 947 2285 qui
981 2238 1110 2273 tardat
1141 2237 1326 2285 sagittam
1350 2244 1549 2272 recentem
1576 2235 1778 2271 extrahere

466 2308 675 2345 quousque
719 2308 914 2343 generans
953 2295 1206 2342 putredinem
1253 2294 1405 2330 inficiat
1450 2302 1578 2330 totum
1619 2304 1777 2340 corpus,

467 2356 635 2391 reddens
676 2354 805 2401 ipsum
841 2353 1119 2401 indispositum
1155 2355 1203 2389 ad
1240 2353 1453 2399 malagma.
1490 2355 1656 2387 Peccata
1689 2359 1779 2385 suut

466 2412 607 2460 sagitte
626 2420 860 2459 generantes
878 2412 1021 2447 vulnus
1040 2411 1078 2446 in
1098 2410 1244 2447 anima.
1263 2410 1427 2447 Celestis
1447 2419 1580 2446 autem
1602 2408 1779 2444 medicus

536 2541 560 2560 2.
583 2533 624 2560 D:
646 2541 741 2560 meum
762 2532 792 2559 in
812 2532 923 2567 ignem.
998 2531 1022 2558 3.
1039 2534 1083 2559 A:
1105 2532 1135 2558 iu
1157 2532 1287 2559 caritate
1305 2535 1424 2564 mitem,-
1443 2531 1482 2558 ib.
1498 2531 1540 2558 D:
1563 2539 1621 2558 uon
1643 2531 1778 2558 habeam.

467 2569 491 2596 5.
513 2569 559 2596 A:
581 2570 801 2600 convertatur;
830 2566 869 2594 ib.
892 2567 917 2593 l)
941 2567 969 2593 in
992 2575 1106 2601 marg:
1138 2566 1263 2593 Cineres
1289 2567 1319 2593 in
1347 2570 1441 2601 caput
1458 2575 1556 2602 quare
1576 2566 1779 2600 accspizcntur.

468 2606 494 2628 Ν.
510 2604 554 2630 A:
576 2603 640 2638 ipse
655 2603 748 2629 deest.
805 2609 832 2635 o.
851 2602 892 2628 Η;
913 2604 1137 2628 sacramentum
1152 2601 1284 2628 ecclesie.
1342 2610 1376 2635 ιι,
1393 2609 1431 2628 12.
1448 2603 1492 2628 A:
1509 2609 1571 2636 pro
1586 2600 1779 2635 impossibile.

468 2637 510 2666 16.
532 2645 571 2671 17.
596 2637 637 2664 H:
666 2637 720 2663 sed
738 2652 770 2655 —
788 2637 890 2671 primo
911 2637 1004 2662 deest.
1102 2644 1140 2670 17.
1164 2636 1188 2663 D
1211 2636 1240 2662 in
1263 2644 1376 2669 marg:
1405 2636 1580 2663 Penitencia
1601 2636 1660 2661 Iria
1681 2635 1781 2670 requi-

468 2675 541 2698 runt
560 2671 636 2698 «sicu.
729 2670 768 2697 18.
790 2671 864 2698 Al-l:
891 2671 991 2705 primo
1013 2670 1139 2699 doleres
1164 2671 1203 2697 ib.
1226 2670 1298 2697 DG:
1327 2671 1446 2702 ἀρῶν-6,·
1473 2671 1513 2697 ib.
1537 2671 1579 2697 Ηε
1606 2671 1780 2696 secundum.

468 2714 512 2733 20.
541 2705 615 2733 DG:
643 2705 835 2732 medicinam.
948 2713 991 2732 22.
1018 2704 1091 2732 Dl-l:
1118 2705 1231 2732 Primo.
1349 2713 1395 2738 24.
1424 2707 1469 2733 A:
1497 2708 1568 2732 tunc
1594 2706 1654 2732 iter
1680 2705 1780 2737 deest3

468 2740 542 2767 DG:
563 2740 622 2767 iter
641 2740 735 2766 deest.
803 2741 845 2767 25.
868 2740 942 2766 DG:
963 2739 1187 2766 declaracione.
1253 2739 1299 2766 26.
1321 2741 1364 2767 A:
1386 2744 1432 2767 est
1449 2741 1550 2769 deest:
1578 2740 1650 2766 DG:
1672 2739 1780 2774 igitur.

468 2774 513 2802 30.
544 2774 587 2802 G:
624 2774 649 2802 C
675 2778 706 2801 et
729 2774 790 2807 IV;
817 2775 857 2801 ib.
890 2774 962 2801 DH:
992 2774 1137 2801 scribitur
1165 2774 1260 2801 deest.
1403 2774 1445 2802 35.
1476 2775 1520 2802 fl:
1556 2774 1651 2809 ipsum
1686 2774 1779 2800 deest.

469 2808 516 2838 36.
536 2809 578 2837 D:
599 2809 737 2836 vulnera.

546 2903 570 2923 1.
601 2892 623 2923 1.
651 2892 728 2923 cor.
755 2893 841 2932 xm,
870 2894 898 2925 3.

1795 1195 1831 1227 15

1798 2354 1834 2386 35
