2062 3276
261 277 396 306 smnio
420 268 502 324 xxj]
742 281 933 321 QUARTA
961 281 1087 313 PARS.
1788 285 1796 307 1
1812 267 1855 319 7’Ι

260 396 295 424 et
327 388 392 436 qui
429 388 557 423 bibunt
597 400 655 423 me
693 388 819 424 adhuc
857 388 1001 423 sicient.
1050 389 1150 423 Nam
1191 396 1329 435 gustus
1369 397 1405 423 et
1444 397 1574 424 tactus

188 484 195 490 ,
261 447 492 493 corporales
526 445 563 481 in
592 445 824 482 sacietatem
860 444 1111 493 spiritualem
1147 445 1377 481 huiusmodi
1411 458 1574 482 convcr-

165 484 398 564 ⁴fo‘(’}‚}t1,111tt1r
431 498 437 556 Ι
473 513 509 540 et
549 512 743 551 quantum
786 504 835 539 ad
868 503 1054 539 virtutem
1095 502 1314 539 auditixam
1353 503 1574 551 spiritualis

165 559 173 563 ’
212 569 221 573 ”
261 561 456 598 alimonia
502 571 697 609 perpetuo
741 561 868 598 saciat
911 560 1174 597 intellectum.
1220 563 1268 597 Et
1313 574 1403 598 cum
1449 561 1574 598 virtus

227 623 243 654 5
260 619 381 655 visiva
403 619 453 656 sit
476 621 780 667 quodammodo
804 619 933 656 activa
966 619 1277 656 extramittendo
1311 619 1574 667 spiritualiter

259 678 447 714 virtutem
488 678 537 714 ab
577 678 710 723 oculo,
757 686 794 713 et
827 677 882 713 sic
917 677 959 713 fit
1001 678 1308 725 quodammodo
1354 676 1574 725 spiritualis

259 735 463 783 operacio‚
489 735 635 772 dicitur
658 737 765 784 quod
790 744 847 771 est
871 735 1120 772 delectabilis
1144 735 1308 772 intuicio
1333 734 1417 772 sine
1441 736 1572 784 culpa.

265 794 354 842 Qui,
387 793 529 842 inquit,
563 801 776 842 operantur
807 794 843 829 in
876 806 948 839 me,
981 806 1054 829 non
1075 794 1298 843 peccabunt,
1323 793 1416 842 quia
1440 807 1510 830 nec
1535 794 1574 830 in

259 851 510 888 humanitate
538 864 610 888 nec
633 851 672 887 in
696 851 905 888 divinitate
925 851 1073 888 Christi
1098 860 1155 888 est
1180 851 1219 887 in
1242 851 1369 888 beatis
1393 851 1571 888 medium

206 922 244 943 10
259 909 314 946 sic
347 909 557 958 peccandi.
592 910 680 946 Sive
714 909 816 946 enim
853 911 991 946 beatus
1025 909 1075 946 sit
1109 909 1271 946 Christo
1305 910 1574 958 propinquior

259 967 338 1004 sive
378 967 612 1014 distanci0r‚
657 967 782 1004 nichil
820 967 894 1004 sibi
934 967 1093 1004 deficiet
1133 969 1241 1016 quod
1288 980 1403 1004 suum
1451 968 1574 1005 saciet

259 1025 499 1074 appetitum.

317 1085 365 1119 Et
409 1083 582 1120 finaliter
629 1085 765 1132 quoad
809 1096 948 1121 omnes
993 1083 1095 1120 vires
1141 1083 1274 1120 anime
1323 1083 1419 1121 dicit
1467 1084 1575 1121 dicta

260 1141 474 1190 Sapiencia
518 1143 626 1190 quod
665 1142 730 1191 qui
767 1143 889 1192 ipsam
934 1143 1129 1179 elucidant
1167 1142 1227 1178 hic
1265 1141 1301 1178 in
1336 1142 1411 1190 via,
1458 1143 1574 1178 vitam

206 1202 429 1236 15etet7mm
463 1201 651 1236 habebunt
683 1201 718 1236 in
746 1201 894 1250 patria.
928 1202 976 1237 Et
1001 1202 1075 1237 hoc
1107 1201 1272 1237 verbum
1306 1209 1440 1237 movet
1474 1201 1576 1236 mul-

258 1267 319 1294 tos
353 1259 402 1294 ad
426 1259 669 1294 studendum
695 1258 891 1295 attencius
916 1258 1035 1295 fidem
1061 1258 1259 1307 scripture
1283 1267 1320 1295 et
1344 1259 1574 1307 specialiter

259 1325 408 1364 puncta
454 1329 530 1365 que
575 1325 720 1353 sonant
764 1316 805 1352 in
849 1318 1045 1354 honorem
1092 1316 1246 1353 domini
1285 1318 1377 1354 Jesu
1409 1317 1573 1354 Christi.

258 1375 344 1424 Ipse
375 1374 472 1410 enim
505 1382 561 1411 est
592 1375 789 1424 scriptura
822 1387 892 1424 que
924 1388 996 1411 non
1025 1383 1152 1425 potest
1191 1375 1292 1411 solvi
1330 1378 1387 1420 (ut
1429 1374 1574 1412 dicitur

257 1433 342 1468 Joh.
370 1433 436 1478 XO,
465 1432 543 1478 35).
579 1434 692 1469 Unde
724 1432 979 1481 culpabiliter
1003 1442 1039 1469 et
1063 1433 1206 1470 stolide
1229 1442 1399 1481 peccant
1420 1433 1572 1470 viantes

202 1502 243 1524 20
258 1490 326 1539 qui
359 1492 521 1527 student
554 1491 751 1527 humanos
785 1490 944 1528 codices
978 1492 1054 1528 hoc
1086 1491 1188 1527 libro
1221 1490 1298 1528 vite
1333 1492 1573 1540 contempti-

258 1548 390 1584 biliter
423 1548 627 1585 derelicto.

316 1606 483 1652 Questio
522 1619 767 1644 concernens
806 1607 922 1644 istam
966 1607 1179 1655 epistolam
1220 1616 1278 1644 est
1316 1607 1391 1645 ista
1436 1616 1572 1644 utrum
1631 1613 1805 1653 ”lucarnam

257 1664 466 1702 incarnata
490 1665 702 1713 Sapiencia
736 1665 786 1701 sit
810 1678 879 1714 pre
903 1665 1090 1702 omnibus
1114 1667 1365 1712 honoranda,
1401 1675 1438 1703 et
1462 1674 1571 1714 patet
1589 1647 1748 1710 llxglssss‘s'ffl
1765 1649 1861 1710 gcssobvce

258 1735 301 1759 ex
334 1723 412 1760 fide
445 1723 642 1772 scripture
675 1724 783 1772 quod
817 1723 886 1769 sic,
928 1723 1186 1772 intelligendo
1227 1737 1340 1760 more
1374 1724 1571 1772 scripture
1663 1719 1700 1746 ³¹¹
1722 1719 1792 1745 else.

201 1782 240 1814 23
257 1781 395 1818 omnia
436 1792 570 1818 creata
609 1791 775 1830 propter
815 1782 1169 1830 equivocacionem
1215 1782 1391 1819 entitatis
1426 1782 1495 1818 Dei
1536 1791 1572 1819 et

258 1852 327 1876 sue
367 1848 562 1885 creature,
604 1849 640 1876 et
680 1841 945 1888 supponendo
986 1842 1094 1889 quod
1135 1840 1240 1877 dicta
1275 1840 1489 1889 Sapiencia
1522 1840 1571 1876 sit

257 1897 486 1934 eternaliter
518 1907 662 1934 natura
695 1897 841 1944 divina,
876 1897 968 1934 licet
1001 1912 1071 1947 per
1094 1899 1417 1947 assumpcionem
1444 1898 1571 1935 homi-

258 1955 317 1991 nis
356 1955 698 2003 graciosissimam
733 1955 782 1992 sit
821 1956 947 1992 eciam
989 1966 1184 1993 creatura.
1230 1959 1278 1993 Et
1311 1966 1421 2005 patet
1461 1958 1570 2006 quod

258 2026 331 2050 nec
365 2013 503 2050 exhinc
535 2013 585 2050 sit
617 2013 750 2050 minus
783 2015 852 2050 sed
886 2015 1136 2051 cumulacius
1170 2016 1420 2051 honoranda.

202 2074 243 2106 30
318 2071 466 2108 Habita
506 2084 599 2120 ergo
637 2071 802 2109 veritate
842 2073 958 2109 huius
997 2072 1219 2121 questionis
1257 2073 1472 2109 videndum
1514 2082 1572 2109 est
1612 2078 1679 2106 The
1699 2083 1830 2114 greatest

259 2129 443 2166 fidelibus
488 2129 528 2166 in
575 2143 654 2179 quo
700 2129 886 2167 consistit
931 2131 1152 2168 honoracio
1198 2131 1314 2167 huius
1360 2114 1859 2184 Sapiencie'g‘ssssffissssnffiicfssn

258 2200 334 2236 que
376 2189 511 2236 quoad
549 2188 723 2225 viatores
764 2188 935 2225 maxime
975 2190 1107 2237 placet
1147 2188 1234 2227 sibi.
1282 2192 1363 2226 Nec
1404 2189 1569 2225 dubium
1588 2184 1800 2245 ¹¹¹a¹³⁶¹fss¹ssw¹¹
1816 2184 1863 2212 his

259 2245 356 2294 quin
402 2246 626 2283 elucidacio
671 2247 767 2295 legis
813 2247 978 2295 antique
1012 2257 1049 2283 et
1082 2259 1182 2284 nove
1224 2247 1396 2284 maxime
1441 2248 1572 2296 placet
1755 2240 1760 2245 ⁴

258 2305 356 2340 Deo.
397 2307 497 2340 Nam
540 2317 610 2352 per
649 2305 732 2341 eius
772 2305 1095 2342 declaracionem
1130 2306 1261 2342 honor
1300 2305 1465 2342 deificus
1505 2306 1572 2354 qui

202 2361 378 2398 351atria
424 2361 572 2398 dicitur
617 2362 690 2399 sibi
741 2363 972 2411 specialiter
1023 2373 1261 2401 reservatur.
1315 2365 1408 2400 Ideo
1453 2376 1573 2400 omne

258 2432 382 2467 genus
416 2420 629 2457 hominum
662 2422 779 2457 debet
803 2434 1062 2469 summopere
1087 2424 1136 2458 ad
1160 2422 1278 2459 istam
1304 2421 1572 2459 honorificen-

260 2477 363 2514 ciam
418 2478 604 2515 laborare
649 2488 686 2515 et
731 2480 859 2516 clerus
912 2480 1142 2528 specialiter
1187 2481 1238 2516 ad
1284 2479 1571 2517 elucidandum

259 2535 442 2572 fidelibus
474 2536 592 2573 istam
627 2537 760 2574 fidem.
803 2539 851 2574 Et
885 2537 977 2575 hinc
1010 2538 1212 2586 promittit
1244 2538 1321 2575 ista
1355 2537 1570 2586 Sapiencia

258 2595 366 2642 quod
390 2594 454 2643 qui
475 2595 667 2631 elucidant
698 2608 757 2631 me
790 2596 906 2632 vitam
940 2603 1111 2633 eternam
1145 2597 1346 2633 habebunt.
1382 2598 1490 2633 Idem
1515 2605 1572 2633 est

327 2713 345 2732 1.
367 2706 409 2732 A:
437 2705 557 2732 siciunt.
688 2705 713 2733 3.
735 2706 804 2734 DE:
832 2707 1001 2734 auditivam
1029 2715 1110 2734 nam.
1242 2708 1268 2734 8.
1296 2708 1340 2735 A:
1362 2716 1466 2741 ymmo
1492 2716 1573 2736 non:

255 2740 294 2767 ib.
317 2740 360 2767 D:
387 2740 460 2776 quia
479 2749 525 2767 ne.
608 2748 651 2767 22.
672 2740 697 2767 E
717 2741 746 2768 in
769 2750 883 2776 marg:
913 2741 1047 2777 Questio.
1131 2741 1176 2773 28,
1199 2749 1245 2777 29.
1266 2742 1334 2770 DE:
1362 2742 1446 2778 quod
1464 2743 1573 2770 exhinc

254 2783 314 2802 non
340 2775 439 2802 minus
464 2775 521 2802 sed
545 2776 732 2803 <tumularias
759 2776 807 2803 sil.
934 2775 981 2809 ,5.1.
1011 2776 1032 2803 Ε
1059 2776 1088 2803 in
1120 2785 1233 2812 marg:
1263 2777 1377 2805 Honor
1404 2778 1570 2812 sapiencie.

253 2808 360 2849 35·.A.³
387 2810 490 2842 latras
516 2810 555 2837 ib.
578 2810 646 2838 DE:
668 2815 846 2844 reservatffl·
872 2811 897 2839 E
917 2811 1066 2839 correxit:
1093 2815 1280 2839 reservatur.
1378 2811 1424 2847 39.
1447 2812 1516 2841 DE:
1544 2815 1575 2841 et

254 2852 324 2879 qum
350 2844 390 2871 ὼ.
412 2845 456 2872 Α;
485 2852 550 2872 eam
570 2844 673 2872 vitam.

322 2903 354 2937 8.
379 2905 485 2938 Eccli.
509 2905 628 2946 XXIV,
657 2906 709 2938 30.
810 2916 858 2948 14.
887 2905 930 2939 ib.
962 2907 1016 2940 31.
