2062 3276
215 2264 283 2290 Plea
295 2264 373 2290 osen
399 2263 489 2298 aging

261 2298 291 2325 in
312 2307 377 2325 wor
393 2298 443 2334 dly

227 2333 329 2360 affairs
350 2337 380 2359 to
401 2333 470 2367 gain
666 2360 672 2366 ,
1332 2358 1338 2364 ,

228 2368 339 2395 wcalth
361 2368 409 2395 for
429 2367 478 2394 the
504 2361 765 2405 secularibus,
800 2370 843 2397 ut
876 2374 946 2408 per
973 2361 1215 2397 elemosinas
1239 2368 1464 2397 sustineant
1487 2372 1696 2408 pauperes,
1720 2360 1813 2408 quia
1830 2390 1840 2394 -

309 2411 396 2438 ροοῑ,

803 280 1026 312 ,IOHANNIS
1046 279 1229 310 WYCLIF
1249 278 1504 309 SERMONUM
1559 264 1709 320 [SERMO
1731 273 1808 300 LXI-

501 387 598 436 quin
643 388 751 423 Deus
802 387 913 423 huius
956 386 1076 423 seculi
1118 385 1261 422 cecavit
1309 392 1451 421 mentes
1496 383 1722 420 hominum'
1754 382 1811 418 in-

502 445 694 482 fidelitate
739 454 775 482 et
817 444 912 481 odio
965 443 1098 480 divino
1149 443 1217 492 qui
1268 442 1367 478 illud
1420 442 1627 478 dimittunt
1677 441 1811 478 seculo

500 502 760 548 immittentes,
795 502 889 552 quia
923 511 1074 538 certum
1108 510 1165 538 est
1202 501 1233 537 si
1266 500 1382 537 istam
1417 499 1661 537 sentenciam
1696 499 1812 536 firma

501 561 578 597 fide
623 562 831 598 crederent
876 569 913 597 et
950 559 1263 597 retribucionem
1302 559 1525 606 predictam
1564 557 1813 594 confidenter

500 628 709 666 sperarent
751 632 797 656 ac
837 619 963 655 tercio
1003 620 1132 654 Deum
1178 617 1244 665 qui
1285 618 1356 653 hec
1396 616 1566 665 precipit
1606 616 1812 652 caritative

501 677 725 725 diligerent,
760 677 925 713 dimisso
959 685 1092 712 autem
1116 675 1180 711 isti
1205 675 1408 711 contrario
1432 675 1523 711 huic
1555 674 1615 711 vie
1648 673 1812 710 Domini

501 736 753 772 adhererent.
788 737 889 771 Nam
925 734 1103 782 agricola
1135 733 1174 769 in
1208 745 1276 781 spe
1299 733 1451 769 fructus
1474 734 1632 770 laborat
1654 732 1812 769 assidue

501 801 538 829 et
571 793 824 830 habitaturus
847 805 917 840 per
940 804 1091 829 annum
1116 800 1249 839 sperat
1270 804 1342 839 pro
1366 792 1455 827 loco
1481 803 1697 828 annonam.
1732 792 1812 826 Nos

501 863 593 899 ergo
625 859 828 899 torpentes
861 850 901 886 in
934 848 1187 886 mercacione
1221 848 1354 885 celesti
1387 861 1567 886 amorem
1591 848 1664 885 Dei
1696 848 1812 884 omit-

500 908 635 955 timus,
670 922 761 945 cum
783 909 872 945 Joh.
898 909 1019 954 XIVO,
1055 908 1103 943 23
1141 907 1239 943 dicit
1263 906 1463 943 Christus:
1503 907 1582 956 Qui
1602 907 1732 956 diligit
1754 918 1813 942 me

499 979 696 1003 sermones
728 980 832 1003 meos
861 974 1004 1003 servat.
1039 966 1140 1001 Illud
1164 965 1269 1001 enim
1294 965 1534 1001 christianus
1558 965 1646 1012 plus
1670 963 1810 1012 diligit,

501 1024 613 1061 cuius
647 1024 947 1061 hortacionibus
981 1023 1069 1072 plus
1102 1023 1250 1060 obedit.
1286 1025 1386 1060 Cum
1422 1035 1514 1071 ergo
1548 1025 1653 1059 Deus
1686 1021 1812 1070 preci-

501 1082 559 1130 pit
591 1083 705 1119 nobis
739 1084 964 1119 mercedem
1005 1094 1076 1130 per
1108 1081 1211 1118 viam
1247 1081 1396 1118 Christi
1436 1090 1473 1117 et
1514 1082 1647 1117 hostes
1685 1079 1812 1117 nostri

500 1140 728 1188 spirituales
767 1140 996 1189 precipiunt
1034 1139 1219 1176 incedere
1260 1152 1329 1187 per
1367 1139 1470 1175 viam
1506 1139 1641 1184 seculi,
1680 1150 1813 1175 nonne

501 1199 626 1235 cecati
659 1208 750 1235 sunt
783 1198 1021 1236 infidelitate
1055 1198 1122 1246 qui
1148 1197 1285 1234 dicunt
1311 1210 1352 1233 se
1385 1199 1530 1234 debere
1563 1197 1636 1233 hec
1668 1197 1812 1242 facere,

500 1257 594 1304 quia
636 1258 809 1293 mundus
852 1258 925 1293 hoc
964 1255 1094 1304 exigit,
1140 1255 1253 1292 obliti
1287 1257 1493 1304 quomodo
1532 1255 1715 1292 Christus
1755 1266 1813 1290 re-

500 1315 616 1363 liquit
663 1317 857 1352 mundum
905 1317 955 1351 ad
1001 1314 1119 1350 finem
1160 1327 1240 1362 quo
1280 1327 1351 1351 nos
1395 1326 1614 1362 sequamur
1658 1313 1813 1361 ipsum?

502 1375 616 1410 Unde
651 1376 676 1410 I.
710 1373 902 1410 Johannis
936 1375 1020 1418 1110,
1062 1373 1104 1408 13
1153 1371 1248 1408 dicit
1293 1371 1391 1408 suis:
1432 1372 1561 1409 Nolite
1606 1372 1747 1407 mirari
1782 1370 1816 1406 si

501 1432 581 1467 odit
620 1444 687 1468 νος
726 1433 890 1468 mundus
929 1440 1001 1468 etc.
1047 1430 1086 1467 Si
1127 1430 1231 1466 enim
1266 1430 1447 1466 Christus
1486 1429 1644 1466 sustulit
1682 1428 1813 1466 obiec-

502 1489 650 1540 ciones,
695 1489 914 1538 obpropria
954 1498 991 1525 et
1031 1497 1182 1525 ceteras
1228 1488 1466 1535 penalitates
1512 1490 1563 1525 ad
1607 1488 1727 1524 finem
1770 1495 1813 1523 ut

501 1560 719 1596 sequamur
741 1557 896 1596 patrem
921 1556 1101 1584 nostrum
1137 1556 1346 1595 tamquam
1380 1546 1450 1583 filii
1484 1546 1567 1582 eius
1601 1545 1811 1590 carissimi,

501 1607 707 1654 quomodo
741 1619 955 1654 possumus
988 1605 1064 1642 sibi
1100 1605 1232 1641 dicere
1266 1605 1384 1640 Pater
1406 1611 1549 1650 noster,
1584 1617 1673 1640 cum
1706 1603 1812 1640 viam

502 1677 614 1700 suam
655 1664 920 1713 relinquimus
959 1677 1030 1712 per
1067 1664 1170 1699 viam
1212 1662 1335 1699 seculi
1375 1662 1617 1699 incedentes.
1664 1664 1814 1699 Revera

502 1722 534 1758 si
568 1721 774 1768 innocens,
808 1721 1084 1770 impeccabilis
1109 1730 1145 1758 et
1169 1733 1238 1769 per
1264 1733 1515 1769 consequens
1538 1720 1814 1757 nobilissimus

501 1780 577 1816 ista
610 1793 683 1828 pro
716 1780 831 1817 nobis
866 1780 1042 1828 pertulit,
1077 1788 1117 1816 ut
1148 1791 1358 1828 sequamur
1391 1779 1553 1830 vestigia
1586 1779 1665 1815 eius
1698 1778 1814 1824 (sicut

502 1838 598 1875 dicit
632 1838 747 1875 nobis
779 1839 996 1887 precipuus
1030 1838 1178 1874 Christi
1212 1837 1383 1874 vicarius
1423 1839 1448 1873 I.
1485 1836 1591 1873 Petri
1624 1839 1692 1883 110,
1728 1839 1812 1884 21),

503 1898 630 1933 multo
671 1897 798 1944 magis
837 1909 909 1932 nos
944 1895 1086 1945 quibus
1127 1908 1289 1932 necesse
1328 1904 1385 1932 est
1424 1904 1590 1943 peccata
1628 1908 1812 1943 purgare,

501 1954 755 1991 occasionem
796 1955 993 2002 peccandi
1032 1966 1075 1990 ex
1108 1954 1324 2002 fragilitate
1357 1954 1546 2002 aufugere
1580 1962 1617 1989 et
1649 1962 1814 2001 propter

502 2012 730 2049 servitutem
765 2012 921 2060 peccati
954 2012 1170 2061 pessimam
1203 2011 1493 2060 temporalibus
1527 2010 1678 2048 diaboli
1702 2024 1815 2048 man-

503 2070 644 2120 cipari,
685 2071 915 2119 specialiter
955 2084 1044 2107 cum
1078 2070 1118 2107 in
1152 2071 1214 2107 die
1248 2068 1388 2106 iudicii
1421 2068 1590 2118 requirit
1624 2069 1845 2117 magister⁰

503 2130 550 2165 de
597 2128 678 2165 suis
723 2129 984 2177 apprenticiis
1022 2128 1316 2165 strictissimam
1358 2128 1563 2165 racionem
1606 2129 1814 2176 quomodo

503 2186 705 2235 negociati
738 2196 829 2223 sunt
863 2200 952 2223 cum
988 2188 1179 2223 thesauro
1213 2199 1300 2222 suo.

563 2247 604 2281 In
637 2244 713 2281 ista
747 2245 917 2281 materia
950 2244 1083 2281 audivi
1123 2244 1425 2281 excusacionem
1466 2243 1727 2292 peccancium
1773 2243 1814 2279 in

504 2302 691 2351 peccatis.
740 2303 887 2340 Dicunt
920 2303 1026 2339 enim
1061 2305 1169 2351 quod
1208 2303 1299 2339 ideo
1338 2301 1600 2350 implicantur
1637 2302 1814 2349 negociis

507 2420 565 2464 (ut
589 2427 698 2466 patet
722 2419 889 2455 Matthei
912 2421 1052 2463 XXVO)
1087 2419 1170 2455 sine
1200 2420 1274 2456 hoc
1308 2432 1388 2455 non
1422 2427 1479 2456 est
1502 2419 1608 2455 salus
1640 2418 1681 2454 in
1703 2417 1813 2454 finali

504 2476 666 2513 iudicio.
692 2478 785 2513 Ideo
810 2477 950 2513 falsum
977 2477 1193 2514 assumitur
1209 2479 1318 2525 quod
1336 2477 1483 2514 sufficit
1502 2478 1606 2514 bona
1628 2476 1814 2513 voluntas

504 2548 577 2582 pro
611 2535 862 2571 beatitudine
895 2535 1161 2583 adquirenda.

562 2594 768 2638 Quantum
802 2595 852 2630 ad
884 2593 1005 2639 istud,
1038 2602 1148 2641 patet
1172 2595 1280 2642 quod
1303 2607 1384 2630 non
1407 2602 1567 2641 oportet
1590 2593 1812 2629 secularem

1833 922 1870 943 IO

1834 1201 1870 1233 15

505 2650 763 2698 multiplicari
788 2651 965 2699 negociis
988 2651 1250 2698 secularibus,
1285 2665 1374 2688 cum
1400 2651 1546 2688 sufficit
1568 2650 1812 2687 secularibus
1826 2661 1870 2691 40

574 2786 599 2811 s)v
624 2784 739 2812 Codd:
769 2785 909 2812 Domino.
1002 2786 1040 2813 18.
1064 2786 1180 2813 (Σοάἀ.ε
1208 2786 1223 2813 Ι
1239 2786 1334 2813 deest.
1425 2784 1468 2812 23.
1490 2785 1607 2813 Codd.:
1636 2785 1811 2812 incidentes.

504 2819 549 2846 26.
571 2820 687 2846 eodm:
710 2819 724 2846 I
743 2820 835 2847 deest.
910 2821 955 2853 34.
980 2820 1022 2847 G:
1040 2821 1199 2855 peccandi.
1271 2829 1321 2853 40.
1345 2820 1387 2847 G.-
1409 2821 1569 2855 implicari.

579 2914 604 2935 1.
632 2904 671 2934 ΙΙ.
700 2903 778 2934 Cor.
807 2904 863 2943 IV,
889 2915 922 2944 4.

2049 679 2053 700 -,
2047 615 2053 647 ..-
2044 567 2053 602 ,ω
2045 504 2053 552 ,ι
2041 423 2052 487 αᾏοὴ
