2062 3276
198 232 271 267 512
776 241 998 273 JOHANNIS
1017 241 1201 272 WYCLIF
1221 241 1477 273 SERMONUM
1508 228 1659 284 [SERMO
1681 237 1789 265 xxlv·

483 360 601 397 quem
627 348 683 384 sic
707 347 820 396 regit.
855 347 920 385 Sic
954 360 1047 396 ergo
1079 360 1159 384 non
1184 356 1241 384 est
1265 347 1461 383 Dominus
1485 360 1576 383 cum
1603 347 1791 384 membris

482 405 656 455 dyaboli,
695 405 787 442 licet
827 405 1140 442 misericorditer
1179 405 1234 442 eis
1276 404 1420 441 inferat
1452 404 1598 441 iustam
1631 418 1790 454 penam.

257 470 358 510 There
377 471 402 498 is
538 466 594 500 Ex
625 464 702 501 isto
735 472 845 512 patet
874 465 983 513 quod
1015 463 1140 500 nichil
1173 472 1230 500 est
1263 475 1376 499 servo
1400 462 1548 500 Christi
1580 462 1790 500 iocundius

210 505 448 577 ἓιῗὲξᾷῗξὲᾞξζξ
480 535 602 571 quam
641 523 749 571 quod
783 521 980 559 Dominus
1023 521 1074 558 sit
1111 521 1167 558 sic
1208 534 1356 558 secum.
1402 522 1444 557 In
1484 520 1594 557 cuius
1633 521 1790 570 signum

211 580 242 603 ¹0
264 575 446 639 bgfssffigsed
482 582 586 617 Luce
609 581 659 627 10,
685 580 735 616 28
770 579 957 617 scribitur
989 581 1196 629 quomodo
1228 580 1391 628 angelus
1415 578 1575 616 Gabriel
1606 580 1792 617 salutavit

253 653 409 682 presence.
481 647 650 675 matrem
676 637 838 675 Domini
861 639 933 675 sub
956 638 1031 675 hiis
1054 637 1202 675 verbis:
1235 639 1315 674 Ave
1336 637 1468 674 Maria
1490 637 1630 688 gracia
1659 639 1792 688 plena,

481 697 672 733 Dominus
722 704 861 744 tecum,
912 695 981 732 ubi
1024 709 1105 733 non
1150 704 1208 732 est
1251 696 1309 732 fas
1353 695 1512 732 fidelem
1566 695 1792 734 discredere

482 754 578 804 quin
622 767 666 791 ex
710 754 877 791 consilio
921 753 1050 791 tocius
1087 753 1298 791 Trinitatis
1342 753 1536 790 inferatur
1580 752 1793 792 inicialiter

481 814 550 850 sed
582 811 765 850 fertiliter
803 812 844 849 in
875 813 997 849 verbo
1030 809 1227 850 Dominus
1258 819 1380 848 tecum
1413 811 1640 849 iocunditas
1674 813 1792 850 matri

482 870 567 908 Dei.
608 870 715 917 Quid
748 883 870 920 queso
909 870 1035 919 possit
1069 882 1153 907 esse
1193 870 1367 906 humane
1408 878 1549 906 nature
1581 869 1792 908 iocundius

481 942 603 978 quam
651 930 759 978 quod
807 928 975 965 existens
1022 941 1065 965 ex
1104 930 1187 965 Deo
1227 936 1265 965 et
1302 929 1350 965 ab
1390 927 1500 964 omni
1539 928 1646 965 malo
1685 930 1791 978 quod

482 1000 569 1024 eam
599 986 726 1036 possit
750 986 974 1036 deprimere
997 995 1034 1024 et
1059 988 1106 1023 de
1128 986 1378 1035 plenitudine
1402 985 1533 1033 gracie
1556 986 1606 1022 sit
1628 987 1792 1024 secura?

481 1046 596 1083 Unde
629 1045 893 1094 probabiliter
926 1045 1102 1082 creditur
1134 1046 1293 1081 beatam
1317 1044 1509 1093 virginem
1542 1043 1698 1092 signum
1723 1058 1792 1082 sue

482 1102 809 1141 confirmacionis
842 1103 882 1140 in
916 1103 999 1140 istis
1031 1102 1161 1140 verbis
1193 1102 1407 1139 inicialiter
1440 1102 1685 1150 cognovisse.

198 1169 243 1197 He
263 1169 334 1196 who
355 1169 457 1197 would
539 1163 587 1198 Et
628 1174 672 1199 ex
716 1161 801 1198 istis
845 1161 1014 1198 infertur
1051 1161 1175 1198 tercio
1214 1162 1322 1210 quod
1360 1160 1484 1197 nichil
1523 1160 1572 1196 sit
1611 1169 1792 1198 creature

204 1205 280 1232 have
300 1204 350 1231 the
369 1204 452 1232 Lord
503 1219 675 1257 acionali
708 1219 928 1269 perfeccius
961 1232 1081 1269 quam
1112 1220 1220 1268 quod
1245 1219 1440 1255 Dominus
1472 1217 1528 1255 sic
1560 1218 1610 1255 sit
1642 1231 1790 1256 secum.

199 1240 272 1267 with
293 1239 356 1266 him
378 1244 460 1266 must
481 1233 499 1256 Γ

214 1282 382 1337 baiariiffigi]
399 1282 442 1346 {y
482 1279 648 1315 Constat
672 1277 835 1327 quidem
866 1290 909 1314 ex
932 1277 1010 1314 fide
1039 1277 1237 1326 scripture
1261 1278 1369 1326 quod
1394 1277 1593 1325 perfeccio
1617 1277 1792 1314 hominis

239 1345 406 1384 ‚cleansing
481 1345 762 1373 consummata
796 1345 853 1373 est
876 1348 1019 1373 cenare
1053 1349 1142 1372 cum
1167 1335 1341 1372 Domino
1373 1335 1591 1372 vocacione
1625 1343 1662 1372 et
1695 1348 1792 1372 cena

206 1379 453 1452 Stghmsceslpfoefgssrltlay
479 1394 710 1441 novissima,
756 1394 850 1444 quia
894 1395 1042 1431 nedum
1088 1393 1161 1430 erit
1210 1394 1403 1430 nobiscum
1450 1393 1622 1430 omnibus
1662 1394 1793 1430 diebus

479 1465 596 1502 usque
633 1454 685 1489 ad
727 1453 1056 1489 consumacionenz
1089 1452 1209 1489 seculi
1239 1452 1307 1488 sed
1340 1451 1506 1500 illapsus
1539 1451 1665 1488 beatis
1699 1464 1791 1488 con-

480 1510 715 1548 firmacione
748 1519 940 1560 perpetua
975 1524 996 1548 a
1029 1523 1107 1559 qua
1139 1523 1220 1547 non
1253 1518 1385 1559 potest
1418 1509 1607 1547 desistere
1641 1511 1689 1546 de
1720 1523 1791 1546 sua

479 1568 667 1617 potencia
697 1569 894 1606 absoluta.
930 1570 1023 1606 Ideo
1046 1568 1153 1605 iuxta
1177 1568 1403 1605 doctrinam
1429 1568 1573 1604 Psalm.
1598 1569 1789 1614 CXXXV),

481 1627 586 1664 3-—5
623 1628 814 1664 debemus
852 1627 892 1664 in
930 1627 994 1664 via
1034 1626 1222 1663 continue
1260 1626 1392 1675 primo
1432 1626 1612 1662 omnium
1646 1638 1790 1674 parare

477 1686 611 1722 locum
636 1694 749 1722 tanto
773 1685 950 1732 domino,
985 1684 1076 1721 duci
1110 1693 1146 1721 et
1180 1683 1326 1733 hospiti
1349 1683 1533 1721 viatoris:
1569 1684 1622 1729 Si,
1645 1683 1788 1733 inquit,

476 1744 661 1780 introiero
693 1744 729 1779 in
762 1743 1079 1780 thabernaculum
1119 1743 1255 1779 domus
1293 1755 1385 1786 meey
1429 1742 1463 1778 si
1503 1743 1713 1778 ascendero
1754 1742 1788 1778 in
1830 1747 1842 1779 ζ

477 1802 616 1838 lectum
659 1802 776 1838 strati
817 1802 903 1849 mei,
947 1802 981 1838 si
1023 1802 1167 1838 dedero
1210 1800 1426 1850 sompnium
1465 1801 1585 1836 oculis
1623 1800 1715 1836 meis
1755 1808 1790 1836 et

471 1860 673 1910 palpebris
704 1860 798 1896 meis
829 1859 1146 1896 dormitacionem
1180 1867 1215 1895 et
1248 1858 1414 1908 requiem
1439 1858 1676 1908 temporibus
1698 1858 1790 1894 meis

477 1919 595 1955 donec
624 1918 812 1955 inveniam
837 1919 961 1955 locum
986 1918 1174 1961 Domino;
1201 1916 1269 1953 ubi
1293 1918 1460 1953 docetur
1482 1915 1786 1965 proprietarius,

477 1989 567 2013 cum
601 1975 805 2025 sapiencia
838 1976 1016 2013 increata
1049 1988 1125 2025 que
1159 1974 1356 2012 Dominus
1390 1983 1446 2011 est
1479 1987 1559 2011 non
1592 1973 1787 2011 habitabit

476 2034 515 2071 in
548 2047 716 2083 corpore
749 2034 908 2071 subdito
941 2033 1129 2082 peccatis,
1163 2033 1257 2082 quia
1290 2045 1379 2069 cum
1414 2032 1588 2069 Domino
1621 2037 1820 2081 parante?

474 2093 589 2129 nobis
634 2094 766 2130 locum
813 2092 1047 2129 mundificet
1091 2093 1255 2128 domum
1300 2103 1413 2127 suam
1460 2091 1507 2127 de
1551 2103 1630 2139 qua
1671 2090 1788 2127 exivit

474 2150 636 2199 spiritus
688 2151 920 2187 immundus
973 2163 995 2187 a
1045 2151 1170 2197 gradu
1223 2147 1461 2199 quintuplici
1513 2156 1786 2196 peccatorum.

186 2208 610 2252 1.f1·0mcupidity,Primo
664 2209 860 2257 (inquam)
914 2217 1072 2256 oportet
1118 2208 1226 2256 quod
1270 2206 1511 2243 christianus
1557 2215 1694 2242 caveat
1739 2207 1787 2242 ab

475 2266 704 2304 inordinata
744 2266 931 2315 cupidine
976 2265 1248 2315 propriorum,
1294 2264 1387 2313 quia
1433 2266 1460 2301 Ι.
1492 2264 1596 2300 Tim.
1620 2265 1706 2310 V10‚
1741 2277 1786 2300 10

475 2324 680 2362 scribitur:
716 2325 851 2361 Radix
882 2325 1049 2361 omnium
1083 2323 1275 2360 malorum
1309 2329 1363 2358 est
1393 2322 1604 2371 cupiditas‚·
1634 2321 1785 2358 idcirco

475 2384 592 2420 debet
629 2382 761 2431 primo
806 2384 1030 2419 membrum
1076 2381 1241 2418 ecclesie
1285 2380 1416 2417 iurare
1457 2379 1631 2416 Domino
1679 2381 1786 2429 quod

474 2440 505 2477 si
546 2440 744 2478 introierit
785 2440 1088 2477 inordinacione
1128 2439 1237 2476 finali
1277 2438 1317 2475 in
1356 2438 1660 2475 tabernaculum
1696 2450 1787 2486 pro-

543 2550 568 2579 3.
590 2551 659 2580 DE:
681 2551 720 2579 Et
739 2559 796 2584 ex,·
816 2551 827 2578 Ι
847 2551 877 2578 in
899 2559 1014 2587 marg:
1037 2551 1070 2578 B.
1148 2550 1173 2579 5.
1194 2549 1264 2577 DE:
1292 2550 1371 2577 luce
1389 2547 1453 2576 LII.
1527 2549 1555 2576 6.
1576 2548 1658 2576 DEI:
1680 2547 1785 2576 Maria

474 2586 568 2614 deest.
641 2586 669 2614 8.
690 2586 733 2614 K:
754 2586 896 2614 concilio.
979 2594 1007 2621 9.
1030 2585 1098 2613 KL:
1119 2585 1228 2613 nostri.
1309 2592 1348 2612 12.
1371 2584 1440 2611 DE:
1462 2586 1578 2619 posset.
1657 2583 1694 2611 15.
1716 2582 1785 2609 KL:

473 2620 510 2648 Et
530 2622 625 2650 deest.
734 2621 776 2649 16.
797 2620 866 2648 DE:
892 2620 937 2648 sic
956 2621 1057 2653 deest:
1085 2620 1125 2647 ib.
1146 2620 1158 2648 1
1179 2620 1209 2647 in
1231 2627 1345 2654 marg.:
1372 2618 1533 2654 Perfeccio
1559 2617 1690 2645 hominis
1715 2625 1786 2644 con-

473 2659 592 2684 sumata
603 2664 662 2691 que
675 2659 728 2683 est.
784 2654 824 2684 18.
837 2655 906 2683 DE:
922 2655 1068 2687 vocacio,·
1082 2655 1122 2682 ib.
1136 2655 1176 2682 L:
1190 2653 1338 2681 dominus.
1395 2661 1442 2681 20.
1456 2654 1499 2681 ad
1510 2653 1605 2680 deest.
1660 2651 1702 2679 23.
1717 2652 1784 2678 KL:

474 2691 566 2718 omni.
640 2698 685 2725 24.
706 2691 734 2718 1:
757 2690 795 2718 Si
812 2691 920 2726 igitur.
995 2697 1037 2725 27.
1060 2689 1128 2717 DE:
1151 2692 1182 2717 et
1205 2704 1237 2708 -—
1267 2688 1341 2716 meis
1367 2688 1461 2715 deest.
1534 2686 1581 2715 30.
1604 2686 1645 2714 K:
1666 2686 1784 2725 subdito

471 2726 546 2761 pilis
564 2726 666 2761 quod,·
686 2726 725 2752 ib.
742 2725 847 2760 primo
862 2728 1018 2760 parante;
1038 2724 1078 2751 L:
1096 2723 1243 2759 potencia
1264 2723 1293 2750 in
1316 2731 1413 2750 marn.
1487 2721 1530 2750 33.
1551 2722 1635 2749 IKL:
1657 2724 1690 2748 ut
1708 2722 1786 2748 chri-

473 2760 612 2791 stianus;
633 2761 674 2787 ib.
690 2760 713 2787 E
728 2761 758 2787 in
775 2768 890 2795 marg:
914 2768 935 2787 1.
992 2759 1038 2793 34.
1060 2759 1089 2787 1:
1111 2759 1126 2785 I
1143 2759 1237 2786 deest.
1295 2756 1341 2785 36.
1358 2743 1426 2784 KR:
1448 2758 1516 2789 del;
1535 2756 1617 2783 DEI:
1635 2756 1788 2791 primum:

474 2795 514 2822 ib.
530 2795 571 2822 K:
593 2795 702 2822 iurare
721 2795 816 2822 deest.
889 2793 932 2830 37.
954 2794 1023 2821 DE:
1046 2793 1263 2821 ordinacione.

548 2877 597 2910 ῖς).
624 2865 742 2897 Matth.
768 2867 917 2906 XXVffl,
947 2876 999 2897 20.

1813 889 1850 910 10

1813 1169 1848 1201 15

1808 1468 1849 1488 20

1804 2324 1842 2358 35
