2062 3276
213 249 261 281 32

256 887 353 915 God's
375 887 441 914 love

231 922 339 949 shown
362 922 390 949 in
413 922 462 948 the

211 958 267 992 gift
288 958 321 984 of
339 957 394 984 His
415 957 477 984 Son

291 993 337 1019 for
358 993 407 1019 the

213 1027 361 1054 salvation
383 1027 418 1053 οῖ’
435 1026 484 1053 the

281 1062 414 1089 Church.

230 1468 297 1496 God
319 1468 347 1495 in
369 1467 473 1503 giving

277 1504 351 1530 does
373 1508 425 1529 not

235 1539 363 1565 alienate
383 1538 466 1564 what

270 1573 314 1600 He
335 1573 429 1607 gives.

225 1989 302 2017 Tllis
323 1990 376 2025 gift
398 1994 478 2016 must

264 2025 339 2051 have
362 2025 434 2051 been

224 2060 379 2094 purposed
402 2060 480 2086 from

216 2094 354 2127 eteruitx‘,
369 2103 405 2120 οι·
421 2093 489 2121 God

237 2126 338 2156 would
361 2134 413 2155 not
436 2129 470 2155 be

265 2164 443 2191 iuvari-able.

795 249 1018 281 JOHANNIS
1036 249 1220 280 WYCLIF
1240 250 1495 281 SERMONUM
1600 236 1751 295 [SERMO
1772 247 1809 275 X-

501 354 716 391 affeccione
750 355 855 391 fideli
889 355 929 391 in
953 369 1070 404 quem
1106 370 1186 391 non
1219 356 1343 393 credit
1377 369 1447 392 nec
1478 355 1575 404 petit
1598 356 1814 392 affeccione

501 413 699 449 constanti
750 413 788 448 in
834 426 952 461 quem
1004 427 1083 449 non
1127 423 1259 461 sperat
1311 426 1381 449 nec
1426 414 1556 461 pulsat
1600 414 1815 450 affeccione

500 471 688 507 familiari
722 473 848 507 Deum
890 484 1007 519 quem
1049 471 1253 508 caritative
1294 484 1374 507 non
1408 480 1528 508 amat.
1575 473 1666 508 Ideo
1705 472 1815 517 fides,

501 541 589 576 spes
629 538 665 565 et
698 529 843 565 caritas
876 538 967 565 sunt
1000 538 1078 565 tres
1111 529 1171 565 ale
1204 530 1264 565 vel
1296 528 1528 565 fulcimenta
1561 529 1735 566 hominis
1768 531 1818 566 ad

501 588 712 623 orandum.
758 588 859 623 Cum
905 599 998 634 ergo
1032 590 1137 623 Deus
1178 586 1289 634 prior
1328 586 1460 623 dilexit
1498 600 1583 633 nOS,
1623 587 1852 635 premittit5

502 644 751 692 evangelium
797 645 967 681 formam
1013 644 1189 682 caritatis
1241 644 1410 680 maxime
1455 658 1533 693 qua
1578 647 1683 681 Deus
1727 658 1818 681 suos

502 702 603 738 filios
648 702 854 750 diligebat:
903 703 979 749 Sic,
1024 702 1167 751 inquit,
1213 703 1320 739 Deus
1360 703 1497 738 dilexit
1537 704 1735 749 mundum,
1780 710 1819 738 ut

489 761 621 810 filium
670 773 780 796 suum
827 761 1064 810 unigenitum
1112 761 1242 810 daret,
1283 768 1321 796 ut
1360 761 1484 797 omnis
1524 761 1588 809 qui
1627 761 1751 797 credit
1783 761 1818 796 in

502 830 584 854 eum
631 831 703 854 non
742 826 895 867 pereat,
936 819 1005 855 sed
1036 819 1174 855 habeat
1209 819 1324 854 vitam
1360 826 1544 856 eternam.
1589 818 1666 855 Ubi
1710 827 1819 866 patet

501 876 631 924 primo
676 877 783 924 quod
828 877 956 912 forma
1001 876 1229 913 dileccionis
1263 876 1334 912 Dei
1379 876 1625 925 exprimitur,
1672 885 1708 912 et
1751 885 1878 924 perlo

503 935 696 969 mundum
730 933 888 970 videtur
920 947 1014 970 sane
1047 947 1162 983 posse
1202 934 1369 981 intelligi
1403 934 1486 970 ovis
1520 934 1738 971 centesima
1760 935 1820 970 vel

502 991 669 1028 ecclesia
712 991 931 1034 viatorum;
977 1005 1070 1028 nam
1116 992 1251 1040 gracia
1295 992 1532 1028 salvacionis
1576 1004 1714 1028 eorum
1747 992 1819 1028 fuit

503 1049 689 1086 dominus
713 1049 956 1093 incarnatus,
988 1063 1127 1098 passus
1152 1060 1188 1087 et
1213 1059 1393 1086 mortuus
1418 1063 1507 1086 cum
1532 1050 1618 1086 aliis
1642 1049 1820 1086 articulis

503 1107 594 1143 fidei
639 1120 738 1155 quos
783 1107 1015 1156 complevit3
1061 1121 1150 1145 cum
1191 1108 1297 1144 enim
1338 1107 1545 1144 maioritas
1591 1108 1820 1144 dileccionis

503 1165 621 1202 amici
655 1165 743 1213 capi
778 1167 920 1202 debeat
953 1179 1073 1214 penes
1107 1166 1375 1203 maioritatem
1410 1166 1547 1202 donati
1581 1175 1617 1202 et
1648 1166 1818 1202 formam
1840 1166 1877 1199 15

503 1223 693 1267 donandi,
739 1233 848 1271 patet
882 1225 989 1271 quod
1034 1225 1143 1260 nulla
1188 1223 1316 1260 maior
1361 1223 1527 1260 dileccio
1566 1232 1697 1271 potest
1736 1236 1820 1260 esse

503 1282 607 1318 facta
642 1281 814 1326 homini3
855 1294 946 1317 nam
989 1283 1181 1318 donatum
1223 1295 1312 1318 cum
1355 1281 1404 1317 sit
1437 1283 1603 1317 verbum
1638 1290 1819 1317 eternum

507 1349 543 1376 et
576 1339 804 1387 unigenitus
838 1339 941 1375 filius
972 1339 1041 1375 Dei
1074 1339 1213 1388 patris,
1249 1349 1305 1376 est
1338 1339 1538 1375 infinitum
1572 1339 1820 1387 prestancius

506 1407 589 1433 toto
625 1399 787 1433 mundo.

564 1457 611 1491 Et
655 1455 744 1491 talis
789 1455 904 1491 dacio
945 1457 1057 1492 decet
1096 1468 1228 1503 regem
1276 1455 1548 1503 magnificum,
1594 1455 1821 1503 specialiter
1838 1464 1879 1485 20

506 1526 595 1549 cum
636 1515 828 1549 donatum
869 1526 949 1549 non
988 1513 1125 1550 exinde
1164 1513 1358 1561 perditur,
1398 1515 1465 1549 sed
1504 1514 1654 1550 fructus
1699 1515 1821 1549 dona-

506 1571 630 1607 cionis
664 1573 746 1607 Deo
790 1571 1024 1618 acquiritur,
1074 1584 1162 1607 cum
1209 1573 1382 1607 donatur
1422 1571 1586 1607 domino
1629 1571 1821 1619 quicquid

505 1629 728 1677 acquiritur
777 1642 889 1665 servo
942 1642 1026 1667 suo.
1082 1629 1122 1665 Si
1175 1638 1307 1666 autem
1361 1630 1532 1665 formam
1587 1629 1821 1665 donacionis

505 1687 690 1732 attendis,
731 1696 840 1735 patet
880 1689 987 1734 quod
1028 1686 1150 1723 nichil
1182 1697 1313 1735 potest
1346 1686 1431 1723 dari
1464 1686 1695 1735 gmeiosius,
1731 1700 1820 1723 cum

505 1744 626 1793 gratis
650 1745 733 1781 sine
756 1744 1019 1792 preexistente
1051 1745 1193 1781 merito
1218 1747 1321 1781 Deus
1353 1745 1562 1792 proposuit
1591 1744 1823 1781 eternaliter
1839 1744 1878 1775 25

506 1802 630 1839 filium
677 1816 792 1839 suum
831 1804 937 1839 dare.
984 1805 1110 1839 Nemo
1150 1803 1255 1839 enim
1296 1812 1425 1851 potest
1471 1803 1614 1839 mereri
1659 1802 1733 1839 nisi
1778 1815 1821 1838 ex

505 1861 621 1897 titulo
665 1861 797 1909 gracie
843 1861 1152 1906 beatitudinem3
1198 1870 1349 1909 quanto
1395 1860 1520 1908 magis
1566 1862 1687 1897 homo
1731 1874 1821 1908 pro-

506 1928 652 1955 stratus
697 1928 862 1967 peccato
908 1918 1051 1955 mereri
1097 1932 1177 1955 non
1220 1918 1349 1967 potuit
1394 1918 1463 1954 filii
1508 1918 1579 1955 Dei
1623 1918 1819 1966 unigeniti

506 1976 740 2013 dacionem?
774 1979 821 2013 Et
854 1990 942 2013 cum
975 1979 1078 2013 Deus
1112 1990 1192 2013 non
1225 1986 1355 2024 potest
1390 1975 1543 2013 noviter
1575 1989 1819 2025 quemquam

507 2034 670 2082 diligere
698 2035 759 2070 vel
792 2034 954 2083 aliquod
988 2036 1137 2070 bonum
1161 2035 1338 2070 dandum
1373 2034 1525 2070 homini
1548 2034 1822 2082 temporaliter
1838 2044 1880 2066 ³0

506 2092 706 2138 ordinare,
751 2102 860 2140 patet
904 2093 1011 2140 quod
1057 2092 1157 2128 sicut
1201 2092 1275 2128 ista
1320 2092 1391 2128 Dei
1437 2092 1601 2128 dileccio
1646 2092 1702 2129 sic
1746 2091 1821 2128 ista

507 2150 715 2186 ordinacio
739 2160 796 2186 est
820 2160 968 2187 eterna.
1004 2152 1051 2186 Et
1074 2159 1183 2198 patet
1207 2150 1426 2186 conclusio:
1461 2149 1501 2186 Si
1525 2150 1629 2185 enim
1655 2149 1820 2186 dileccio

506 2207 683 2244 variatur
726 2208 1133 2256 proporcionabiliter
1170 2209 1219 2244 ad
1257 2207 1525 2244 variacionem
1571 2207 1716 2249 dilecti,
1761 2208 1820 2243 vel

507 2275 665 2313 oportet
711 2268 928 2302 concedere
981 2267 1087 2314 quod
1138 2265 1313 2302 variacio
1366 2265 1594 2301 dileccionis
1647 2265 1719 2301 Dei
1771 2265 1820 2301 sit

509 2336 628 2360 causa
665 2323 902 2361 variacionis
943 2323 1073 2360 dilecti
1107 2324 1166 2359 vel
1204 2333 1387 2368 econtra3
1428 2323 1458 2359 si
1492 2324 1667 2359 secundo
1700 2324 1820 2359 modo
1837 2324 1876 2357 '35

509 2383 637 2427 detur,
682 2391 776 2418 tunc
821 2381 986 2418 dileccio
1031 2381 1102 2417 Dei
1152 2395 1231 2417 non
1283 2390 1339 2417 est
1384 2381 1577 2428 originale
1620 2380 1818 2428 premium

509 2452 631 2486 quare
656 2439 842 2475 dilectum
878 2440 1039 2488 aliquod
1073 2439 1165 2475 facit
1198 2441 1361 2483 bonum,
1395 2441 1462 2475 sed
1496 2448 1657 2475 econtra
1689 2438 1818 2486 ipsum

510 2506 636 2532 mutat
660 2497 919 2533 dileccionem
945 2497 1015 2533 Dei
1039 2498 1088 2533 ad
1111 2506 1260 2533 votum.
1295 2498 1371 2533 Sed
1395 2496 1490 2545 quid
1522 2496 1819 2545 impossibilius,

510 2567 599 2590 cum
645 2554 809 2591 dileccio
842 2555 912 2591 Dei
957 2564 1093 2591 eterna
1133 2554 1308 2602 precedit
1346 2554 1565 2590 bonitatem
1611 2553 1820 2590 cuiuslibet

510 2621 704 2658 creature,
738 2613 831 2660 quia
864 2612 1072 2649 ordinacio
1106 2625 1176 2648 sua
1209 2622 1344 2648 eterna
1377 2621 1413 2648 et
1447 2612 1500 2648 sic
1526 2614 1630 2648 Deus
1662 2611 1878 2654 ordina-40

579 2733 602 2761 5.
624 2734 653 2761 1:
680 2742 744 2761 cum
765 2735 867 2769 igilur
886 2736 924 2765 (et
945 2735 1084 2769 passim).
1194 2743 1227 2762 ιι.
1250 2735 1333 2764 ovis,-
1361 2735 1402 2762 ll:
1424 2735 1508 2764 eius,-
1534 2734 1556 2761 E
1576 2734 1721 2766 con-exin
1747 2733 1768 2760 E
1789 2733 1817 2760 in

511 2777 624 2803 marg:
652 2769 713 2796 Per
732 2769 871 2796 mundum
891 2770 1086 2805 intelligitur.
1167 2777 1207 2802 14.
1230 2770 1240 2796 Ι
1261 2771 1289 2797 in
1313 2778 1425 2802 marg:
1455 2769 1623 2796 illusorium
1642 2768 1820 2795 dileccimtix

510 2803 604 2831 amici
621 2803 701 2830 unde
719 2803 806 2830 debet
825 2805 903 2839 rapi.
1013 2813 1051 2838 17·
1074 2805 1096 2831 13
1117 2805 1145 2831 in
1169 2812 1281 2838 marga
1305 2804 1473 2831 Maiorian-
1492 2804 1668 2830 dileccionis
1687 2803 1818 2838 cupitur.

512 2837 543 2864 23
577 2838 643 2865 llhj:
665 2838 849 2865 dotacionis.
940 2838 983 2865 28.
1006 2840 1033 2866 I:
1056 2838 1211 2873 nisi-lilii:
1238 2840 1276 2865 ib.
1301 2841 1321 2865 ί(
1343 2848 1370 2865 ιιι
1395 2848 1507 2873 mar-gx
1530 2838 1666 2864 ln'leccio
1687 2841 1715 2864 e!
1735 2837 1818 2864 ordi-

510 2873 601 2901 nacio
622 2873 683 2900 Dei
700 2876 745 2900 est
764 2876 882 2900 eterna.
954 2873 998 2900 3⁸.
1021 2874 1046 2900 l:
1069 2874 1171 2909 magis
1190 2874 1385 2909 impassibile.
