2062 3276
248 263 384 293 samio
406 251 499 312 mx]
739 266 929 308 QUARTA
959 268 1083 302 PARS.

250 376 390 423 filium,
431 386 468 414 et
506 375 561 413 sic
601 376 708 412 iuxta
747 384 1028 423 argumentum
1063 375 1314 425 Evangeliste
1353 384 1390 412 et
1423 388 1560 424 quem-

250 434 344 471 libet
389 435 569 472 fratrem·
597 446 712 470 suum
762 436 789 471 Ι.
827 435 914 470 Joh.
956 435 1039 479 IV0‚
1082 444 1152 470 20:
1205 434 1283 478 Qui
1319 447 1391 470 non
1432 434 1560 484 diligit

238 493 415 542 fratrem
448 505 559 529 sunm
593 504 699 541 quem
726 492 839 538 videt,
868 492 993 527 Deum
1017 503 1125 540 quem
1150 504 1223 527 non
1249 492 1349 528 videt
1372 492 1560 541 quomodo

244 558 370 600 potest
389 551 555 602 diligere
566 550 585 584 ἶ)
607 549 720 598 quasi
744 558 948 597 argueret:
975 551 1078 585 Deus
1103 562 1182 585 non
1207 548 1385 597 diligitur
1408 563 1428 586 a
1448 549 1562 585 nobis

216 608 448 645 §viantibus
486 607 561 644 nisi
603 607 643 643 in
676 608 870 644 creaturis
903 607 996 653 suis,
1038 607 1069 643 si
1103 620 1199 655 ergo
1238 607 1277 643 in
1311 608 1506 644 creaturis
1540 620 1561 643 a

249 667 363 703 nobis
407 665 621 703 simillimis
660 665 699 701 in
738 675 883 702 natura
921 678 1001 702 non
1041 665 1232 713 diligitur,
1274 678 1344 713 per
1381 665 1487 702 idem
1523 665 1562 701 in

249 724 385 770 nullis3
420 724 487 773 qui
521 723 625 760 enim
651 723 778 771 diligit
802 723 988 772 opificem
1014 723 1142 771 diligit
1166 736 1266 772 opus
1290 736 1419 770 suum,
1455 724 1563 772 quod

247 782 320 819 scit
353 782 484 830 ipsum
519 781 695 829 diligere.

306 842 490 877 Secundo
529 849 694 877 notatur
727 840 837 886 fides,
878 852 954 889 que
987 848 1046 876 est
1078 840 1385 876 fundamentum
1420 840 1563 876 domus

195 898 478 947 xospiritualis,
513 911 602 935 cum
628 898 848 947 precipitur
872 899 980 947 quod
1003 898 1184 948 confidat,
1209 906 1246 935 et
1268 898 1393 934 tercio
1417 897 1563 934 habitis

246 956 331 993 istis
355 957 539 994 extremis
563 969 723 993 necesse
747 965 804 993 est
826 969 938 1005 spem
963 956 1136 993 mediam
1162 964 1371 1005 tamquam
1392 965 1565 1005 quatuor

246 1016 419 1064 parietes
453 1015 647 1063 copulari,
682 1027 801 1064 quam
836 1014 967 1051 innuit
991 1021 1241 1064 peccatorzmz
1267 1014 1452 1053 remissio.
1486 1014 1564 1060 Qui

248 1074 352 1111 enim
377 1073 618 1110 remittendo
641 1082 852 1121 peccatum
877 1081 1060 1121 acceptat
1083 1073 1133 1110 ad
1157 1072 1333 1121 graciam
1358 1073 1441 1109 vult
1464 1074 1563 1109 bene

247 1132 433 1181 operanti
466 1133 561 1169 dare
593 1130 777 1180 gloriam.

194 1190 230 1222 15
306 1192 382 1227 Pro
420 1190 552 1239 primo
590 1191 813 1227 notandum
854 1191 962 1238 quod
995 1192 1101 1226 Deus
1140 1190 1259 1226 habet
1301 1198 1380 1226 tres
1422 1191 1561 1226 modos

248 1258 522 1285 creaturarum
556 1247 864 1285 racionabilium
898 1247 980 1284 eius
1014 1247 1274 1296 implencium
1297 1248 1562 1295 voluntatem,

247 1307 399 1344 scilicet
432 1319 530 1355 pure
564 1319 698 1343 servos
731 1305 799 1355 qui
833 1318 940 1342 mere
972 1305 1117 1343 timore
1150 1318 1251 1354 pene
1285 1306 1437 1343 faciunt
1470 1306 1562 1343 licet

249 1366 353 1402 male
386 1365 547 1401 Domini
585 1365 847 1402 voluntatem.
888 1364 1061 1401 Secundi
1100 1373 1192 1400 sunt
1225 1364 1461 1401 mercenarii
1494 1364 1562 1413 qui

247 1423 394 1472 partim
428 1424 603 1460 amando
635 1431 801 1472 propter
832 1435 943 1471 spem
976 1422 1121 1470 premii
1155 1431 1191 1459 et
1213 1422 1358 1471 partim
1383 1423 1563 1459 timendo

191 1492 232 1513 20
247 1483 455 1519 horrorem
491 1481 637 1530 flagelli
669 1481 820 1518 faciunt
854 1482 1090 1517 mandatum
1120 1480 1283 1517 Domini
1314 1481 1424 1518 talis:
1463 1481 1562 1517 Con-

234 1540 415 1591 fitebitur
436 1541 515 1588 tibi,
547 1553 631 1576 cum
664 1540 898 1587 benefeceris
920 1540 965 1587 ei,
998 1540 1159 1576 Psalmo
1182 1540 1359 1576 XLVIIIO
1390 1552 1450 1587 19.
1485 1541 1562 1576 Sed

246 1599 358 1636 tercii
403 1607 494 1635 sunt
539 1598 608 1635 filii
653 1598 721 1647 qui
765 1609 863 1646 pure
909 1610 952 1634 ex
997 1610 1133 1634 amore
1173 1606 1281 1634 casto
1321 1598 1562 1634 confitentur

247 1657 422 1694 Domino
455 1656 704 1705 simpliciter,
739 1655 833 1705 quia
867 1655 1075 1692 Dominus.
1117 1656 1193 1692 Sed
1228 1655 1402 1692 filiorum
1437 1657 1561 1704 adop-

245 1715 418 1752 tivorum
454 1715 615 1751 Domini
647 1723 739 1751 sunt
771 1723 850 1751 tres
883 1715 1041 1762 gradus,
1080 1714 1212 1762 primo
1244 1723 1426 1763 tempore
1465 1714 1562 1763 legis

190 1776 385 1810 25nature
418 1782 509 1810 sunt
533 1773 601 1809 filii
625 1773 719 1820 cari,
744 1772 837 1822 quia
862 1771 1020 1809 modico
1043 1772 1178 1820 precio
1210 1781 1247 1809 et
1280 1786 1375 1809 cura
1399 1772 1561 1809 Domini

245 1831 439 1881 reparati3
491 1840 672 1879 tempore
717 1831 814 1879 legis
859 1832 950 1867 date
994 1839 1085 1866 sunt
1125 1829 1195 1866 filii
1235 1831 1422 1877 cariores,
1468 1831 1562 1879 quia

245 1890 388 1927 maiori
422 1889 634 1938 diligencia
668 1888 831 1926 Domini
867 1898 958 1925 sunt
990 1888 1132 1934 curati,
1167 1898 1210 1925 ut
1244 1898 1353 1936 patet
1386 1891 1433 1925 de
1466 1889 1561 1925 libe-

244 1948 405 1985 racione
449 1948 596 1996 Egipti,
642 1949 690 1984 de
736 1946 965 1984 municione
1015 1959 1086 1994 per
1128 1947 1262 1983 locum
1309 1947 1468 1994 deserti,
1514 1948 1562 1983 de

244 2006 508 2055 superacione
541 2005 708 2052 inimici,
743 2007 790 2042 de
814 2005 982 2042 dacione
1015 2005 1111 2053 legis
1135 2004 1261 2053 Moysi
1296 2014 1332 2042 et
1356 2006 1561 2042 defensato

189 2067 230 2099 30
245 2064 327 2101 filio
360 2064 551 2113 peculiari
586 2065 634 2101 ab
658 2063 852 2110 hostibus,
887 2065 934 2100 de
959 2062 1254 2100 hereditacione
1278 2063 1318 2099 in
1341 2072 1446 2100 terra
1470 2077 1562 2112 pro-

247 2122 448 2159 missionis
488 2132 524 2159 et
563 2122 747 2172 specialis
787 2121 1095 2170 gubernacionis
1134 2133 1204 2170 per
1237 2121 1403 2168 iudices,
1449 2135 1560 2170 reges

245 2190 283 2217 et
327 2182 557 2230 prophetas.
612 2181 756 2217 Tercio
809 2193 902 2217 vero
947 2188 1128 2228 tempore
1179 2180 1311 2227 gracie
1355 2190 1446 2217 sunt
1491 2181 1559 2216 filii

246 2239 455 2283 carissimi,
501 2239 595 2288 quia
638 2251 797 2275 summo
841 2238 978 2287 precio
1018 2237 1213 2286 unigeniti
1252 2239 1447 2275 naturalis
1490 2239 1560 2275 Dei

245 2297 314 2333 filii
354 2297 564 2346 redempti,
606 2306 643 2334 et
682 2310 770 2334 cum
814 2297 898 2345 ipse
938 2296 978 2332 in
1018 2296 1271 2333 mercacione
1309 2310 1390 2333 non
1430 2306 1560 2345 potest

189 2356 227 2389 35
243 2355 387 2403 decipi,
428 2364 538 2404 patet
577 2357 685 2404 quod
724 2364 906 2404 tempore
946 2355 1020 2391 isto
1060 2367 1196 2390 sumus
1237 2354 1306 2391 filii
1348 2355 1558 2392 carissimi.

243 2415 419 2450 Tantum
454 2413 557 2450 enim
583 2414 760 2450 valemus
784 2421 979 2462 quantum
1004 2412 1222 2449 maximum
1247 2413 1426 2461 precium
1452 2415 1559 2462 quod

244 2484 316 2519 pro
340 2471 453 2507 nobis
478 2472 579 2508 filius
604 2471 675 2508 Dei
697 2471 827 2519 solvit,
861 2471 950 2508 ideo
974 2471 1069 2507 dicit
1092 2472 1305 2519 Apostolos
1330 2472 1508 2520 Eph.V⁰‚
1527 2485 1558 2508 1:

244 2530 379 2566 Estote
410 2530 625 2567 imitatores
656 2531 740 2576 mei,
773 2530 870 2566 sicut
890 2530 972 2580 filii
1001 2528 1204 2566 carissimi.

315 2671 340 2691 2.
362 2663 436 2690 DG:
457 2663 474 2691 Ι
490 2663 585 2692 deest.
640 2664 664 2692 5.
685 2664 759 2692 DG:
780 2664 890 2701 igitur.
951 2664 979 2692 6.
1001 2663 1184 2697 simillz'mis‚·
1203 2664 1248 2691 A:
1268 2663 1388 2692 sitimus
1397 2674 1408 2697 ,·
1426 2664 1467 2691 ib.
1484 2664 1557 2691 DG:

247 2706 306 2725 non
327 2699 422 2726 deest.
496 2706 524 2732 9.
545 2699 575 2727 A
594 2699 623 2726 in
645 2707 759 2735 marg:
779 2700 805 2727 b.
880 2707 920 2727 10.
941 2700 970 2726 A
990 2699 1020 2726 in
1042 2706 1157 2733 marg:
1175 2706 1209 2733 3.
1283 2707 1317 2734 11,
1335 2707 1372 2727 12.
1389 2700 1434 2727 A:
1452 2702 1560 2734 partes

245 2736 391 2769 quatuor.
483 2734 519 2762 15.
541 2735 568 2761 A
588 2734 617 2761 in
640 2742 754 2770 marg:
782 2742 804 2761 t.
897 2734 937 2762 16.
960 2734 1002 2761 D:
1029 2733 1222 2768 implendum.
1314 2742 1352 2767 17.
1375 2734 1417 2761 D:
1441 2742 1559 2769 pucros

245 2776 370 2801 servas,-
397 2767 439 2795 G:
462 2777 560 2803 puros
579 2777 695 2796 servos.
811 2768 850 2797 18.
872 2770 901 2796 A
920 2768 950 2796 i11
972 2776 1087 2803 marga
1114 2776 1142 2796 2.
1252 2776 1292 2803 19-
1314 2768 1387 2796 DG:
1415 2772 1444 2795 e!
1463 2769 1557 2795 deest.

246 2810 292 2836 ρο,
314 2811 352 2830 21.
374 2804 417 2830 A:
446 2805 616 2836 confitetur.
741 2811 773 2831 22
794 2805 821 2831 A
842 2804 871 2831 in
895 2811 1008 2837 marg:
1034 2811 1066 2837 3.
1193 2801 1234 2830 23.
1258 2803 1329 2830 1›G:
1357 2804 1430 2839 quia
1451 2804 1557 2830 bonus.

246 2845 292 2870 24.
314 2839 342 2865 A
362 2838 391 2864 in
413 2846 527 2873 marga
548 2846 578 2865 a.
651 2837 694 2865 25.
715 2839 757 2866 D:
784 2839 814 2865 in
836 2847 922 2865 σανα.
995 2837 1041 2865 26.
1064 2839 1108 2865 A:
1140 2841 1330 2873 reparatur,-
1354 2839 1395 2865 ib.
1417 2839 1458 2865 D:
1481 2838 1555 2864 dall.

246 2880 290 2906 27.
311 2873 341 2900 A
360 2873 390 2899 in
412 2881 525 2907 marg:
547 2873 574 2899 l«,
646 2880 693 2906 20.
711 2873 783 2900 DG:
806 2873 911 2906 Moyse·
928 2873 958 2900 in
978 2872 1153 2907 defensata.
1226 2872 1271 2900 30.
1287 2873 1331 2900 G:
1353 2873 1491 2899 hostibus
1505 2873 1555 2898 ad.

246 2906 287 2935 52,
309 2908 337 2934 A
358 2907 387 2934 in
409 2915 522 2942 marga
543 2915 566 2935 c.
641 2904 682 2935 33'.
705 2908 747 2935 D:
768 2911 798 2935 et
816 2916 941 2934 summo.
1016 2907 1059 2942 37.
1082 2907 1153 2935 DG:
1176 2908 1252 2943 Eph.
1272 2907 1295 2934 V
1313 2908 1406 2935 deest.

1766 261 1844 305 463

1600 441 1669 468 (jod
1692 441 1716 468 is
1736 441 1824 468 lox-cd

1662 476 1690 503 iu
1715 476 1770 503 His

1634 515 1796 538 creaturus.

1586 1195 1686 1223 Three
1707 1203 1790 1231 ways
1812 1196 1845 1222 Μ’

1612 1231 1715 1265 loving
1736 1232 1816 1259 (jod.
