2062 3276
226 226 360 255 sERMO
381 215 462 273 ΧΠ]
703 228 896 268 QUARTA
924 228 1050 259 PARs.

225 336 371 374 tencie:
402 336 503 371 Vade
526 342 559 371 et
583 335 749 384 amplius
771 335 850 370 noli
866 346 1041 383 peccare.
1069 335 1148 369 Nec
1172 331 1536 379 legitur-Christum

226 393 438 432 absolvisse
484 395 644 429 Petrum
690 401 903 440 postquam
949 391 1152 427 Christum
1206 398 1418 437 negaverat
1471 390 1539 424 sed

225 453 356 501 ipsum
391 450 605 498 respiciens
638 452 688 486 ad
721 449 1010 486 contricionem
1052 449 1298 484 fructuosam
1340 455 1538 491 moverat,

227 520 264 547 et
296 509 352 546 sic
387 511 525 545 Petrus
560 509 828 545 convertendo
863 508 988 543 multa
1023 506 1146 542 millia
1179 514 1437 553 peccatorum
1483 511 1540 548 (ut

195 570 335 617 5patet
368 569 541 603 Actuum
576 568 622 613 ΙΙ)
670 579 750 602 non
782 565 927 613 legitur
959 565 1065 613 ipsos
1104 563 1317 600 absolvisse
1362 563 1429 598 sed
1474 574 1539 597 eos

226 625 431 675 precipere
476 624 666 673 penitere.
720 625 812 660 Ideo
866 623 963 659 ritus
1016 621 1082 659 alii
1135 622 1174 658 in
1221 619 1539 657 confessionibus

226 682 473 732 superadditi
518 695 598 718 non
651 682 883 727 fundantur,
938 682 1005 716 sed
1060 679 1173 716 multi
1227 688 1263 715 et
1315 676 1540 726 specialiter

226 741 423 790 sapientes
469 741 625 776 lucrum
671 739 879 788 proprium
926 747 1017 774 sunt
1062 736 1297 785 blasphemi.
1352 738 1399 772 Et
1432 743 1540 783 patet

227 801 349 848 quod,
382 799 483 835 sicut
517 798 720 834 confessor
752 797 909 846 ignorat
942 805 1150 844 peccatum
1187 793 1355 831 confessi
1390 792 1464 829 nisi
1498 805 1541 828 ex

175 870 212 892 ιο
227 856 465 894 narracione
498 869 582 901 sua,
618 855 672 892 sic
706 855 862 903 ignorat
896 854 1184 891 contricionem
1219 865 1330 889 suam
1356 851 1438 887 sine
1463 863 1542 898 qua

228 925 285 953 est
318 924 448 952 certus
482 915 589 963 quod
622 926 740 949 nemo
780 922 836 949 est
880 926 901 949 a
936 912 1109 948 Domino
1143 911 1361 955 absolutus,
1407 918 1444 945 et
1487 908 1542 944 sic

228 974 385 1022 ignorat
417 972 571 1021 peccati
602 971 857 1019 gravedinem
892 980 928 1007 et
961 983 1031 1018 per
1064 981 1311 1017 consequens
1345 976 1541 1016 quantum

229 1045 372 1081 penam
409 1032 525 1067 debet
559 1038 746 1078 peccator
778 1031 975 1077 adequate
1009 1028 1174 1064 sufferre
1207 1039 1279 1075 pro
1313 1024 1541 1062 commisso.

229 1092 320 1127 ldeo
354 1091 544 1126 debemus
578 1100 649 1124 nos
688 1100 844 1124 servare
890 1087 1040 1123 clavem
1085 1084 1269 1128 sciencie,
1316 1097 1396 1120 non
1441 1083 1543 1119 blas-

176 1149 458 1197 xbphemando
491 1147 550 1183 vel
583 1147 815 1194 pompando
849 1146 896 1181 de
930 1144 1079 1181 noticia
1111 1142 1233 1180 divini
1266 1141 1403 1178 iudicii
1428 1140 1543 1177 nobis

228 1205 435 1254 incogniti,
489 1204 659 1241 dicendo
704 1205 812 1252 quod
858 1203 954 1239 certi
1007 1215 1144 1238 sumus
1196 1209 1406 1249 peccatum
1461 1211 1543 1235 esse

229 1264 438 1300 dimissum
472 1263 532 1299 vel
563 1271 716 1299 tantam
749 1274 895 1309 penam
929 1274 1011 1297 esse
1045 1260 1219 1296 debitam
1254 1267 1291 1295 et
1323 1271 1403 1294 non
1426 1258 1542 1293 ultra.

230 1325 277 1358 Et
321 1322 376 1358 ita
420 1321 578 1358 videtur
622 1321 730 1368 quod
775 1320 1100 1367 quandocunque
1145 1318 1331 1354 sacerdos
1375 1315 1543 1352 absolvit

231 1380 449 1426 hominem,
484 1378 804 1415 excommunicat
837 1378 896 1413 vel
923 1378 1290 1425 quomodocunque
1314 1374 1543 1423 promulgat

175 1450 215 1471 20
231 1438 406 1475 divinam
440 1436 700 1482 sentenciam,
735 1437 851 1471 debet
878 1435 988 1483 loqui
1013 1433 1218 1470 humiliter
1241 1442 1277 1469 et
1300 1431 1544 1480 suppositive

231 1506 267 1533 et
300 1495 422 1532 nichil
453 1504 602 1531 temere
635 1493 835 1540 assertive,
869 1493 964 1541 quia
997 1492 1052 1529 sic
1084 1504 1203 1540 super
1226 1493 1309 1527 Deo
1342 1503 1413 1527 suo
1438 1502 1544 1526 com-

233 1554 407 1591 muniter
440 1552 688 1590 mentiretur.

290 1615 337 1649 Et
369 1620 477 1660 patet
510 1619 660 1659 quanta
693 1609 900 1646 clemencia
933 1618 989 1645 est
1033 1608 1208 1656 prelatos
1253 1606 1416 1643 ecclesie
1460 1615 1545 1642 tan-

231 1680 315 1708 tum
350 1678 505 1707 cecatos
538 1681 732 1717 pompare
766 1669 812 1704 de
846 1681 916 1704 sua
954 1675 1150 1715 potestate
1194 1664 1344 1713 ligandi
1389 1673 1425 1700 et
1469 1664 1545 1700 sol-

175 1728 347 1765 25vendi
380 1728 439 1764 vel
469 1737 619 1764 temere
652 1738 826 1763 asserere
860 1738 899 1761 se
933 1726 1083 1761 solvere
1117 1737 1138 1760 a
1162 1732 1340 1772 peccato,
1376 1735 1466 1759 cum
1491 1721 1545 1758 sic

230 1787 416 1835 ignorant
459 1785 633 1834 plurima
676 1786 726 1821 ad
771 1783 1015 1820 delecionem
1061 1781 1215 1831 peccati
1260 1793 1328 1817 seu
1368 1779 1545 1817 criminis

232 1844 435 1893 requisita.
480 1843 648 1879 Videtur
692 1842 818 1878 eciam
865 1843 973 1889 quod
1019 1840 1186 1889 quilibet
1238 1840 1424 1876 sacerdos
1477 1837 1544 1886 qui

232 1902 415 1940 habuerit
456 1902 580 1938 dictas
622 1902 762 1945 claves,
798 1909 1157 1948 quantumcunque
1196 1897 1374 1934 abiectus
1412 1896 1543 1939 fuerit,

232 1963 351 1998 habet
383 1968 621 2008 potestatem
656 1958 931 2006 cuiuscunque
964 1957 1112 1993 subditi
1156 1954 1398 1993 absolvendi.
1444 1957 1545 1990 Nam

177 2019 218 2052 30
233 2020 264 2056 si
298 2019 572 2056 conformatur
605 2016 769 2053 ecclesie
801 2014 1066 2064 triumphanti
1099 2014 1159 2051 vel
1198 2012 1445 2050 absolucioni
1491 2012 1547 2048 di-

232 2077 334 2124 vine,
368 2086 463 2113 tunc
496 2084 533 2112 et
565 2088 645 2112 non
679 2074 793 2111 aliter
825 2073 1004 2111 absolvit.
1052 2074 1144 2109 Ideo
1189 2072 1391 2108 confessus
1431 2072 1547 2106 debet

234 2138 281 2172 de
315 2134 553 2172 rectitudine
587 2132 835 2170 consciencie
869 2145 937 2168 sue
971 2131 1172 2168 confidere
1206 2139 1242 2166 et
1274 2143 1347 2178 pro
1380 2137 1546 2177 peccato

233 2193 397 2242 proprio
431 2192 657 2230 satisfacere
691 2200 728 2227 et
761 2203 841 2227 non
874 2190 914 2226 in
946 2189 1095 2227 vocatis
1140 2187 1464 2225 absolucionibus
1510 2196 1547 2223 et

233 2251 495 2300 indulgenciis
518 2251 635 2286 stulte
658 2261 830 2298 sperare.
856 2251 903 2285 Et
926 2256 1033 2296 patet
1053 2248 1218 2283 stultum
1239 2244 1546 2282 mercimonium

177 2309 445 2359 ³5paparum,
491 2308 771 2357 episcoporum
806 2315 842 2343 et
875 2308 1043 2343 fratrum
1078 2305 1118 2341 in
1151 2305 1236 2341 foro
1277 2304 1393 2340 huius
1438 2303 1547 2351 peni-

234 2368 376 2413 tencie,
410 2377 453 2403 ut
486 2366 649 2415 quidam
674 2374 876 2402 reservant
898 2364 970 2401 sibi
994 2372 1232 2412 potestatem
1257 2375 1278 2398 a
1302 2361 1428 2410 culpis
1448 2374 1546 2409 quas

236 2426 462 2462 desiderant
495 2424 739 2470 absolvendi,
773 2423 936 2471 quidam
962 2421 1202 2458 necessitant
1226 2421 1419 2468 populum
1444 2420 1548 2456 ultra

237 2484 363 2521 maria
396 2496 467 2532 per
498 2483 586 2519 loca
617 2482 843 2531 periculosa
875 2489 1009 2530 petere
1041 2493 1155 2516 suam
1188 2478 1437 2528 presenciam
1461 2486 1504 2514 ut
1526 2490 1548 2514 a

306 2626 334 2653 ς).
357 2617 393 2644 E:
416 2616 498 2652 quod
517 2616 616 2649 deest3
639 2616 678 2643 ib.
700 2616 726 2643 1:
749 2614 962 2650 confortniter.
1038 2614 1076 2641 18.
1098 2614 1156 2640 Al:
1178 2612 1262 2648 quod
1280 2612 1373 2639 deest.
1447 2619 1486 2639 21.
1508 2611 1547 2638 E:

236 2653 331 2680 eciam
352 2652 463 2681 nichil:
489 2652 528 2677 ib.
551 2651 592 2677 D:
614 2653 748 2683 temera,·
774 2650 813 2676 ib.
835 2649 874 2676 E:
902 2657 1055 2676 asserere.
1130 2656 1176 2681 24,
1198 2648 1240 2675 25.
1263 2647 1330 2674 DE:
1359 2646 1548 2674 absolvendi.

237 2689 282 2715 zo.
305 2688 362 2715 Al:
380 2686 503 2721 peccati
519 2694 572 2712 seu
592 2685 686 2712 deest.
790 2684 828 2712 31.
851 2684 875 2711 E
896 2684 923 2711 in
947 2692 1060 2716 marga
1083 2682 1174 2709 Nota.
1282 2682 1328 2709 36.
1350 2682 1389 2709 E:
1411 2684 1547 2708 servant.

237 2721 280 2757 37,
303 2721 500 2753 absolvendi;
519 2720 559 2747 ib.
580 2720 605 2747 D
627 2721 655 2747 in
679 2728 792 2755 marga
814 2719 847 2746 id
866 2721 911 2746 est
930 2719 984 2754 qui
1001 2718 1109 2745 dehent
1126 2717 1254 2744 absolvi.

305 2804 337 2836 8.
363 2803 546 2836 Confessio
564 2803 821 2834 Taboritarum:
850 2802 916 2833 Sed
943 2801 1047 2833 tercia
1074 2801 1267 2842 penitencia
1294 2806 1345 2831 est
1362 2804 1546 2841 aggregata

237 2862 276 2884 ex
296 2851 429 2883 duabus
448 2849 617 2893 prioribus
636 2872 644 2880 .
662 2873 669 2880 .
689 2872 696 2881 .
716 2856 748 2880 et
766 2849 807 2880 ad
827 2849 924 2879 istam
947 2871 953 2879 .
973 2871 980 2879 .
1001 2871 1008 2879 .
1028 2847 1213 2879 attenditur
1225 2850 1378 2889 propter
1393 2847 1541 2877 lucrum.

1753 215 1823 251 103,

1565 338 1670 366 Christ
1690 336 1741 365 did
1762 340 1816 364 not

1572 373 1698 399 absolve
1719 372 1815 405 l'eter,

1578 415 1634 435 nor
1654 408 1740 434 Peter
1761 406 1808 434 his

1616 445 1768 470 convcrts.

1572 741 1639 768 The
1659 742 1820 768 consessor

1563 781 1675 803 cannot
1698 777 1787 802 know
1809 784 1824 802 a

1567 811 1664 838 man's
1684 811 1743 842 sin,
1765 819 1821 837 nor

1558 846 1592 872 be
1607 854 1677 873 sure
1695 846 1830 872 whether

1569 881 1606 908 he
1626 881 1651 908 is
1672 879 1820 915 forgiven.

1568 1611 1657 1639 False
1678 1614 1834 1645 pretences

1600 1646 1634 1673 of
1653 1645 1795 1680 prelates.

1631 2191 1771 2230 Follynof

1622 2234 1778 2260 rescrvmg

1569 2262 1683 2289 certain
1704 2262 1837 2288 offences

1571 2301 1601 2324 to
1623 2305 1680 2324 one
1701 2303 1780 2331 pope
1801 2303 1836 2323 οι·

1639 2332 1762 2367 pretate.
