<?xml version="1.0" encoding="UTF-8"?>
<!DOCTYPE html PUBLIC "-//W3C//DTD XHTML 1.0 Transitional//EN"
    "http://www.w3.org/TR/xhtml1/DTD/xhtml1-transitional.dtd">
<html xmlns="http://www.w3.org/1999/xhtml" xml:lang="en" lang="en">
 <head>
  <title>
</title>
<meta http-equiv="Content-Type" content="text/html;charset=utf-8" />
  <meta name='ocr-system' content='tesseract 3.04.00' />
  <meta name='ocr-capabilities' content='ocr_page ocr_carea ocr_par ocr_line ocrx_word'/>
</head>
<body>
  <div class='ocr_page' id='page_1' title='image "./iohanniswyclifse0704wycl_0443.png"; bbox 0 0 2062 3276; ppageno 0'>
   <div class='ocr_carea' id='block_1_1' title="bbox 253 227 1080 285">
    <p class='ocr_par' dir='ltr' id='par_1_1' title="bbox 253 227 1080 285">
     <span class='ocr_line' id='line_1_1' title="bbox 253 227 1080 285; baseline 0.004 -20"><span class='ocrx_word' id='word_1_1' title='bbox 253 237 388 266; x_wconf 80' lang='lat' dir='ltr'>SERMO</span> <span class='ocrx_word' id='word_1_2' title='bbox 409 227 504 285; x_wconf 55' lang='grc' dir='ltr'>[ιν]</span> <span class='ocrx_word' id='word_1_3' title='bbox 733 240 925 279; x_wconf 70' lang='lat' dir='ltr'>QUARTA</span> <span class='ocrx_word' id='word_1_4' title='bbox 953 240 1080 271; x_wconf 73' lang='lat' dir='ltr'>PARS·</span> 
     </span>
    </p>
   </div>
   <div class='ocr_carea' id='block_1_2' title="bbox 742 423 1078 464">
    <p class='ocr_par' dir='ltr' id='par_1_2' title="bbox 742 423 1078 464">
     <span class='ocr_line' id='line_1_2' title="bbox 742 423 1078 464; baseline -0.003 0"><span class='ocrx_word' id='word_1_5' title='bbox 742 423 937 464; x_wconf 82' lang='lat' dir='ltr'>SERMO</span> <span class='ocrx_word' id='word_1_6' title='bbox 972 423 1078 463; x_wconf 87' lang='lat' dir='ltr'>LIV.</span> 
     </span>
    </p>
   </div>
   <div class='ocr_carea' id='block_1_3' title="bbox 315 516 1570 625">
    <p class='ocr_par' dir='ltr' id='par_1_3' title="bbox 315 516 1570 625">
     <span class='ocr_line' id='line_1_3' title="bbox 316 516 1411 569; baseline -0.005 -12"><span class='ocrx_word' id='word_1_7' title='bbox 316 521 570 558; x_wconf 75' lang='lat' dir='ltr'>Renovamini</span> <span class='ocrx_word' id='word_1_8' title='bbox 599 520 737 569; x_wconf 76' lang='lat' dir='ltr'>spiritu</span> <span class='ocrx_word' id='word_1_9' title='bbox 771 518 906 554; x_wconf 81' lang='lat' dir='ltr'>mentis</span> <span class='ocrx_word' id='word_1_10' title='bbox 939 525 1075 555; x_wconf 72' lang='lat' dir='ltr'>vestre.</span> <span class='ocrx_word' id='word_1_11' title='bbox 1112 517 1212 565; x_wconf 85' lang='lat' dir='ltr'>Eph.</span> <span class='ocrx_word' id='word_1_12' title='bbox 1248 518 1309 561; x_wconf 80' lang='lat' dir='ltr'>IV,</span> <span class='ocrx_word' id='word_1_13' title='bbox 1346 516 1411 552; x_wconf 81' lang='lat'>23.</span> 
     </span>
     <span class='ocr_line' id='line_1_4' title="bbox 315 574 1570 625; baseline -0.007 -8"><span class='ocrx_word' id='word_1_14' title='bbox 315 581 481 617; x_wconf 86' lang='lat' dir='ltr'>Constat</span> <span class='ocrx_word' id='word_1_15' title='bbox 520 591 564 615; x_wconf 87' lang='lat' dir='ltr'>ex</span> <span class='ocrx_word' id='word_1_16' title='bbox 596 576 829 614; x_wconf 91' lang='lat' dir='ltr'>testimonio</span> <span class='ocrx_word' id='word_1_17' title='bbox 862 575 1059 625; x_wconf 85' lang='lat' dir='ltr'>scripture</span> <span class='ocrx_word' id='word_1_18' title='bbox 1093 575 1199 612; x_wconf 85' lang='lat' dir='ltr'>Eccl.</span> <span class='ocrx_word' id='word_1_19' title='bbox 1232 576 1371 620; x_wconf 83' lang='lat' dir='ltr'>XV110‚</span> <span class='ocrx_word' id='word_1_20' title='bbox 1412 587 1421 609; x_wconf 95' lang='lat'>1</span> <span class='ocrx_word' id='word_1_21' title='bbox 1462 574 1570 621; x_wconf 88' lang='lat' dir='ltr'>quod</span> 
     </span>
    </p>
   </div>
   <div class='ocr_carea' id='block_1_4' title="bbox 1603 579 1857 607">
    <p class='ocr_par' dir='ltr' id='par_1_4' title="bbox 1603 579 1857 607">
     <span class='ocr_line' id='line_1_5' title="bbox 1603 579 1857 607; baseline -0.004 -1"><span class='ocrx_word' id='word_1_22' title='bbox 1603 579 1685 607; x_wconf 77' lang='lat' dir='ltr'>Need</span> <span class='ocrx_word' id='word_1_23' title='bbox 1708 580 1742 606; x_wconf 72' lang='lat' dir='ltr'>of</span> <span class='ocrx_word' id='word_1_24' title='bbox 1759 579 1857 606; x_wconf 73' lang='lat' dir='ltr'>man&#39;s</span> 
     </span>
    </p>
   </div>
   <div class='ocr_carea' id='block_1_5' title="bbox 1532 614 1861 649">
    <p class='ocr_par' dir='ltr' id='par_1_5' title="bbox 1532 614 1861 649">
     <span class='ocr_line' id='line_1_6' title="bbox 1532 614 1861 649; baseline -0.003 -8"><span class='ocrx_word' id='word_1_25' title='bbox 1532 631 1538 637; x_wconf 92' lang='lat'><em>·</em></span> <span class='ocrx_word' id='word_1_26' title='bbox 1594 614 1793 649; x_wconf 73' lang='lat' dir='ltr'>cooperation</span> <span class='ocrx_word' id='word_1_27' title='bbox 1815 614 1861 640; x_wconf 78' lang='lat' dir='ltr'>sor</span> 
     </span>
    </p>
   </div>
   <div class='ocr_carea' id='block_1_6' title="bbox 162 631 1578 2256">
    <p class='ocr_par' dir='ltr' id='par_1_6' title="bbox 162 631 1578 2140">
     <span class='ocr_line' id='line_1_7' title="bbox 257 631 1571 677; baseline -0.005 -3"><span class='ocrx_word' id='word_1_28' title='bbox 257 639 365 674; x_wconf 81' lang='lat' dir='ltr'>Deus</span> <span class='ocrx_word' id='word_1_29' title='bbox 404 637 550 674; x_wconf 76' lang='lat' dir='ltr'>creavit</span> <span class='ocrx_word' id='word_1_30' title='bbox 589 635 778 672; x_wconf 82' lang='lat' dir='ltr'>hominem</span> <span class='ocrx_word' id='word_1_31' title='bbox 818 643 972 671; x_wconf 91' lang='lat' dir='ltr'>rectum</span> <span class='ocrx_word' id='word_1_32' title='bbox 1012 633 1052 669; x_wconf 93' lang='lat' dir='ltr'>in</span> <span class='ocrx_word' id='word_1_33' title='bbox 1092 642 1197 670; x_wconf 90' lang='lat' dir='ltr'>statu</span> <span class='ocrx_word' id='word_1_34' title='bbox 1237 631 1485 677; x_wconf 84' lang='lat' dir='ltr'>innocencie,</span> <span class='ocrx_word' id='word_1_35' title='bbox 1531 644 1571 667; x_wconf 93' lang='lat' dir='ltr'>1n</span> 
     </span>
     <span class='ocr_line' id='line_1_8' title="bbox 224 689 1571 744; baseline -0.004 -14"><span class='ocrx_word' id='word_1_36' title='bbox 224 698 336 744; x_wconf 62' lang='lat' dir='ltr'>§quo</span> <span class='ocrx_word' id='word_1_37' title='bbox 370 695 471 732; x_wconf 83' lang='lat' dir='ltr'>sicut</span> <span class='ocrx_word' id='word_1_38' title='bbox 503 695 604 731; x_wconf 92' lang='lat' dir='ltr'>foret</span> <span class='ocrx_word' id='word_1_39' title='bbox 637 692 827 730; x_wconf 86' lang='lat' dir='ltr'>immunis</span> <span class='ocrx_word' id='word_1_40' title='bbox 860 700 1054 741; x_wconf 86' lang='lat' dir='ltr'>perpetuo</span> <span class='ocrx_word' id='word_1_41' title='bbox 1088 704 1109 728; x_wconf 91' lang='lat' dir='ltr'>a</span> <span class='ocrx_word' id='word_1_42' title='bbox 1142 699 1320 739; x_wconf 86' lang='lat' dir='ltr'>peccato,</span> <span class='ocrx_word' id='word_1_43' title='bbox 1363 689 1418 726; x_wconf 90' lang='lat' dir='ltr'>sic</span> <span class='ocrx_word' id='word_1_44' title='bbox 1452 698 1489 726; x_wconf 88' lang='lat' dir='ltr'>et</span> <span class='ocrx_word' id='word_1_45' title='bbox 1522 690 1571 725; x_wconf 83' lang='lat' dir='ltr'>ab</span> 
     </span>
     <span class='ocr_line' id='line_1_9' title="bbox 257 748 1573 801; baseline -0.005 -11"><span class='ocrx_word' id='word_1_46' title='bbox 257 753 366 790; x_wconf 91' lang='lat' dir='ltr'>omni</span> <span class='ocrx_word' id='word_1_47' title='bbox 406 765 522 801; x_wconf 88' lang='lat' dir='ltr'>pena,</span> <span class='ocrx_word' id='word_1_48' title='bbox 562 751 731 788; x_wconf 82' lang='lat' dir='ltr'>tristicia</span> <span class='ocrx_word' id='word_1_49' title='bbox 777 759 813 787; x_wconf 90' lang='lat' dir='ltr'>et</span> <span class='ocrx_word' id='word_1_50' title='bbox 851 763 873 787; x_wconf 90' lang='lat' dir='ltr'>a</span> <span class='ocrx_word' id='word_1_51' title='bbox 913 759 1054 796; x_wconf 87' lang='lat' dir='ltr'>morte,</span> <span class='ocrx_word' id='word_1_52' title='bbox 1095 751 1162 786; x_wconf 85' lang='lat' dir='ltr'>sed</span> <span class='ocrx_word' id='word_1_53' title='bbox 1202 757 1327 786; x_wconf 86' lang='lat' dir='ltr'>staret</span> <span class='ocrx_word' id='word_1_54' title='bbox 1364 760 1490 796; x_wconf 86' lang='lat' dir='ltr'>usque</span> <span class='ocrx_word' id='word_1_55' title='bbox 1523 748 1573 783; x_wconf 80' lang='lat' dir='ltr'>ad</span> 
     </span>
     <span class='ocr_line' id='line_1_10' title="bbox 260 807 1574 857; baseline -0.006 -9"><span class='ocrx_word' id='word_1_56' title='bbox 260 811 534 848; x_wconf 84' lang='lat' dir='ltr'>maturitatem</span> <span class='ocrx_word' id='word_1_57' title='bbox 574 809 614 846; x_wconf 91' lang='lat' dir='ltr'>in</span> <span class='ocrx_word' id='word_1_58' title='bbox 648 809 864 846; x_wconf 82' lang='lat' dir='ltr'>amenitate</span> <span class='ocrx_word' id='word_1_59' title='bbox 903 808 1081 857; x_wconf 82' lang='lat' dir='ltr'>paradisi</span> <span class='ocrx_word' id='word_1_60' title='bbox 1114 817 1151 844; x_wconf 91' lang='lat' dir='ltr'>et</span> <span class='ocrx_word' id='word_1_61' title='bbox 1190 816 1279 855; x_wconf 88' lang='lat' dir='ltr'>post</span> <span class='ocrx_word' id='word_1_62' title='bbox 1311 807 1414 843; x_wconf 83' lang='lat' dir='ltr'>foret</span> <span class='ocrx_word' id='word_1_63' title='bbox 1446 814 1574 842; x_wconf 88' lang='lat' dir='ltr'>trans—</span> 
     </span>
     <span class='ocr_line' id='line_1_11' title="bbox 258 863 1575 915; baseline -0.005 -9"><span class='ocrx_word' id='word_1_64' title='bbox 258 871 362 906; x_wconf 87' lang='lat' dir='ltr'>latus</span> <span class='ocrx_word' id='word_1_65' title='bbox 395 869 435 905; x_wconf 90' lang='lat' dir='ltr'>in</span> <span class='ocrx_word' id='word_1_66' title='bbox 469 869 613 915; x_wconf 85' lang='lat' dir='ltr'>celum,</span> <span class='ocrx_word' id='word_1_67' title='bbox 655 867 740 904; x_wconf 87' lang='lat' dir='ltr'>sine</span> <span class='ocrx_word' id='word_1_68' title='bbox 774 866 969 904; x_wconf 76' lang='lat' dir='ltr'>divisione</span> <span class='ocrx_word' id='word_1_69' title='bbox 1003 865 1146 903; x_wconf 89' lang='lat' dir='ltr'>mentis</span> <span class='ocrx_word' id='word_1_70' title='bbox 1181 878 1202 902; x_wconf 87' lang='lat' dir='ltr'>a</span> <span class='ocrx_word' id='word_1_71' title='bbox 1235 877 1404 913; x_wconf 90' lang='lat' dir='ltr'>corpore</span> <span class='ocrx_word' id='word_1_72' title='bbox 1436 863 1575 900; x_wconf 85' lang='lat' dir='ltr'>fuisset</span> 
     </span>
     <span class='ocr_line' id='line_1_12' title="bbox 259 920 1575 976; baseline -0.005 -12"><span class='ocrx_word' id='word_1_73' title='bbox 259 929 373 976; x_wconf 82' lang='lat' dir='ltr'>plene</span> <span class='ocrx_word' id='word_1_74' title='bbox 398 927 688 964; x_wconf 85' lang='lat' dir='ltr'>beatificandus</span> <span class='ocrx_word' id='word_1_75' title='bbox 713 939 803 963; x_wconf 90' lang='lat' dir='ltr'>cum</span> <span class='ocrx_word' id='word_1_76' title='bbox 837 925 1012 973; x_wconf 81' lang='lat' dir='ltr'>angelis3</span> <span class='ocrx_word' id='word_1_77' title='bbox 1046 926 1115 961; x_wconf 89' lang='lat' dir='ltr'>sed</span> <span class='ocrx_word' id='word_1_78' title='bbox 1138 923 1462 972; x_wconf 78' lang='lat' dir='ltr'>prevaricacione</span> <span class='ocrx_word' id='word_1_79' title='bbox 1496 920 1575 970; x_wconf 90' lang='lat' dir='ltr'>pri—</span> 
     </span>
     <span class='ocr_line' id='line_1_13' title="bbox 206 981 1575 1033; baseline -0.005 -10"><span class='ocrx_word' id='word_1_80' title='bbox 206 998 243 1018; x_wconf 90' lang='lat'>10</span> <span class='ocrx_word' id='word_1_81' title='bbox 260 999 418 1022; x_wconf 90' lang='lat' dir='ltr'>morum</span> <span class='ocrx_word' id='word_1_82' title='bbox 460 993 671 1033; x_wconf 86' lang='lat' dir='ltr'>parentum</span> <span class='ocrx_word' id='word_1_83' title='bbox 709 983 854 1020; x_wconf 90' lang='lat' dir='ltr'>meruit</span> <span class='ocrx_word' id='word_1_84' title='bbox 894 984 1016 1020; x_wconf 90' lang='lat' dir='ltr'>homo</span> <span class='ocrx_word' id='word_1_85' title='bbox 1048 981 1329 1019; x_wconf 87' lang='lat' dir='ltr'>necessitatem</span> <span class='ocrx_word' id='word_1_86' title='bbox 1371 982 1421 1017; x_wconf 88' lang='lat' dir='ltr'>ad</span> <span class='ocrx_word' id='word_1_87' title='bbox 1454 992 1575 1028; x_wconf 89' lang='lat' dir='ltr'>pena-</span> 
     </span>
     <span class='ocr_line' id='line_1_14' title="bbox 258 1038 1576 1090; baseline -0.005 -9"><span class='ocrx_word' id='word_1_88' title='bbox 258 1044 348 1081; x_wconf 86' lang='lat' dir='ltr'>liter</span> <span class='ocrx_word' id='word_1_89' title='bbox 371 1043 626 1080; x_wconf 90' lang='lat' dir='ltr'>moriendum</span> <span class='ocrx_word' id='word_1_90' title='bbox 651 1051 689 1079; x_wconf 89' lang='lat' dir='ltr'>et</span> <span class='ocrx_word' id='word_1_91' title='bbox 711 1042 858 1078; x_wconf 86' lang='lat' dir='ltr'>multas</span> <span class='ocrx_word' id='word_1_92' title='bbox 882 1053 1098 1090; x_wconf 85' lang='lat' dir='ltr'>erumpnas</span> <span class='ocrx_word' id='word_1_93' title='bbox 1121 1049 1213 1077; x_wconf 86' lang='lat' dir='ltr'>ante</span> <span class='ocrx_word' id='word_1_94' title='bbox 1238 1048 1408 1076; x_wconf 89' lang='lat' dir='ltr'>mortem</span> <span class='ocrx_word' id='word_1_95' title='bbox 1433 1038 1576 1074; x_wconf 85' lang='lat' dir='ltr'>misere</span> 
     </span>
     <span class='ocr_line' id='line_1_15' title="bbox 259 1097 1576 1151; baseline -0.005 -12"><span class='ocrx_word' id='word_1_96' title='bbox 259 1102 516 1151; x_wconf 89' lang='lat' dir='ltr'>paciendum,</span> <span class='ocrx_word' id='word_1_97' title='bbox 568 1113 705 1149; x_wconf 83' lang='lat' dir='ltr'>ymmo</span> <span class='ocrx_word' id='word_1_98' title='bbox 749 1109 878 1136; x_wconf 90' lang='lat' dir='ltr'>totum</span> <span class='ocrx_word' id='word_1_99' title='bbox 923 1112 1047 1148; x_wconf 84' lang='lat' dir='ltr'>genus</span> <span class='ocrx_word' id='word_1_100' title='bbox 1093 1097 1268 1134; x_wconf 90' lang='lat' dir='ltr'>hominis</span> <span class='ocrx_word' id='word_1_101' title='bbox 1312 1098 1401 1134; x_wconf 93' lang='lat' dir='ltr'>loco</span> <span class='ocrx_word' id='word_1_102' title='bbox 1446 1105 1576 1133; x_wconf 85' lang='lat' dir='ltr'>trans-</span> 
     </span>
     <span class='ocr_line' id='line_1_16' title="bbox 259 1154 1575 1207; baseline -0.006 -10"><span class='ocrx_word' id='word_1_103' title='bbox 259 1160 426 1198; x_wconf 85' lang='lat' dir='ltr'>lacionis</span> <span class='ocrx_word' id='word_1_104' title='bbox 471 1159 512 1196; x_wconf 93' lang='lat' dir='ltr'>in</span> <span class='ocrx_word' id='word_1_105' title='bbox 557 1160 685 1196; x_wconf 89' lang='lat' dir='ltr'>celum</span> <span class='ocrx_word' id='word_1_106' title='bbox 730 1167 936 1207; x_wconf 88' lang='lat' dir='ltr'>pateretur</span> <span class='ocrx_word' id='word_1_107' title='bbox 978 1166 1150 1193; x_wconf 87' lang='lat' dir='ltr'>tractum</span> <span class='ocrx_word' id='word_1_108' title='bbox 1196 1154 1496 1203; x_wconf 86' lang='lat' dir='ltr'>dampnabilem</span> <span class='ocrx_word' id='word_1_109' title='bbox 1535 1154 1575 1191; x_wconf 89' lang='lat' dir='ltr'>in</span> 
     </span>
     <span class='ocr_line' id='line_1_17' title="bbox 261 1214 1576 1265; baseline -0.005 -10"><span class='ocrx_word' id='word_1_110' title='bbox 261 1219 476 1265; x_wconf 86' lang='lat' dir='ltr'>infernum,</span> <span class='ocrx_word' id='word_1_111' title='bbox 509 1217 587 1254; x_wconf 88' lang='lat' dir='ltr'>nisi</span> <span class='ocrx_word' id='word_1_112' title='bbox 621 1216 804 1255; x_wconf 88' lang='lat' dir='ltr'>Christus</span> <span class='ocrx_word' id='word_1_113' title='bbox 838 1219 945 1253; x_wconf 90' lang='lat' dir='ltr'>Deus</span> <span class='ocrx_word' id='word_1_114' title='bbox 978 1224 1113 1252; x_wconf 88' lang='lat' dir='ltr'>noster</span> <span class='ocrx_word' id='word_1_115' title='bbox 1146 1222 1332 1250; x_wconf 86' lang='lat' dir='ltr'>naturam</span> <span class='ocrx_word' id='word_1_116' title='bbox 1367 1214 1521 1261; x_wconf 91' lang='lat' dir='ltr'>lapsam</span> <span class='ocrx_word' id='word_1_117' title='bbox 1555 1225 1576 1248; x_wconf 90' lang='lat' dir='ltr'>a</span> 
     </span>
     <span class='ocr_line' id='line_1_18' title="bbox 207 1271 1577 1324; baseline -0.005 -11"><span class='ocrx_word' id='word_1_118' title='bbox 207 1276 409 1314; x_wconf 84' lang='lat' dir='ltr'>15iudicio</span> <span class='ocrx_word' id='word_1_119' title='bbox 442 1275 690 1324; x_wconf 84' lang='lat' dir='ltr'>dampnabili</span> <span class='ocrx_word' id='word_1_120' title='bbox 723 1275 957 1311; x_wconf 87' lang='lat' dir='ltr'>redemisset</span> <span class='ocrx_word' id='word_1_121' title='bbox 990 1282 1027 1310; x_wconf 90' lang='lat' dir='ltr'>et</span> <span class='ocrx_word' id='word_1_122' title='bbox 1060 1274 1109 1310; x_wconf 89' lang='lat' dir='ltr'>ad</span> <span class='ocrx_word' id='word_1_123' title='bbox 1149 1281 1297 1309; x_wconf 88' lang='lat' dir='ltr'>statum</span> <span class='ocrx_word' id='word_1_124' title='bbox 1332 1271 1402 1308; x_wconf 86' lang='lat' dir='ltr'>filii</span> <span class='ocrx_word' id='word_1_125' title='bbox 1436 1283 1577 1307; x_wconf 88' lang='lat' dir='ltr'>recon-</span> 
     </span>
     <span class='ocr_line' id='line_1_19' title="bbox 162 1324 1578 1386; baseline -0.006 -14"><span class='ocrx_word' id='word_1_126' title='bbox 162 1324 448 1386; x_wconf 50' lang='lat' dir='ltr'>,qugciliassen</span> <span class='ocrx_word' id='word_1_127' title='bbox 479 1333 483 1384; x_wconf 79' lang='grc' dir='ltr'>Ῑ</span> <span class='ocrx_word' id='word_1_128' title='bbox 513 1335 591 1371; x_wconf 86' lang='lat' dir='ltr'>Sed</span> <span class='ocrx_word' id='word_1_129' title='bbox 631 1346 721 1370; x_wconf 91' lang='lat' dir='ltr'>cum</span> <span class='ocrx_word' id='word_1_130' title='bbox 761 1345 870 1369; x_wconf 87' lang='lat' dir='ltr'>nemo</span> <span class='ocrx_word' id='word_1_131' title='bbox 909 1332 1162 1369; x_wconf 76' lang='lat' dir='ltr'>coronabitur</span> <span class='ocrx_word' id='word_1_132' title='bbox 1200 1331 1274 1367; x_wconf 77' lang='lat' dir='ltr'>nisi</span> <span class='ocrx_word' id='word_1_133' title='bbox 1304 1330 1369 1379; x_wconf 84' lang='lat' dir='ltr'>qui</span> <span class='ocrx_word' id='word_1_134' title='bbox 1405 1329 1578 1380; x_wconf 82' lang='lat' dir='ltr'>legitime</span> 
     </span>
     <span class='ocr_line' id='line_1_20' title="bbox 163 1376 1577 1440; baseline -0.006 -10"><span class='ocrx_word' id='word_1_135' title='bbox 163 1376 227 1404; x_wconf 60' lang='lat'>³³0</span> <span class='ocrx_word' id='word_1_136' title='bbox 260 1393 482 1439; x_wconf 76' lang='lat' dir='ltr'>certaverit,</span> <span class='ocrx_word' id='word_1_137' title='bbox 521 1405 566 1429; x_wconf 90' lang='lat' dir='ltr'>eo</span> <span class='ocrx_word' id='word_1_138' title='bbox 600 1393 708 1440; x_wconf 89' lang='lat' dir='ltr'>quod</span> <span class='ocrx_word' id='word_1_139' title='bbox 748 1391 949 1428; x_wconf 87' lang='lat' dir='ltr'>medicina</span> <span class='ocrx_word' id='word_1_140' title='bbox 981 1388 1276 1437; x_wconf 86' lang='lat' dir='ltr'>redempcionis</span> <span class='ocrx_word' id='word_1_141' title='bbox 1309 1386 1457 1425; x_wconf 88' lang='lat' dir='ltr'>Christi</span> <span class='ocrx_word' id='word_1_142' title='bbox 1495 1399 1577 1423; x_wconf 90' lang='lat' dir='ltr'>non</span> 
     </span>
     <span class='ocr_line' id='line_1_21' title="bbox 259 1444 1577 1500; baseline -0.005 -12"><span class='ocrx_word' id='word_1_143' title='bbox 259 1450 441 1500; x_wconf 86' lang='lat' dir='ltr'>proderit</span> <span class='ocrx_word' id='word_1_144' title='bbox 478 1450 554 1486; x_wconf 87' lang='lat' dir='ltr'>nisi</span> <span class='ocrx_word' id='word_1_145' title='bbox 592 1449 816 1486; x_wconf 74' lang='lat' dir='ltr'>voluntarie</span> <span class='ocrx_word' id='word_1_146' title='bbox 860 1449 989 1497; x_wconf 85' lang='lat' dir='ltr'>ipsam</span> <span class='ocrx_word' id='word_1_147' title='bbox 1029 1446 1257 1495; x_wconf 84' lang='lat' dir='ltr'>acceptanti</span> <span class='ocrx_word' id='word_1_148' title='bbox 1295 1455 1333 1483; x_wconf 91' lang='lat' dir='ltr'>et</span> <span class='ocrx_word' id='word_1_149' title='bbox 1371 1444 1577 1482; x_wconf 86' lang='lat' dir='ltr'>humiliter</span> 
     </span>
     <span class='ocr_line' id='line_1_22' title="bbox 261 1506 1577 1558; baseline -0.005 -12"><span class='ocrx_word' id='word_1_150' title='bbox 261 1508 508 1558; x_wconf 79' lang='lat' dir='ltr'>cooperanti,</span> <span class='ocrx_word' id='word_1_151' title='bbox 532 1508 624 1545; x_wconf 88' lang='lat' dir='ltr'>ideo</span> <span class='ocrx_word' id='word_1_152' title='bbox 638 1517 765 1545; x_wconf 86' lang='lat' dir='ltr'>totam</span> <span class='ocrx_word' id='word_1_153' title='bbox 789 1507 905 1544; x_wconf 89' lang='lat' dir='ltr'>istam</span> <span class='ocrx_word' id='word_1_154' title='bbox 922 1506 1167 1544; x_wconf 80' lang='lat' dir='ltr'>sentenciam</span> <span class='ocrx_word' id='word_1_155' title='bbox 1183 1506 1400 1542; x_wconf 89' lang='lat' dir='ltr'>recordans</span> <span class='ocrx_word' id='word_1_156' title='bbox 1416 1512 1577 1540; x_wconf 86' lang='lat' dir='ltr'>sanctus</span> 
     </span>
     <span class='ocr_line' id='line_1_23' title="bbox 204 1562 1577 1617; baseline -0.007 -11"><span class='ocrx_word' id='word_1_157' title='bbox 204 1578 246 1599; x_wconf 83' lang='lat'>20</span> <span class='ocrx_word' id='word_1_158' title='bbox 260 1568 480 1617; x_wconf 89' lang='lat' dir='ltr'>Apostolus</span> <span class='ocrx_word' id='word_1_159' title='bbox 503 1566 600 1604; x_wconf 89' lang='lat' dir='ltr'>dicit</span> <span class='ocrx_word' id='word_1_160' title='bbox 632 1566 748 1603; x_wconf 90' lang='lat' dir='ltr'>nobis</span> <span class='ocrx_word' id='word_1_161' title='bbox 771 1567 892 1602; x_wconf 88' lang='lat' dir='ltr'>verba</span> <span class='ocrx_word' id='word_1_162' title='bbox 925 1564 1113 1602; x_wconf 88' lang='lat' dir='ltr'>thematis</span> <span class='ocrx_word' id='word_1_163' title='bbox 1137 1562 1424 1600; x_wconf 86' lang='lat' dir='ltr'>exhortatorie:</span> <span class='ocrx_word' id='word_1_164' title='bbox 1450 1563 1577 1598; x_wconf 84' lang='lat' dir='ltr'>Reno-</span> 
     </span>
     <span class='ocr_line' id='line_1_24' title="bbox 263 1620 1577 1675; baseline -0.005 -13"><span class='ocrx_word' id='word_1_165' title='bbox 263 1626 408 1663; x_wconf 82' lang='lat' dir='ltr'>vamini</span> <span class='ocrx_word' id='word_1_166' title='bbox 435 1625 575 1675; x_wconf 83' lang='lat' dir='ltr'>spiritu</span> <span class='ocrx_word' id='word_1_167' title='bbox 609 1625 745 1661; x_wconf 81' lang='lat' dir='ltr'>mentis</span> <span class='ocrx_word' id='word_1_168' title='bbox 785 1631 923 1661; x_wconf 73' lang='lat' dir='ltr'>vestre.</span> <span class='ocrx_word' id='word_1_169' title='bbox 965 1625 1133 1660; x_wconf 82' lang='lat' dir='ltr'>Constat</span> <span class='ocrx_word' id='word_1_170' title='bbox 1171 1621 1334 1670; x_wconf 87' lang='lat' dir='ltr'>quidem</span> <span class='ocrx_word' id='word_1_171' title='bbox 1375 1633 1419 1657; x_wconf 86' lang='lat' dir='ltr'>ex</span> <span class='ocrx_word' id='word_1_172' title='bbox 1450 1620 1577 1667; x_wconf 89' lang='lat' dir='ltr'>philo-</span> 
     </span>
     <span class='ocr_line' id='line_1_25' title="bbox 261 1678 1578 1733; baseline -0.005 -12"><span class='ocrx_word' id='word_1_173' title='bbox 261 1683 405 1733; x_wconf 90' lang='lat' dir='ltr'>sophia</span> <span class='ocrx_word' id='word_1_174' title='bbox 444 1685 552 1732; x_wconf 91' lang='lat' dir='ltr'>quod</span> <span class='ocrx_word' id='word_1_175' title='bbox 592 1682 754 1731; x_wconf 88' lang='lat' dir='ltr'>spiritus</span> <span class='ocrx_word' id='word_1_176' title='bbox 788 1683 988 1719; x_wconf 90' lang='lat' dir='ltr'>humanus</span> <span class='ocrx_word' id='word_1_177' title='bbox 1030 1690 1087 1718; x_wconf 91' lang='lat' dir='ltr'>est</span> <span class='ocrx_word' id='word_1_178' title='bbox 1119 1689 1199 1716; x_wconf 87' lang='lat' dir='ltr'>tres</span> <span class='ocrx_word' id='word_1_179' title='bbox 1237 1678 1467 1716; x_wconf 85' lang='lat' dir='ltr'>substancie</span> <span class='ocrx_word' id='word_1_180' title='bbox 1502 1691 1578 1727; x_wconf 91' lang='lat' dir='ltr'>que</span> 
     </span>
     <span class='ocr_line' id='line_1_26' title="bbox 261 1737 1576 1791; baseline -0.005 -12"><span class='ocrx_word' id='word_1_181' title='bbox 261 1750 428 1791; x_wconf 87' lang='lat' dir='ltr'>possunt</span> <span class='ocrx_word' id='word_1_182' title='bbox 452 1741 531 1778; x_wconf 89' lang='lat' dir='ltr'>dici</span> <span class='ocrx_word' id='word_1_183' title='bbox 564 1741 802 1787; x_wconf 86' lang='lat' dir='ltr'>intellectus,</span> <span class='ocrx_word' id='word_1_184' title='bbox 835 1740 1020 1777; x_wconf 86' lang='lat' dir='ltr'>voluntas</span> <span class='ocrx_word' id='word_1_185' title='bbox 1053 1748 1090 1776; x_wconf 87' lang='lat' dir='ltr'>et</span> <span class='ocrx_word' id='word_1_186' title='bbox 1120 1751 1231 1775; x_wconf 88' lang='lat' dir='ltr'>mens</span> <span class='ocrx_word' id='word_1_187' title='bbox 1256 1737 1334 1774; x_wconf 82' lang='lat' dir='ltr'>sive</span> <span class='ocrx_word' id='word_1_188' title='bbox 1369 1737 1576 1774; x_wconf 84' lang='lat' dir='ltr'>memoria.</span> 
     </span>
     <span class='ocr_line' id='line_1_27' title="bbox 260 1795 1577 1848; baseline -0.005 -12"><span class='ocrx_word' id='word_1_189' title='bbox 260 1801 396 1838; x_wconf 89' lang='lat' dir='ltr'>Voluit</span> <span class='ocrx_word' id='word_1_190' title='bbox 420 1809 554 1837; x_wconf 90' lang='lat' dir='ltr'>autem</span> <span class='ocrx_word' id='word_1_191' title='bbox 570 1800 787 1848; x_wconf 90' lang='lat' dir='ltr'>Apostolus</span> <span class='ocrx_word' id='word_1_192' title='bbox 810 1811 955 1835; x_wconf 85' lang='lat' dir='ltr'>vocare</span> <span class='ocrx_word' id='word_1_193' title='bbox 978 1798 1156 1835; x_wconf 91' lang='lat' dir='ltr'>animam</span> <span class='ocrx_word' id='word_1_194' title='bbox 1180 1795 1354 1833; x_wconf 87' lang='lat' dir='ltr'>hominis</span> <span class='ocrx_word' id='word_1_195' title='bbox 1377 1795 1577 1844; x_wconf 85' lang='lat' dir='ltr'>spiritum,</span> 
     </span>
     <span class='ocr_line' id='line_1_28' title="bbox 205 1854 1577 1908; baseline -0.005 -12"><span class='ocrx_word' id='word_1_196' title='bbox 205 1859 244 1891; x_wconf 76' lang='grc'>25</span> <span class='ocrx_word' id='word_1_197' title='bbox 262 1859 358 1908; x_wconf 90' lang='lat' dir='ltr'>quia</span> <span class='ocrx_word' id='word_1_198' title='bbox 400 1867 559 1906; x_wconf 91' lang='lat' dir='ltr'>oportet</span> <span class='ocrx_word' id='word_1_199' title='bbox 602 1859 710 1906; x_wconf 90' lang='lat' dir='ltr'>quod</span> <span class='ocrx_word' id='word_1_200' title='bbox 757 1870 779 1893; x_wconf 91' lang='lat' dir='ltr'>a</span> <span class='ocrx_word' id='word_1_201' title='bbox 812 1859 896 1893; x_wconf 93' lang='lat' dir='ltr'>Deo</span> <span class='ocrx_word' id='word_1_202' title='bbox 940 1856 1159 1904; x_wconf 89' lang='lat' dir='ltr'>inspiretur</span> <span class='ocrx_word' id='word_1_203' title='bbox 1206 1856 1256 1891; x_wconf 90' lang='lat' dir='ltr'>ad</span> <span class='ocrx_word' id='word_1_204' title='bbox 1301 1854 1421 1890; x_wconf 90' lang='lat' dir='ltr'>istam</span> <span class='ocrx_word' id='word_1_205' title='bbox 1463 1866 1577 1890; x_wconf 91' lang='lat' dir='ltr'>reno-</span> 
     </span>
     <span class='ocr_line' id='line_1_29' title="bbox 261 1911 1576 1963; baseline -0.005 -9"><span class='ocrx_word' id='word_1_206' title='bbox 261 1917 469 1954; x_wconf 76' lang='lat' dir='ltr'>vacionem</span> <span class='ocrx_word' id='word_1_207' title='bbox 505 1917 751 1953; x_wconf 87' lang='lat' dir='ltr'>causandam</span> <span class='ocrx_word' id='word_1_208' title='bbox 787 1924 823 1952; x_wconf 90' lang='lat' dir='ltr'>et</span> <span class='ocrx_word' id='word_1_209' title='bbox 857 1916 965 1963; x_wconf 89' lang='lat' dir='ltr'>quod</span> <span class='ocrx_word' id='word_1_210' title='bbox 1000 1915 1139 1950; x_wconf 85' lang='lat' dir='ltr'>devote</span> <span class='ocrx_word' id='word_1_211' title='bbox 1173 1912 1299 1961; x_wconf 86' lang='lat' dir='ltr'>spiret</span> <span class='ocrx_word' id='word_1_212' title='bbox 1323 1911 1576 1948; x_wconf 88' lang='lat' dir='ltr'>dulcedinem</span> 
     </span>
     <span class='ocr_line' id='line_1_30' title="bbox 262 1969 1577 2020; baseline -0.006 -8"><span class='ocrx_word' id='word_1_213' title='bbox 262 1976 369 2012; x_wconf 78' lang='lat' dir='ltr'>verbi</span> <span class='ocrx_word' id='word_1_214' title='bbox 405 1974 490 2011; x_wconf 88' lang='lat' dir='ltr'>Dei.</span> <span class='ocrx_word' id='word_1_215' title='bbox 535 1976 661 2011; x_wconf 89' lang='lat' dir='ltr'>Vocat</span> <span class='ocrx_word' id='word_1_216' title='bbox 704 1983 839 2010; x_wconf 88' lang='lat' dir='ltr'>autem</span> <span class='ocrx_word' id='word_1_217' title='bbox 885 1985 975 2009; x_wconf 87' lang='lat' dir='ltr'>eum</span> <span class='ocrx_word' id='word_1_218' title='bbox 1020 1971 1160 2020; x_wconf 90' lang='lat' dir='ltr'>pocius</span> <span class='ocrx_word' id='word_1_219' title='bbox 1199 1970 1386 2019; x_wconf 87' lang='lat' dir='ltr'>spiritum</span> <span class='ocrx_word' id='word_1_220' title='bbox 1434 1969 1577 2006; x_wconf 88' lang='lat' dir='ltr'>mentis</span> 
     </span>
     <span class='ocr_line' id='line_1_31' title="bbox 261 2027 1577 2082; baseline -0.005 -12"><span class='ocrx_word' id='word_1_221' title='bbox 261 2047 383 2082; x_wconf 83' lang='lat' dir='ltr'>quam</span> <span class='ocrx_word' id='word_1_222' title='bbox 407 2032 594 2081; x_wconf 90' lang='lat' dir='ltr'>spiritum</span> <span class='ocrx_word' id='word_1_223' title='bbox 618 2032 842 2068; x_wconf 86' lang='lat' dir='ltr'>intellectus</span> <span class='ocrx_word' id='word_1_224' title='bbox 865 2032 925 2068; x_wconf 79' lang='lat' dir='ltr'>vel</span> <span class='ocrx_word' id='word_1_225' title='bbox 948 2030 1127 2075; x_wconf 87' lang='lat' dir='ltr'>affectus,</span> <span class='ocrx_word' id='word_1_226' title='bbox 1162 2029 1256 2078; x_wconf 90' lang='lat' dir='ltr'>quia</span> <span class='ocrx_word' id='word_1_227' title='bbox 1280 2027 1577 2065; x_wconf 89' lang='lat' dir='ltr'>reminiscendo</span> 
     </span>
     <span class='ocr_line' id='line_1_32' title="bbox 260 2086 1576 2140; baseline -0.005 -12"><span class='ocrx_word' id='word_1_228' title='bbox 260 2101 388 2129; x_wconf 87' lang='lat' dir='ltr'>status</span> <span class='ocrx_word' id='word_1_229' title='bbox 442 2090 595 2140; x_wconf 85' lang='lat' dir='ltr'>priores</span> <span class='ocrx_word' id='word_1_230' title='bbox 648 2089 871 2127; x_wconf 88' lang='lat' dir='ltr'>contrarios</span> <span class='ocrx_word' id='word_1_231' title='bbox 923 2090 1040 2126; x_wconf 90' lang='lat' dir='ltr'>debet</span> <span class='ocrx_word' id='word_1_232' title='bbox 1093 2089 1214 2124; x_wconf 90' lang='lat' dir='ltr'>homo</span> <span class='ocrx_word' id='word_1_233' title='bbox 1267 2086 1474 2136; x_wconf 84' lang='lat' dir='ltr'>potissime</span> <span class='ocrx_word' id='word_1_234' title='bbox 1528 2087 1576 2122; x_wconf 85' lang='lat' dir='ltr'>ad</span> 
     </span>
    </p>

    <p class='ocr_par' dir='ltr' id='par_1_7' title="bbox 205 2147 1576 2256">
     <span class='ocr_line' id='line_1_33' title="bbox 205 2147 889 2198; baseline -0.003 -11"><span class='ocrx_word' id='word_1_235' title='bbox 205 2152 246 2184; x_wconf 80' lang='lat'>30</span> <span class='ocrx_word' id='word_1_236' title='bbox 261 2159 409 2187; x_wconf 89' lang='lat' dir='ltr'>statum</span> <span class='ocrx_word' id='word_1_237' title='bbox 444 2148 658 2198; x_wconf 86' lang='lat' dir='ltr'>pristinum</span> <span class='ocrx_word' id='word_1_238' title='bbox 692 2147 889 2185; x_wconf 76' lang='lat' dir='ltr'>renovari.</span> 
     </span>
     <span class='ocr_line' id='line_1_34' title="bbox 319 2203 1576 2256; baseline -0.005 -12"><span class='ocrx_word' id='word_1_239' title='bbox 319 2208 380 2244; x_wconf 89' lang='lat' dir='ltr'>Fit</span> <span class='ocrx_word' id='word_1_240' title='bbox 419 2220 513 2256; x_wconf 85' lang='lat' dir='ltr'>ergo</span> <span class='ocrx_word' id='word_1_241' title='bbox 553 2206 795 2243; x_wconf 87' lang='lat' dir='ltr'>christianus</span> <span class='ocrx_word' id='word_1_242' title='bbox 833 2219 959 2242; x_wconf 90' lang='lat' dir='ltr'>novus</span> <span class='ocrx_word' id='word_1_243' title='bbox 993 2206 1114 2242; x_wconf 92' lang='lat' dir='ltr'>homo</span> <span class='ocrx_word' id='word_1_244' title='bbox 1154 2204 1193 2240; x_wconf 88' lang='lat' dir='ltr'>in</span> <span class='ocrx_word' id='word_1_245' title='bbox 1228 2204 1377 2249; x_wconf 77' lang='lat' dir='ltr'>animo,</span> <span class='ocrx_word' id='word_1_246' title='bbox 1412 2203 1576 2251; x_wconf 87' lang='lat' dir='ltr'>quando</span> 
     </span>
    </p>
   </div>
   <div class='ocr_carea' id='block_1_7' title="bbox 1614 648 1844 676">
    <p class='ocr_par' dir='ltr' id='par_1_8' title="bbox 1614 648 1844 676">
     <span class='ocr_line' id='line_1_35' title="bbox 1614 648 1844 676; baseline -0.004 -1"><span class='ocrx_word' id='word_1_247' title='bbox 1614 649 1660 675; x_wconf 86' lang='lat' dir='ltr'>his</span> <span class='ocrx_word' id='word_1_248' title='bbox 1684 648 1844 676; x_wconf 70' lang='lat' dir='ltr'>salx-anon.</span> 
     </span>
    </p>
   </div>
   <div class='ocr_carea' id='block_1_8' title="bbox 1634 2203 1841 2277">
    <p class='ocr_par' dir='ltr' id='par_1_9' title="bbox 1634 2203 1841 2277">
     <span class='ocr_line' id='line_1_36' title="bbox 1664 2203 1794 2231; baseline 0 0"><span class='ocrx_word' id='word_1_249' title='bbox 1664 2203 1724 2231; x_wconf 70' lang='lat' dir='ltr'>W&#39;e</span> <span class='ocrx_word' id='word_1_250' title='bbox 1744 2212 1794 2231; x_wconf 82' lang='lat' dir='ltr'>are</span> 
     </span>
     <span class='ocr_line' id='line_1_37' title="bbox 1634 2239 1841 2277; baseline -0.005 -11"><span class='ocrx_word' id='word_1_251' title='bbox 1634 2239 1772 2266; x_wconf 77' lang='lat' dir='ltr'>renewed</span> <span class='ocrx_word' id='word_1_252' title='bbox 1796 2239 1841 2277; x_wconf 67' lang='lat' dir='ltr'>by¹</span> 
     </span>
    </p>
   </div>
   <div class='ocr_carea' id='block_1_9' title="bbox 262 2260 1865 2315">
    <p class='ocr_par' dir='ltr' id='par_1_10' title="bbox 262 2260 1865 2315">
     <span class='ocr_line' id='line_1_38' title="bbox 262 2260 1865 2315; baseline -0.006 -12"><span class='ocrx_word' id='word_1_253' title='bbox 262 2266 444 2315; x_wconf 86' lang='lat' dir='ltr'>deposita</span> <span class='ocrx_word' id='word_1_254' title='bbox 473 2265 729 2302; x_wconf 87' lang='lat' dir='ltr'>deformitate</span> <span class='ocrx_word' id='word_1_255' title='bbox 758 2264 911 2313; x_wconf 89' lang='lat' dir='ltr'>peccati</span> <span class='ocrx_word' id='word_1_256' title='bbox 941 2264 1131 2300; x_wconf 87' lang='lat' dir='ltr'>adulante</span> <span class='ocrx_word' id='word_1_257' title='bbox 1155 2262 1285 2298; x_wconf 89' lang='lat' dir='ltr'>induit</span> <span class='ocrx_word' id='word_1_258' title='bbox 1308 2271 1387 2297; x_wconf 82' lang='lat' dir='ltr'>tres</span> <span class='ocrx_word' id='word_1_259' title='bbox 1410 2260 1577 2297; x_wconf 82' lang='lat' dir='ltr'>virtutes</span> <span class='ocrx_word' id='word_1_260' title='bbox 1592 2275 1693 2309; x_wconf 75' lang='lat' dir='ltr'>laving</span> <span class='ocrx_word' id='word_1_261' title='bbox 1714 2274 1798 2301; x_wconf 76' lang='lat' dir='ltr'>aside</span> <span class='ocrx_word' id='word_1_262' title='bbox 1819 2282 1865 2300; x_wconf 65' lang='lat' dir='ltr'>sm</span> 
     </span>
    </p>
   </div>
   <div class='ocr_carea' id='block_1_10' title="bbox 206 2318 1577 2545">
    <p class='ocr_par' dir='ltr' id='par_1_11' title="bbox 206 2318 1577 2545">
     <span class='ocr_line' id='line_1_39' title="bbox 262 2318 1577 2372; baseline -0.005 -11"><span class='ocrx_word' id='word_1_263' title='bbox 262 2324 510 2372; x_wconf 84' lang='lat' dir='ltr'>theologicas</span> <span class='ocrx_word' id='word_1_264' title='bbox 549 2323 694 2372; x_wconf 87' lang='lat' dir='ltr'>quibus</span> <span class='ocrx_word' id='word_1_265' title='bbox 726 2335 870 2371; x_wconf 81' lang='lat' dir='ltr'>ymago</span> <span class='ocrx_word' id='word_1_266' title='bbox 909 2321 1084 2358; x_wconf 90' lang='lat' dir='ltr'>hominis</span> <span class='ocrx_word' id='word_1_267' title='bbox 1124 2322 1174 2357; x_wconf 86' lang='lat' dir='ltr'>ad</span> <span class='ocrx_word' id='word_1_268' title='bbox 1207 2321 1410 2368; x_wconf 83' lang='lat' dir='ltr'>quandam</span> <span class='ocrx_word' id='word_1_269' title='bbox 1445 2318 1577 2355; x_wconf 88' lang='lat' dir='ltr'>Trini-</span> 
     </span>
     <span class='ocr_line' id='line_1_40' title="bbox 263 2377 1577 2419; baseline -0.005 0"><span class='ocrx_word' id='word_1_270' title='bbox 263 2382 355 2419; x_wconf 90' lang='lat' dir='ltr'>tatis</span> <span class='ocrx_word' id='word_1_271' title='bbox 393 2382 698 2418; x_wconf 84' lang='lat' dir='ltr'>similitudinem</span> <span class='ocrx_word' id='word_1_272' title='bbox 732 2380 996 2417; x_wconf 86' lang='lat' dir='ltr'>imitatoriam</span> <span class='ocrx_word' id='word_1_273' title='bbox 1030 2379 1286 2416; x_wconf 87' lang='lat' dir='ltr'>reformatur.</span> <span class='ocrx_word' id='word_1_274' title='bbox 1327 2379 1375 2413; x_wconf 88' lang='lat' dir='ltr'>Et</span> <span class='ocrx_word' id='word_1_275' title='bbox 1408 2377 1480 2413; x_wconf 87' lang='lat' dir='ltr'>iste</span> <span class='ocrx_word' id='word_1_276' title='bbox 1521 2386 1577 2413; x_wconf 87' lang='lat' dir='ltr'>est</span> 
     </span>
     <span class='ocr_line' id='line_1_41' title="bbox 206 2434 1575 2488; baseline -0.005 -11"><span class='ocrx_word' id='word_1_277' title='bbox 206 2441 246 2475; x_wconf 80' lang='lat'>35</span> <span class='ocrx_word' id='word_1_278' title='bbox 263 2453 401 2477; x_wconf 90' lang='lat' dir='ltr'>sensus</span> <span class='ocrx_word' id='word_1_279' title='bbox 433 2440 629 2488; x_wconf 82' lang='lat' dir='ltr'>Apostoli.</span> <span class='ocrx_word' id='word_1_280' title='bbox 670 2439 782 2476; x_wconf 88' lang='lat' dir='ltr'>Sicut</span> <span class='ocrx_word' id='word_1_281' title='bbox 815 2448 949 2475; x_wconf 89' lang='lat' dir='ltr'>autern</span> <span class='ocrx_word' id='word_1_282' title='bbox 983 2439 1104 2474; x_wconf 92' lang='lat' dir='ltr'>homo</span> <span class='ocrx_word' id='word_1_283' title='bbox 1144 2449 1215 2485; x_wconf 84' lang='lat' dir='ltr'>per</span> <span class='ocrx_word' id='word_1_284' title='bbox 1253 2434 1575 2472; x_wconf 88' lang='lat' dir='ltr'>inobedienciam</span> 
     </span>
     <span class='ocr_line' id='line_1_42' title="bbox 264 2494 1577 2545; baseline -0.005 -10"><span class='ocrx_word' id='word_1_285' title='bbox 264 2498 406 2535; x_wconf 89' lang='lat' dir='ltr'>divinis</span> <span class='ocrx_word' id='word_1_286' title='bbox 445 2497 608 2535; x_wconf 88' lang='lat' dir='ltr'>monitis</span> <span class='ocrx_word' id='word_1_287' title='bbox 639 2498 713 2534; x_wconf 90' lang='lat' dir='ltr'>fuit</span> <span class='ocrx_word' id='word_1_288' title='bbox 751 2510 774 2534; x_wconf 89' lang='lat' dir='ltr'>a</span> <span class='ocrx_word' id='word_1_289' title='bbox 806 2496 1076 2545; x_wconf 88' lang='lat' dir='ltr'>pulcritudine</span> <span class='ocrx_word' id='word_1_290' title='bbox 1110 2494 1277 2544; x_wconf 88' lang='lat' dir='ltr'>pristina</span> <span class='ocrx_word' id='word_1_291' title='bbox 1316 2494 1577 2538; x_wconf 79' lang='lat' dir='ltr'>deformatus,</span> 
     </span>
    </p>
   </div>
   <div class='ocr_carea' id='block_1_11' title="bbox 333 2639 1580 2678">
    <p class='ocr_par' dir='ltr' id='par_1_12' title="bbox 333 2639 1580 2678">
     <span class='ocr_line' id='line_1_43' title="bbox 333 2639 1580 2678; baseline -0.005 -6"><span class='ocrx_word' id='word_1_292' title='bbox 333 2653 366 2672; x_wconf 87' lang='lat'>11.</span> <span class='ocrx_word' id='word_1_293' title='bbox 388 2644 460 2672; x_wconf 83' lang='lat' dir='ltr'>DG:</span> <span class='ocrx_word' id='word_1_294' title='bbox 483 2644 615 2672; x_wconf 82' lang='lat' dir='ltr'>miserie.</span> <span class='ocrx_word' id='word_1_295' title='bbox 682 2652 723 2678; x_wconf 83' lang='lat'>19.</span> <span class='ocrx_word' id='word_1_296' title='bbox 745 2643 819 2671; x_wconf 90' lang='lat' dir='ltr'>DG:</span> <span class='ocrx_word' id='word_1_297' title='bbox 841 2644 937 2671; x_wconf 80' lang='lat' dir='ltr'>illam.</span> <span class='ocrx_word' id='word_1_298' title='bbox 1003 2649 1045 2668; x_wconf 80' lang='lat'>22.</span> <span class='ocrx_word' id='word_1_299' title='bbox 1067 2642 1111 2670; x_wconf 73' lang='lat' dir='ltr'>A:</span> <span class='ocrx_word' id='word_1_300' title='bbox 1132 2641 1335 2668; x_wconf 58' lang='lat' dir='ltr'>subsistencia</span> <span class='ocrx_word' id='word_1_301' title='bbox 1399 2639 1441 2667; x_wconf 78' lang='lat'>23.</span> <span class='ocrx_word' id='word_1_302' title='bbox 1463 2640 1507 2667; x_wconf 88' lang='lat' dir='ltr'>A:</span> <span class='ocrx_word' id='word_1_303' title='bbox 1530 2647 1580 2666; x_wconf 85' lang='lat' dir='ltr'>vo-</span> 
     </span>
    </p>
   </div>
   <div class='ocr_carea' id='block_1_12' title="bbox 263 2689 1583 2808">
    <p class='ocr_par' dir='ltr' id='par_1_13' title="bbox 263 2689 1583 2808">
     <span class='ocr_line' id='line_1_44' title="bbox 263 2689 1579 2738; baseline -0.005 -8"><span class='ocrx_word' id='word_1_304' title='bbox 263 2704 364 2731; x_wconf 82' lang='lat' dir='ltr'>luntas</span> <span class='ocrx_word' id='word_1_305' title='bbox 384 2689 459 2731; x_wconf 62' lang='lat' dir='ltr'>vo⁶r⁴z³s</span> <span class='ocrx_word' id='word_1_306' title='bbox 479 2710 580 2734; x_wconf 49' lang='lat' dir='ltr'>menn</span> <span class='ocrx_word' id='word_1_307' title='bbox 604 2705 634 2729; x_wconf 88' lang='lat' dir='ltr'>et</span> <span class='ocrx_word' id='word_1_308' title='bbox 651 2702 745 2729; x_wconf 80' lang='lat' dir='ltr'>deest.</span> <span class='ocrx_word' id='word_1_309' title='bbox 843 2708 888 2732; x_wconf 67' lang='lat'>24·</span> <span class='ocrx_word' id='word_1_310' title='bbox 911 2703 954 2728; x_wconf 83' lang='lat' dir='ltr'>A:</span> <span class='ocrx_word' id='word_1_311' title='bbox 983 2700 1104 2738; x_wconf 57' lang='lat' dir='ltr'>spiritu.</span> <span class='ocrx_word' id='word_1_312' title='bbox 1196 2706 1241 2733; x_wconf 89' lang='lat'>27.</span> <span class='ocrx_word' id='word_1_313' title='bbox 1262 2698 1337 2726; x_wconf 88' lang='lat' dir='ltr'>DG:</span> <span class='ocrx_word' id='word_1_314' title='bbox 1363 2701 1464 2725; x_wconf 84' lang='lat' dir='ltr'>autem</span> <span class='ocrx_word' id='word_1_315' title='bbox 1485 2697 1579 2724; x_wconf 78' lang='lat' dir='ltr'>deest.</span> 
     </span>
     <span class='ocr_line' id='line_1_45' title="bbox 264 2731 1583 2772; baseline -0.005 -6"><span class='ocrx_word' id='word_1_316' title='bbox 264 2738 308 2766; x_wconf 83' lang='lat'>28.</span> <span class='ocrx_word' id='word_1_317' title='bbox 331 2738 373 2766; x_wconf 86' lang='lat' dir='ltr'>D:</span> <span class='ocrx_word' id='word_1_318' title='bbox 400 2736 629 2765; x_wconf 79' lang='lat' dir='ltr'>reminstrando</span> <span class='ocrx_word' id='word_1_319' title='bbox 651 2737 693 2771; x_wconf 73' lang='grc' dir='ltr'>(Ι).</span> <span class='ocrx_word' id='word_1_320' title='bbox 783 2735 822 2764; x_wconf 89' lang='lat'>31.</span> <span class='ocrx_word' id='word_1_321' title='bbox 844 2735 917 2764; x_wconf 84' lang='lat' dir='ltr'>DG:</span> <span class='ocrx_word' id='word_1_322' title='bbox 946 2735 1063 2772; x_wconf 56' lang='lat' dir='ltr'>ignum*</span> <span class='ocrx_word' id='word_1_323' title='bbox 1088 2735 1129 2762; x_wconf 86' lang='lat' dir='ltr'>lb.</span> <span class='ocrx_word' id='word_1_324' title='bbox 1152 2734 1195 2761; x_wconf 86' lang='lat' dir='ltr'>D:</span> <span class='ocrx_word' id='word_1_325' title='bbox 1223 2734 1315 2761; x_wconf 87' lang='lat' dir='ltr'>almo.</span> <span class='ocrx_word' id='word_1_326' title='bbox 1407 2731 1448 2760; x_wconf 78' lang='lat'>32.</span> <span class='ocrx_word' id='word_1_327' title='bbox 1469 2733 1514 2760; x_wconf 86' lang='lat' dir='ltr'>A:</span> <span class='ocrx_word' id='word_1_328' title='bbox 1540 2732 1583 2759; x_wconf 84' lang='lat' dir='ltr'>ad</span> 
     </span>
     <span class='ocr_line' id='line_1_46' title="bbox 264 2771 1028 2808; baseline -0.004 -8"><span class='ocrx_word' id='word_1_329' title='bbox 264 2772 411 2800; x_wconf 80' lang='lat' dir='ltr'>nullante.</span> <span class='ocrx_word' id='word_1_330' title='bbox 485 2771 531 2799; x_wconf 79' lang='lat'>36.</span> <span class='ocrx_word' id='word_1_331' title='bbox 554 2771 627 2799; x_wconf 89' lang='lat' dir='ltr'>DG:</span> <span class='ocrx_word' id='word_1_332' title='bbox 643 2771 803 2807; x_wconf 84' lang='lat' dir='ltr'>primaria</span> <span class='ocrx_word' id='word_1_333' title='bbox 824 2771 1028 2808; x_wconf 80' lang='lat' dir='ltr'>deformatus.</span> 
     </span>
    </p>
   </div>
   <div class='ocr_carea' id='block_1_13' title="bbox 344 2860 1580 2910">
    <p class='ocr_par' dir='ltr' id='par_1_14' title="bbox 344 2860 1580 2910">
     <span class='ocr_line' id='line_1_47' title="bbox 344 2860 1580 2910; baseline -0.006 -11"><span class='ocrx_word' id='word_1_334' title='bbox 344 2878 369 2900; x_wconf 93' lang='lat'>1.</span> <span class='ocrx_word' id='word_1_335' title='bbox 397 2868 531 2909; x_wconf 85' lang='lat' dir='ltr'>Epistle</span> <span class='ocrx_word' id='word_1_336' title='bbox 557 2866 612 2898; x_wconf 87' lang='lat' dir='ltr'>for</span> <span class='ocrx_word' id='word_1_337' title='bbox 642 2865 710 2910; x_wconf 71' lang='lat' dir='ltr'>19th</span> <span class='ocrx_word' id='word_1_338' title='bbox 735 2867 877 2909; x_wconf 82' lang='lat' dir='ltr'>Sunday</span> <span class='ocrx_word' id='word_1_339' title='bbox 904 2866 988 2897; x_wconf 84' lang='lat' dir='ltr'>after</span> <span class='ocrx_word' id='word_1_340' title='bbox 1006 2865 1151 2907; x_wconf 81' lang='lat' dir='ltr'>Trinity.</span> <span class='ocrx_word' id='word_1_341' title='bbox 1229 2862 1278 2895; x_wconf 83' lang='lat'>16.</span> <span class='ocrx_word' id='word_1_342' title='bbox 1305 2864 1344 2895; x_wconf 91' lang='lat' dir='ltr'>II.</span> <span class='ocrx_word' id='word_1_343' title='bbox 1363 2863 1455 2894; x_wconf 86' lang='lat' dir='ltr'>Tim.</span> <span class='ocrx_word' id='word_1_344' title='bbox 1483 2862 1521 2901; x_wconf 87' lang='grc' dir='ltr'>ΙΙ,</span> <span class='ocrx_word' id='word_1_345' title='bbox 1551 2860 1580 2892; x_wconf 87' lang='grc'>5.</span> 
     </span>
    </p>
   </div>
   <div class='ocr_carea' id='block_1_14' title="bbox 1600 2307 1860 2406">
    <p class='ocr_par' dir='ltr' id='par_1_15' title="bbox 1600 2307 1860 2406">
     <span class='ocr_line' id='line_1_48' title="bbox 1600 2307 1860 2344; baseline -0.004 -8"><span class='ocrx_word' id='word_1_346' title='bbox 1600 2307 1659 2336; x_wconf 80' lang='lat' dir='ltr'>aild</span> <span class='ocrx_word' id='word_1_347' title='bbox 1681 2309 1801 2344; x_wconf 75' lang='lat' dir='ltr'>putting</span> <span class='ocrx_word' id='word_1_348' title='bbox 1821 2317 1860 2335; x_wconf 89' lang='lat' dir='ltr'>on</span> 
     </span>
     <span class='ocr_line' id='line_1_49' title="bbox 1603 2344 1855 2382; baseline -0.004 -11"><span class='ocrx_word' id='word_1_349' title='bbox 1603 2345 1653 2371; x_wconf 80' lang='lat' dir='ltr'>the</span> <span class='ocrx_word' id='word_1_350' title='bbox 1673 2344 1855 2382; x_wconf 75' lang='lat' dir='ltr'>theological</span> 
     </span>
     <span class='ocr_line' id='line_1_50' title="bbox 1667 2383 1793 2406; baseline -0.008 0"><span class='ocrx_word' id='word_1_351' title='bbox 1667 2383 1793 2406; x_wconf 79' lang='lat' dir='ltr'>virtues.</span> 
     </span>
    </p>
   </div>
  </div>
 </body>
</html>
