2062 3276
235 252 371 282 semro
393 242 502 300 [νη]
721 255 912 294 QUARTA
941 256 1066 288 PARS.

235 376 375 401 norem
411 364 549 401 matris
582 372 718 401 nostre
753 362 918 399 ecclesie
942 371 1241 410 contempnere.
1277 362 1419 399 Omnis
1445 363 1550 399 enim

237 436 338 471 pena
373 422 545 458 hominis
585 431 642 458 est
680 421 849 458 nuncius
883 420 954 456 Dei
995 420 1222 456 accelerans
1262 420 1550 469 purgacionem

238 481 398 517 finalem
433 480 598 517 ecclesie
629 481 678 516 ad
703 480 897 515 honorem
922 477 1005 514 eius
1029 486 1066 514 et
1090 480 1366 515 commodum.
1401 479 1553 515 Insanis

237 538 399 587 quidem
435 548 492 575 est
526 538 593 586 qui
627 546 767 574 contra
800 539 928 573 Deum
969 546 1254 581 remurmurat,
1297 536 1389 585 quia
1423 546 1465 573 ut
1499 536 1554 574 sic

207 596 542 645 5impossibiliter
587 608 626 632 se
672 595 836 631 frustrat
881 602 1001 643 atque
1040 594 1318 642 dampnificat,
1363 594 1431 630 ubi
1471 597 1554 631 Deo

238 656 442 703 placenter
465 653 725 691 consenciens
749 652 823 689 sibi
846 652 1111 689 lucrifaceret.
1137 653 1395 688 Voluntatem
1421 661 1554 689 autem

239 713 322 749 eius
355 726 435 748 non
469 724 680 760 possumus
714 712 829 759 plene
863 711 1078 759 complere,
1119 719 1335 759 antequam
1370 711 1555 760 absorpta

237 771 285 807 sit
334 771 469 806 mortis
514 770 687 814 victoria,
733 769 895 818 quando
941 768 1162 817 attingetur
1210 777 1335 805 status
1389 767 1554 805 deificus

239 827 444 864 fruicionis
467 836 659 876 perpetue
684 829 796 864 beate
811 827 1034 869 Trinitatis,
1053 829 1214 875 quando
1238 839 1386 875 sponsa
1405 826 1553 863 Christi

187 887 288 928 10ab
333 886 443 923 omni
498 886 655 922 macula
701 895 738 922 et
783 898 881 934 ruga
930 885 1102 922 finaliter
1157 887 1355 933 depurata
1399 884 1473 921 erit
1517 884 1557 921 in

239 944 365 981 eterni
398 944 501 993 regis
535 944 765 981 cubiculum
788 945 839 980 ad
863 943 990 992 ipsius
1024 943 1127 992 regis
1161 944 1367 991 amplexus
1401 955 1557 979 summe

239 1002 455 1051 gaudiosos
489 1002 702 1051 gloriosius
735 1001 979 1038 introducta.

723 1139 917 1179 SERMO
955 1139 1081 1179 LVII.

297 1235 385 1271 Hoc
417 1247 486 1271 oro
520 1242 559 1270 ut
591 1234 736 1270 caritas
770 1242 898 1270 vestra
938 1234 1066 1284 magis
1104 1246 1149 1270 czc
1188 1234 1316 1284 magis
1353 1234 1557 1270 habundet.

188 1305 224 1337 15
242 1292 413 1341 Philipp.
449 1295 499 1338 10,
530 1305 591 1340 19.

300 1351 487 1387 Proximo
512 1350 575 1387 die
599 1350 805 1387 dominico
830 1350 1061 1387 introducta
1085 1359 1142 1386 est
1168 1349 1334 1387 materia
1358 1349 1560 1386 oracionis

241 1418 528 1458 ostensumque
553 1417 610 1445 est
643 1409 849 1457 quomodo
882 1417 1042 1457 oportet
1076 1408 1281 1445 hominem
1317 1408 1477 1456 disponi
1511 1409 1561 1444 ad

242 1469 317 1504 hoc
351 1469 459 1516 quod
492 1467 628 1503 oracio
661 1480 731 1503 sua
776 1466 825 1503 sit
863 1466 1009 1513 valida,
1057 1467 1234 1503 secundo
1275 1468 1480 1515 quomodo
1522 1466 1562 1503 in

242 1525 353 1562 omni
369 1538 489 1574 opere
503 1525 564 1561 vel
583 1525 772 1562 oracione
795 1534 933 1562 nostra
948 1526 1078 1561 honor
1094 1525 1165 1561 Dei
1190 1533 1282 1561 ante
1298 1525 1561 1561 commodum

186 1592 422 1628 mnostrum
471 1592 527 1620 est
570 1584 842 1632 preferendus.
899 1583 1096 1631 In‘cuius
1141 1583 1299 1631 signum
1350 1583 1391 1619 in
1435 1582 1562 1619 tribus

242 1641 512 1691 peticionibus
558 1642 760 1679 oracionis
806 1641 1008 1678 dominice
1058 1641 1181 1678 nichil
1227 1641 1400 1690 petimus
1447 1641 1562 1677 nobis

242 1710 449 1749 tamquam
496 1699 624 1747 nobis,
670 1702 738 1737 sed
782 1699 822 1736 id
867 1701 976 1748 quod
1016 1699 1189 1748 petimus
1229 1702 1313 1736 Deo
1353 1698 1562 1736 referimus

243 1759 442 1795 absolute:
474 1759 744 1808 Sanctificetur
767 1771 900 1794 nomen
926 1765 1030 1794 tuum
1056 1767 1127 1794 etc.
1165 1760 1206 1794 In
1231 1766 1404 1807 quatuor
1427 1766 1560 1794 autem

243 1816 511 1865 peticionibus
536 1816 704 1853 residuis
728 1816 901 1865 petimus
925 1818 1031 1852 bona
1055 1816 1167 1853 utilia
1200 1816 1316 1852 nobis
1350 1825 1560 1864 tamquam

187 1888 227 1919 „5
244 1875 378 1912 nobis:
432 1875 574 1910 Panem
620 1882 794 1911 nostrum
840 1875 1073 1910 cotidianum
1119 1875 1167 1910 da
1205 1875 1310 1910 nohis
1342 1874 1454 1910 hodie
1487 1882 1561 1910 etc.

245 1932 374 1981 Exigit
417 1941 551 1969 autem
596 1934 696 1969 ordo
730 1932 963 1969 dileccionis
1003 1933 1110 1981 quod
1150 1931 1205 1968 sic
1246 1932 1327 1978 fiat,
1369 1945 1415 1968 eo
1455 1933 1562 1980 quod

245 1991 376 2028 omnis
412 1992 588 2028 humana
622 1990 791 2027 dileccio
832 1992 948 2027 debet
987 1990 1097 2038 sequi
1142 1990 1326 2027 ordinem
1373 1989 1563 2038 diligendi

245 2063 325 2098 quo
359 2052 464 2086 Deus
498 2049 639 2097 diligit.
694 2051 799 2086 Deus
839 2058 973 2086 autem
1008 2048 1136 2097 diligit
1176 2048 1417 2096 generaliter
1463 2048 1560 2084 fines

247 2107 388 2144 melius
428 2121 548 2157 quam
590 2107 721 2144 media
760 2108 810 2144 ad
851 2108 921 2143 hos
962 2107 1071 2152 fines,
1122 2119 1167 2143 eo
1201 2108 1308 2155 quod
1343 2106 1469 2154 diligit
1503 2119 1564 2142 res

190 2175 287 2211 30ut
337 2166 415 2202 sint
466 2166 671 2211 meliores;
725 2165 814 2202 finis
860 2174 992 2201 autem
1038 2174 1095 2201 est
1142 2165 1284 2202 melior
1329 2163 1469 2201 mediis
1514 2166 1563 2201 ad

247 2225 431 2271 eundem,
480 2224 570 2261 ideo
609 2225 800 2260 debemus
841 2224 938 2260 fines
976 2223 1016 2259 in
1056 2223 1276 2260 dileccione
1321 2235 1562 2272 proponere.

307 2282 347 2319 Si
393 2292 525 2319 autem
572 2291 763 2331 queratur
808 2294 930 2330 quare
972 2284 1076 2318 Deus
1117 2281 1210 2318 facit
1256 2281 1352 2317 mihi
1399 2282 1563 2327 bonum,

251 2349 357 2388 patet
398 2342 505 2389 quod
544 2342 593 2377 ad
633 2340 752 2376 finem
794 2349 835 2376 ut
875 2339 1081 2388 perficiam
1123 2340 1332 2376 ecclesiam
1374 2352 1562 2387 sponsam

250 2398 411 2443 Christi,
451 2399 540 2435 ideo
581 2400 707 2435 debeo
746 2399 834 2446 plus
867 2397 1031 2445 diligere
1071 2398 1280 2434 ecclesiam
1320 2397 1563 2435 catholicam

192 2469 232 2501 35
250 2469 369 2505 quam
405 2458 553 2493 bonum
589 2457 803 2505 privatum,
839 2456 931 2505 quia
955 2456 1071 2492 aliter
1100 2464 1307 2505 tamquam
1332 2455 1566 2492 inobediens

252 2517 334 2551 Deo
369 2515 557 2551 difformo
590 2516 835 2552 voluntatem
873 2526 1002 2551 meam
1047 2514 1244 2550 voluntati
1277 2527 1346 2550 sue
1391 2523 1427 2550 et
1470 2522 1565 2549 tunc

251 2572 426 2609 indebite
459 2572 566 2609 dico:
600 2573 689 2609 Fiat
721 2574 899 2609 voluntas
931 2580 994 2608 tua
1027 2572 1124 2608 sicut
1157 2572 1191 2608 in
1225 2573 1304 2608 celo
1328 2579 1363 2608 et
1385 2572 1420 2607 in
1444 2579 1564 2609 terra.

328 2705 347 2728 ι.
365 2696 375 2722 1
381 2698 406 2722 i:
428 2695 528 2731 igilur
541 2699 595 2723 est.
652 2703 690 2723 12.
706 2696 762 2723 ΑΙ)
776 2706 781 2723 :
796 2696 957 2731 gloriosus
972 2695 1167 2724 introducta:
1181 2694 1254 2721 1›G:
1271 2695 1445 2723 introducta
1462 2694 1564 2722 Amen.

252 2740 292 2764 ¹!—
314 2732 358 2757 A:
381 2731 436 2758 hoc
455 2731 543 2757 horo.
618 2739 658 2766 ιι).
681 2731 723 2757 D:
745 2734 867 2761 vestra:
893 2731 932 2757 ib.
955 2731 998 2757 A:
1021 2730 1175 2765 quomodo
1196 2730 1304 2756 honor.
1378 2729 1420 2757 23.
1445 2730 1488 2756 G:
1511 2733 1565 2757 etc.

252 2766 345 2792 deest.
419 2764 464 2792 30.
486 2765 532 2793 G:
552 2769 630 2793 sunt.
704 2765 746 2793 32.
768 2765 915 2801 Azsacil
934 2765 1028 2792 deest.
1103 2764 1148 2791 56.
1172 2763 1215 2791 G:
1238 2765 1392 2792 voluntati
1407 2764 1520 2792 divine.

321 2848 352 2879 7.
379 2837 402 2868 I.
422 2837 500 2869 Cor.
517 2838 589 2877 XV,
611 2837 664 2879 54.
765 2848 813 2878 14.
840 2838 972 2879 Epistle
991 2837 1043 2868 for
1063 2835 1142 2868 22¹¹‘1
1158 2837 1299 2879 Sunday
1317 2836 1403 2868 after
1420 2837 1565 2879 Trinity.

253 2885 306 2916 23.
332 2882 451 2916 Matth.
470 2884 528 2924 Vl,
552 2894 603 2916 10.
701 2883 754 2916 25.
780 2884 825 2916 ib.
849 2894 898 2916 11.

1759 249 1837 295 443

1600 1359 1667 1387 The
1688 1359 1745 1387 last
1765 1360 1834 1386 four

1583 1395 1729 1431 petitions
1750 1394 1784 1421 of
1802 1394 1851 1421 the

1594 1430 1705 1458 Lord's
1726 1438 1836 1465 prayer

1617 1473 1667 1492 are
1687 1465 1735 1492 for
1755 1473 1812 1491 our

1665 1499 1768 1527 needs.

1588 2294 1656 2320 (jod
1679 2294 1753 2320 does
1774 2294 1854 2328 good

1602 2333 1633 2355 to
1656 2337 1690 2355 us
1711 2329 1774 2355 that
1795 2337 1840 2355 we

1582 2372 1651 2399 may
1673 2363 1731 2401 add
1755 2368 1785 2390 to
1807 2364 1855 2390 the

1609 2399 1778 2433 perfectiori
1800 2398 1835 2425 of

1618 2433 1668 2460 the
1690 2433 1828 2460 Church.
