2062 3276
293 252 428 281 SERMO
451 242 602 300 x1.v·111.]
765 248 965 297 *QUARTA
992 257 1118 289 PARS.

294 362 483 397 securior.
531 365 611 399 Nec
658 372 786 410 potest
831 376 912 399 esse
952 362 1036 398 sinc
1077 362 1223 399 Christi
1271 362 1455 399 amicicia
1496 363 1605 411 prius

295 419 430 456 habita
464 420 526 456 hic
558 421 618 456 vel
651 421 691 456 in
720 421 853 457 futuro
886 421 1020 456 seculo
1055 421 1094 456 in
1119 433 1360 468 quacunque
1394 421 1473 457 alia
1496 434 1605 457 crea-

293 486 382 514 tura
406 478 618 524 securitas3
655 491 799 525 magna
822 478 942 525 igitur
975 478 1014 514 in
1043 478 1158 514 nobis
1191 478 1421 526 ignorancie
1446 478 1604 525 cecitas,

293 548 384 572 cum
431 536 578 572 scimus
614 535 929 572 >demonstrative
975 548 1017 572 ex
1057 536 1134 572 fide
1180 536 1297 572 huius
1336 536 1523 573 Veritatis
1569 545 1605 572 et

260 599 427 631 :stamen
461 593 685 630 omittimus
718 593 902 630 ordinate
942 594 1156 642 adquirere
1194 594 1328 642 primo
1368 595 1468 630 hanc
1508 594 1607 631 ami-

293 651 433 688 ciciam
467 653 517 688 ad
550 665 671 700 quam
705 664 844 688 omnes
877 651 953 688 alie
987 661 1307 700 consequuntur3
1346 665 1467 700 quam
1509 652 1606 688 ami-

293 709 434 745 ciciam
475 709 716 746 christianus
750 722 793 746 ex
831 719 944 758 parte
976 710 1036 746 sui
1078 723 1158 746 non
1191 710 1319 746 solvat
1358 719 1395 746 et
1428 723 1509 746 non
1549 719 1606 746 est

294 767 579 815 compossibile
613 770 720 816 quod
745 780 788 804 ex
823 777 936 815 parte
959 767 1109 805 Christi
1143 768 1315 804 deficiat.
1350 770 1398 804 Et
1422 777 1478 804 est
1511 768 1606 804 satis

292 825 407 861 facile
441 834 575 862 tenere
609 828 711 862 hanc
744 826 985 871 amiciciam,
1026 826 1120 875 quia
1153 839 1232 862 non
1264 827 1353 874 plus
1387 825 1606 874 requiritur

239 883 366 921 ionisi
412 896 642 931 preservare
680 897 753 920 nos
798 897 820 920 a
866 884 1089 932 proditoria
1136 884 1468 921 confederacione
1514 897 1605 920 cum

293 941 486 987 hostibus,
533 944 750 990 pugnando
790 955 918 990 usque
963 944 1013 978 ad
1058 951 1228 978 mortem
1274 943 1314 978 in
1353 942 1474 978 armis
1512 942 1605 978 suis.

291 1000 442 1036 Omnes
476 1000 580 1036 enim
615 1001 713 1037 tales
746 1001 785 1036 in
819 1000 929 1036 finali
962 1000 1110 1037 iudicio
1145 999 1359 1037 collocabit
1392 1014 1413 1037 a
1447 1000 1605 1036 dextris.

290 1059 432 1094 Amen.

745 1172 940 1212 SERMO
971 1174 1155 1214 XLVIII.

238 1275 272 1307 15
348 1267 480 1302 Maria
514 1267 696 1316 optimam
725 1276 880 1316 partem
913 1269 1030 1319 elegit
1062 1281 1132 1317 que
1160 1281 1233 1304 non
1256 1269 1461 1317 auferetur
1481 1269 1528 1304 ab
1551 1281 1606 1304 ea.

292 1326 396 1361 Luce
428 1326 497 1371 X0‚
531 1335 596 1371 42.

347 1384 511 1419 Constat
542 1384 652 1431 quod
684 1392 767 1419 tota
799 1383 963 1420 servitus
997 1396 1076 1432 qua
1100 1384 1267 1420 ecclesia
1290 1384 1466 1421 militans
1490 1384 1608 1421 servit

289 1453 435 1489 sponso
460 1441 636 1487 ecclesie,
671 1441 859 1478 dividitur
892 1442 931 1478 in
964 1451 1043 1478 tres
1067 1451 1218 1490 partes:
1252 1442 1383 1490 prima
1411 1452 1446 1479 et
1470 1443 1609 1479 infima

289 1508 346 1535 est
378 1512 458 1547 qua
489 1498 663 1547 operarii
696 1499 865 1536 fideliter
897 1499 1072 1536 serviunt
1096 1503 1179 1536 Deo
1207 1513 1293 1547 suo,
1327 1502 1502 1537 secunda
1529 1514 1608 1549 qua

233 1575 274 1596 20
289 1558 486 1594 seculares
524 1557 715 1606 prepositi
759 1557 885 1594 active
924 1557 1095 1595 viventes
1140 1558 1310 1595 fideliter
1353 1558 1529 1596 serviunt
1568 1559 1608 1595 in

289 1615 356 1652 illo
395 1615 529 1652 officio
563 1618 645 1652 Deo
685 1628 769 1662 suo,
815 1617 883 1652 sed
921 1616 1045 1653 tercia
1085 1625 1141 1653 est
1174 1629 1254 1665 qua
1293 1617 1607 1665 contemplativi,

290 1673 515 1710 cuiusmodi
549 1675 693 1710 debent
725 1687 808 1710 esse
842 1674 973 1710 clerici
1004 1687 1026 1710 a
1055 1674 1430 1723 perturbacionibus
1468 1675 1606 1711 mundi

289 1731 413 1780 quieti
446 1731 623 1768 serviunt
654 1731 832 1768 securius
856 1734 939 1768 Deo
963 1745 1048 1768 suo.
1084 1734 1198 1769 Unde
1222 1733 1295 1770 iste
1318 1735 1394 1770 due
1420 1734 1606 1770 mulieres

290 1789 416 1826 Maria
449 1799 485 1826 et
516 1791 675 1826 Martha
708 1790 866 1838 signant
900 1792 998 1827 duas
1032 1792 1102 1827 has
1134 1791 1234 1827 vitas
1261 1791 1413 1828 scilicet
1435 1791 1604 1828 activam

234 1856 273 1887 25
290 1857 327 1884 et
371 1848 746 1896 contemplativam:
793 1857 829 1884 et
868 1847 923 1884 sic
963 1861 1052 1884 cum
1098 1849 1138 1885 in
1182 1851 1357 1886 secunda
1396 1849 1475 1886 vita
1514 1863 1607 1886 con-

289 1905 512 1954 templativi
546 1918 618 1942 non
652 1906 785 1942 dehent
817 1907 1013 1942 dominari
1042 1907 1078 1942 in
1101 1907 1206 1943 clero
1240 1913 1296 1952 (ut
1320 1909 1436 1944 docet
1470 1909 1607 1944 beatus

292 1966 430 2000 Petrus
463 1966 474 2000 I
515 1964 621 2000 Petri
653 1966 721 2011 VO,
758 1964 793 2009 3)
834 1965 902 2000 sed
941 1964 1087 2001 servire
1124 1974 1167 2001 ut
1207 1965 1305 2002 socii
1336 1966 1396 2002 vel
1437 1966 1608 2002 ministri

292 2024 348 2066 (ut
371 2023 536 2058 docetur
561 2023 667 2058 Luce
689 2023 846 2069 XX110),
881 2022 1085 2070 signanter
1117 2032 1252 2060 manet
1284 2023 1359 2060 ista
1391 2024 1610 2072 perfeccior

290 2079 371 2116 vita
403 2080 570 2128 integra,
617 2089 654 2117 et
686 2082 862 2117 secunda
894 2079 1173 2129 imperfeccior
1206 2090 1263 2118 est
1296 2081 1434 2118 divisa.
1476 2082 1610 2118 Prima

235 2146 424 2179 [zoautem
470 2151 562 2186 pars
607 2147 665 2175 est
712 2140 830 2185 bona,
877 2140 1051 2175 secunda
1091 2139 1246 2186 melior,
1285 2141 1353 2176 sed
1391 2139 1514 2176 tercia
1554 2149 1610 2177 est

291 2196 457 2244 optima,
483 2206 518 2232 et
541 2196 649 2232 illam
673 2206 826 2245 partem
852 2196 946 2233 dicit
960 2197 1115 2234 Veritas
1137 2197 1306 2234 Mariam
1329 2199 1609 2246 Magdalenam

292 2255 360 2290 sed
393 2254 654 2291 excellencius
687 2254 857 2291 Mariam
891 2264 1058 2292 matrem
1094 2255 1258 2292 Domini
1291 2256 1468 2304 elegisse.

350 2313 467 2357 Quod
501 2322 633 2349 autem
667 2312 734 2349 illa
763 2313 813 2349 sit
834 2312 1001 2360 optima,
1035 2323 1144 2362 patet
1174 2327 1217 2350 ex
1239 2314 1440 2351 sentencia
1464 2314 1609 2351 Christi

293 2369 355 2406 cui
390 2370 614 2407 discredere
648 2384 727 2407 non
760 2371 864 2415 licet,
899 2371 1126 2420 specialiter
1155 2385 1246 2408 cum
1270 2372 1502 2420 adiungitur
1526 2373 1609 2409 eius

235 2428 498 2476 3513robacio,
537 2429 639 2478 quod
676 2430 743 2465 illa
778 2442 875 2478 pars
915 2442 987 2465 non
1021 2431 1225 2479 auferetur
1256 2431 1302 2466 ab
1335 2443 1390 2467 ea.
1437 2432 1608 2467 Omnem

362 2558 381 2577 1.
409 2551 494 2579 sine:
519 2551 563 2578 A:
590 2551 661 2578 m'si.
794 2560 834 2579 ιο.
857 2553 901 2580 A:
929 2560 995 2579 cum
1016 2552 1114 2579 twice.
1250 2561 1286 2580 11.
1306 2553 1348 2580 D:
1377 2554 1518 2581 articulis
1537 2554 1609 2581 suis.

293 2584 330 2612 13.
353 2586 398 2612 A:
418 2585 511 2612 Amen
533 2586 627 2612 deest.
690 2594 732 2618 ¹4-
755 2586 778 2613 Ι)
801 2587 830 2613 in
853 2595 968 2621 marg:
992 2587 1034 2614 Dc
1053 2588 1282 2623 ,21ssumpci0na
1347 2588 1384 2616 15.
1404 2589 1479 2616 AI-I:
1501 2597 1559 2624 que
1582 2604 1610 2608 —

292 2628 328 2646 ea
351 2620 452 2652 dcest;
474 2621 516 2647 I-I:
538 2619 648 2647 Sermo
663 2621 747 2647 26118.
806 2630 843 2656 17.
859 2623 904 2649 A:
928 2623 1056 2649 Constat
1071 2623 1164 2649 deest.
1223 2631 1269 2655 20,
1286 2630 1325 2650 21.
1343 2623 1387 2650 G:
1408 2625 1610 2651 seculares—

293 2657 337 2681 est
349 2662 410 2689 qun
426 2655 520 2681 deest.
576 2663 614 2682 21.
639 2656 679 2683 h:
700 2656 754 2683 sed
773 2656 867 2683 deest.
924 2665 967 2684 22.
991 2659 1034 2684 (it
1056 2657 1142 2683 modi
1160 2657 1253 2685 deest.
1311 2658 1356 2685 28.
1379 2658 1421 2685 H:
1439 2658 1608 2694 perfeccio.

292 2697 340 2724 29.
364 2691 406 2716 Η;
428 2690 572 2716 indimtm.
646 2689 685 2721 31.
708 2690 751 2718 32.
771 2692 816 2718 A:
845 2692 1068 2727 Magdalenam
1089 2708 1122 2711 —
1142 2691 1280 2719 Mariam
1299 2693 1394 2720 deest.
1467 2693 1510 2721 32.
1533 2694 1557 2720 Ι)
1580 2693 1608 2720 in

293 2732 409 2758 marg:
443 2724 507 2751 l'z'ta
535 2726 772 2760 contemplativa
797 2727 878 2753 sicut
902 2730 933 2754 et
957 2728 1072 2754 caritas
1098 2735 1158 2754 non
1186 2727 1334 2763 aufertur
1353 2728 1410 2755 sed
1427 2728 1562 2755 manebit
1580 2729 1610 2755 in

288 2760 406 2794 patria.
480 2759 521 2786 35.
544 2760 589 2787 H:
611 2761 695 2793 ista‚·
721 2761 762 2788 ib.
783 2762 828 2789 A:
850 2761 888 2788 ab
907 2769 944 2788 ea
965 2763 1060 2788 deest.

368 2841 416 2872 ¹7·
451 2831 579 2872 Gospcl
616 2831 666 2862 for
697 2831 755 2864 the
788 2834 1026 2874 Assumption.
1067 2833 1118 2864 Cf.
1150 2833 1229 2864 Joh.
1264 2835 1348 2869 Hus,
1382 2835 1490 2866 Scrm.
1518 2818 1609 2875 (Ipp-

292 2884 378 2907 tom.
399 2878 435 2916 ΙΙ,
461 2878 627 2909 XXVIII&

1403 2938 1472 2964 033⁴?

1817 249 1894 295 387

1663 1741 1781 1768 Martha
1804 1741 1863 1768 and

1639 1776 1725 1811 Mary
1747 1781 1833 1812 types
1854 1776 1888 1802 ot*

1675 1810 1772 1838 active
1793 1811 1852 1837 and

1639 1845 1880 1907 contelmplative

1745 1881 1793 1907 ise.

1650 2323 1754 2349 Merits
1774 2322 1809 2349 of
1825 2322 1875 2350 the

1644 2358 1882 2419 contelriqglativc
