2062 3276
292 237 428 267 sermo
451 226 560 284 xxx.]
777 238 967 278 QUARTA
996 238 1121 270 PARS.
1820 232 1891 267 261

293 348 405 384 Tolle
449 345 676 394 superbiam
719 355 755 382 et
797 345 1007 382 cessabunt
1053 344 1330 391 castrimargia
1376 354 1411 380 et
1458 345 1611 382 luxuria

294 418 339 442 ac
363 417 433 453 per
457 416 704 452 consequens
734 416 853 439 omne
877 411 1087 451 peccatum
1123 402 1380 438 nominabile.
1416 403 1611 450 Superbia

293 463 399 500 enim
425 475 467 499 ex
492 464 566 500 hoc
590 464 697 511 quod
728 461 894 510 requirit
926 460 1096 496 maiores
1129 472 1319 508 expensas
1349 469 1385 496 et
1416 460 1609 496 maiorem

294 521 500 567 familiam⁷
532 533 577 558 ac
608 520 738 569 primo
769 529 806 556 et
830 518 973 555 ultimo
1005 517 1147 554 retinet
1181 531 1369 566 campum
1404 518 1611 566 pugnandi

261 585 384 617 5cum
431 579 606 625 homine,
651 577 775 626 gignit
824 589 866 614 ex
911 590 950 613 se
995 576 1132 613 omnia
1177 575 1254 612 alia
1299 575 1399 612 vicia
1439 585 1479 612 ut
1519 589 1611 612 suos

293 637 461 674 baiulos.

352 696 442 732 Ideo
490 693 755 731 saluberrima
803 694 904 730 foret
953 693 1136 730 doctrina
1184 705 1305 740 quam
1348 695 1453 728 Deus
1502 692 1611 728 dedit

293 755 467 790 humane
500 762 642 789 nature
676 753 772 788 Gen.
805 753 889 799 1110,
932 753 973 788 15
1012 752 1240 799 superando
1280 750 1491 798 antiquum
1532 762 1611 786 ser-

292 821 467 860 pentem,
501 812 609 859 quod
643 810 728 858 ipsa
761 809 893 857 primo
926 820 963 846 et
987 808 1264 858 principaliter
1296 816 1469 844 conterat
1498 817 1612 858 caput

240 882 416 915 mmmm,
461 869 555 918 quia
595 868 714 905 Eccli.
749 869 888 913 XXVs‘,
931 878 980 904 22
1023 866 1230 904 scribitur:
1278 867 1364 902 Non
1404 874 1459 902 est
1497 874 1610 915 caput

291 928 447 977 nequius
479 939 597 977 supet·
628 934 741 976 caput
775 926 936 963 colubri.
973 926 1037 963 Sic
1062 924 1167 962 enim
1193 926 1241 961 ad
1266 923 1422 961 literam
1447 936 1610 972 serpens

291 985 481 1034 precipue
531 994 662 1021 servat
715 993 848 1032 caput,
906 985 1001 1032 quia
1056 984 1184 1020 cauda
1245 982 1418 1019 abscissa
1480 983 1611 1018 adhuc

292 1053 471 1081 remanet
509 1043 620 1079 vivus
654 1043 720 1078 sed
756 1042 928 1078 contrito
969 1041 1099 1090 capite
1139 1040 1274 1077 statim
1316 1039 1498 1077 moritur.
1546 1040 1610 1077 Sic

292 1103 513 1139 secundum
548 1102 880 1149 Chrysostomum
915 1101 1008 1137 tolle
1043 1101 1117 1136 hoc
1150 1098 1298 1136 vicium
1332 1099 1380 1135 de
1413 1099 1532 1141 clero,
1566 1107 1609 1134 ut

239 1165 371 1197 15non
403 1160 527 1197 velint
566 1158 747 1196 homines
780 1171 976 1207 apparere
1009 1157 1253 1203 hominibus,
1287 1166 1324 1193 et
1357 1156 1441 1192 sine
1474 1157 1610 1193 labore

291 1218 394 1255 vicia
433 1218 510 1255 alia
549 1226 793 1254 resecantur.
841 1216 1038 1265 Superbia
1079 1215 1183 1252 enim
1225 1225 1281 1251 est
1320 1214 1610 1263 primogenitus

293 1276 512 1314 Pharaonis
536 1276 648 1313 cuius
673 1285 800 1312 morte
825 1274 894 1311 filii
920 1275 1039 1312 Israel
1071 1273 1348 1310 liberabantur
1371 1272 1494 1309 Exodi
1517 1274 1610 1318 X103

293 1344 350 1371 est
384 1335 510 1372 eciam
544 1334 680 1371 Golias
720 1346 837 1382 quem
874 1333 999 1369 David
1040 1331 1233 1382 percussit
1272 1331 1311 1367 in
1351 1332 1480 1367 fronte
1519 1343 1610 1367 cum

292 1393 423 1441 lapide
457 1402 493 1429 et
526 1393 580 1429 sic
613 1391 808 1441 prevaluit
841 1391 881 1427 in
915 1390 1145 1427 philisteum
1182 1393 1207 1426 I.
1243 1392 1336 1437 Reg.
1369 1391 1508 1425 XV110.
1547 1389 1611 1426 Sic

237 1451 399 1488 zoenim
453 1451 616 1488 confuse
665 1459 755 1486 sunt
802 1449 934 1497 lingue
987 1448 1163 1497 capitum
1217 1447 1513 1495 egrediencium
1563 1448 1610 1483 de

293 1509 447 1547 oriente
480 1510 530 1546 ad
564 1508 832 1545 edificandum
867 1507 1069 1544 civitatem
1104 1515 1140 1543 et
1173 1505 1316 1542 turrim
1352 1507 1486 1551 Babel,
1511 1507 1609 1543 Gen.

292 1570 379 1614 XIO,
417 1568 451 1604 3.
498 1568 612 1604 Unde
657 1567 876 1603 secundum
913 1564 1149 1613 Gregorium
1197 1573 1328 1601 cetera
1372 1563 1474 1600 vicia
1519 1572 1611 1599 sunt

293 1625 407 1675 quasi
440 1627 584 1662 domus
617 1625 724 1661 iuxta
757 1624 898 1661 turrim
934 1623 1006 1661 site
1030 1632 1066 1660 et
1091 1625 1139 1660 ab
1163 1636 1208 1659 ea
1232 1631 1424 1671 protecte.
1459 1623 1611 1658 Omnes

293 1684 398 1721 enim
434 1693 662 1732 peccatores
697 1683 851 1731 fingunt
885 1684 992 1730 quod
1023 1690 1180 1730 oportet
1209 1694 1274 1717 eos
1298 1680 1427 1717 vivere
1451 1679 1611 1716 honori-

237 1745 276 1778 25
294 1743 366 1779 fiee
389 1744 449 1779 vel
472 1743 660 1779 humane.
697 1742 788 1778 Ideo
822 1753 981 1777 neeesse
1006 1741 1154 1777 habent
1177 1739 1232 1776 sic
1258 1740 1407 1784 facere:
1442 1747 1478 1775 et
1502 1747 1611 1786 patet

294 1802 469 1838 secunda
503 1800 707 1837 conclusio
741 1799 848 1836 dicta
883 1800 929 1835 de
963 1798 1163 1847 superbia.

350 1858 539 1896 Tercium
564 1867 713 1897 autem.
747 1857 897 1894 scilicet
922 1857 1137 1893 difficultas
1161 1855 1383 1893 amocionis
1412 1854 1611 1903 superbie,
1628 1859 1716 1887 Pride
1739 1859 1764 1886 is
1781 1859 1855 1886 hard
1872 1863 1902 1886 tt·

295 1930 338 1954 ex
371 1918 445 1953 hoc
479 1926 588 1965 patet
622 1917 728 1964 quod
763 1916 847 1964 ipsa
889 1916 1007 1951 habet
1047 1916 1195 1950 bonum
1237 1926 1335 1962 pure
1375 1912 1612 1949 naturaliter
1645 1931 1675 1957 ai
1698 1902 1886 1957 {Jgffiffigjts

295 1974 557 2012 desiderabile
598 1988 670 2023 pro
708 1974 865 2010 obiecto
909 1974 1016 2021 quod
1058 1982 1114 2009 est
1153 1973 1329 2009 humana
1376 1970 1613 2008 excellencia
1646 1963 1883 2027 Obiiieecrbssealsveesin

237 2038 279 2070 30
294 2047 415 2082 quam
455 2032 585 2070 omnis
625 2034 747 2069 homo
788 2033 904 2068 debet
946 2031 1183 2068 naturaliter
1222 2039 1424 2079 appetere.
1470 2029 1614 2065 Deficit
1675 2034 1858 2070 legitimare,-

294 2101 428 2129 autem
462 2091 501 2127 in
537 2092 656 2127 modo
690 2092 750 2127 vel
783 2089 922 2126 ordine
956 2089 1186 2137 appetendi,
1233 2098 1269 2125 et
1311 2089 1400 2124 ideo
1435 2097 1491 2124 est
1524 2099 1614 2135 pec-

294 2159 448 2196 catum3
481 2151 588 2186 unde
611 2149 711 2186 sicut
747 2148 893 2185 milites
927 2148 1064 2184 volunt
1098 2146 1220 2184 videri
1256 2147 1376 2183 fortes
1411 2155 1447 2182 et
1482 2145 1613 2182 clerici

293 2208 506 2257 sapientes,
560 2207 615 2244 sic
663 2207 789 2244 sancti
839 2215 1055 2255 postquam
1106 2206 1339 2253 fugaverant
1389 2204 1465 2241 alia
1513 2203 1613 2240 vicia

294 2266 470 2316 superati
504 2275 595 2303 sunt
628 2274 862 2313 surrepente
896 2264 1003 2301 inani
1039 2264 1177 2312 gloria.

365 2445 384 2464 1.
401 2437 442 2463 D:
464 2436 612 2465 cessabit:
631 2436 670 2463 ib¹
687 2435 804 2463 Codd.:
827 2439 854 2462 e!
866 2443 924 2470 per
937 2441 1126 2470 consequens
1141 2434 1280 2461 luxuria.
1344 2441 1368 2460 2.
1385 2432 1429 2460 H:
1452 2433 1615 2460 nmninale⁴

295 2479 333 2499 12.
355 2471 398 2499 H:
419 2474 449 2498 et
466 2471 577 2498 cauda.
642 2469 678 2498 13.
700 2470 774 2498 DG:
795 2471 881 2497 vivus
901 2470 996 2497 deest.
1060 2477 1101 2502 14-
1124 2468 1197 2496 DH:
1219 2476 1237 2495 a
1258 2468 1352 2495 clero.
1410 2469 1450 2495 16.
1472 2467 1516 2495 H:
1540 2467 1617 2494 enim

295 2506 388 2533 deest.
464 2514 502 2540 17·
522 2505 596 2533 AH:
619 2506 661 2533 ad
679 2506 764 2533 cuius
783 2508 909 2533 mortem
932 2525 1031 2532 .....
1054 2503 1237 2531 liberantur.
1314 2503 1353 2530 18.
1375 2504 1420 2530 A:
1442 2505 1489 2530 est
1505 2505 1616 2529 autem.

295 2548 333 2568 21.
357 2540 428 2568 DG:
456 2540 608 2568 civitatem
629 2544 657 2567 et
676 2540 770 2568 deest.
852 2538 894 2566 23.
918 2540 960 2566 G:
989 2541 1060 2566 sita.
1146 2546 1192 2573 21),
1214 2537 1259 2566 30.
1287 2538 1332 2565 H:
1360 2537 1566 2565 desiderabile
1585 2553 1618 2556 —

295 2575 383 2603 homo
404 2576 499 2602 deest.
555 2574 594 2603 31.
614 2575 658 2602 H:
679 2578 780 2602 autem
799 2575 931 2602 amacio.
995 2573 1037 2601 32.
1060 2572 1105 2599 G:
1128 2573 1212 2600 cleri.
1276 2572 1322 2607 34.
1345 2572 1388 2600 G:
1411 2576 1619 2607 surrepenta:

296 2609 338 2638 H:
358 2610 557 2646 sut-repenti:
583 2610 624 2637 ib.
646 2610 688 2637 D:
710 2618 803 2637 vana.

370 2739 395 2760 1.
423 2728 676 2769 Castrimargia,
703 2728 804 2768 gulae
831 2727 1122 2769 concupiscentia,
1152 2727 1220 2759 vid.
1249 2727 1302 2757 1)u
1330 2727 1447 2767 Gange
1476 2726 1511 2766 11,
1536 2735 1612 2767 227.

300 2786 350 2816 14,
377 2776 410 2807 S.
435 2774 513 2806 Joh.
540 2774 794 2817 Chrysostomi‚
821 2775 858 2805 In
884 2773 1004 2805 Matth.
1032 2774 1134 2804 Hom.
1164 2773 1255 2804 LXV
1281 2772 1339 2813 (al.
1360 2773 1493 2813 LXVI).
1521 2773 1613 2813 Opp.

293 2821 459 2860 tom.VII,
479 2822 543 2863 733
564 2822 612 2861 (et
630 2821 786 2862 passim).
885 2829 937 2851 22.
964 2821 998 2851 S.
1019 2820 1173 2861 Gregorii
1194 2819 1378 2850 Moralium
1397 2818 1455 2850 lib.
1475 2819 1612 2850 XXXIV

295 2870 329 2901 in
356 2878 429 2911 cap.
455 2868 529 2900 XLI
557 2867 645 2900 beati
672 2866 737 2898 Job
764 2868 857 2911 Opp.
884 2874 969 2898 tom.
997 2867 1019 2899 Ι,
1045 2867 1128 2909 1137
1157 2872 1189 2897 et
1215 2866 1257 2897 al.
