2062 3276
166 258 243 294 316
705 266 928 298 JOHANNIS
947 265 1132 296 WYCLIF
1151 264 1407 296 SERMONUM
1424 250 1575 307 [SERMO
1592 260 1759 288 XXXVlll-

452 374 730 421 oppositorum
778 374 915 409 eadem
967 382 1024 409 est
1077 371 1300 420 disciplina,
1346 371 1436 407 ideo
1489 369 1618 406 dicam
1672 378 1762 419 post

453 433 605 468 detesta
634 429 637 484 Ι
667 431 821 468 cionem
862 430 1047 479 superbie
1086 430 1292 479 quomodo
1336 428 1541 465 humilitas
1581 437 1639 464 cst
1679 407 1859 494 ani-13:3⁶c

453 491 678 538 plectenda.
726 492 814 538 Ipsa
853 489 957 525 enim
998 498 1056 525 est
1094 487 1310 536 disposicio
1355 488 1403 523 ad
1443 478 1818 535 impugnandum‘*

452 547 714 595 spiritualiter
746 559 886 584 omnes
919 548 1065 583 hostes.
1112 548 1224 582 Patet
1257 545 1332 582 sic:
1373 547 1500 581 Nemo
1540 544 1762 582 devincitur

452 605 525 641 nisi
559 605 746 654 superbia
778 614 1069 654 prosternatur,
1103 606 1171 641 sed
1202 616 1295 640 vera
1328 602 1533 639 humilitas
1567 602 1795 651 repugnat5

452 664 650 712 superbie,
675 676 768 712 ergo
782 676 875 700 vera
899 662 1104 699 humilitas
1129 671 1186 699 est
1209 671 1339 698 tutum
1363 669 1519 697 scutum
1543 660 1762 697 invasis-um

452 731 590 758 contra
623 721 788 758 insidias
823 730 859 757 et
893 721 1068 758 cautelas
1107 719 1377 768 spiritualium
1419 719 1606 755 hostium.
1650 719 1763 755 Unde

452 780 553 816 sicut
586 780 716 828 prima
757 779 899 815 mulier
938 781 1018 815 Eva
1058 778 1326 826 superbiendo
1365 777 1603 814 intoxicarat
1641 788 1764 824 genus

453 839 689 883 humanum,
723 837 780 873 sic
803 838 977 873 secunda
1011 836 1154 872 mulier
1177 845 1339 872 econtra
1372 834 1621 871 humiliando
1654 847 1695 871 se
1728 843 1765 870 et

452 895 683 943 recipiendo
717 894 962 932 contrarium
987 896 1069 931 Ave
1102 895 1325 931 salvaverat
1348 906 1471 942 genus
1503 906 1633 939 suum,
1659 894 1763 928 Luce
1783 903 1822 924 10

452 956 500 999 1⁰,
538 954 607 990 38:
641 954 743 990 Ecce
774 954 914 989 ancilla
947 953 1119 999 Domini,
1140 952 1219 1002 fiat
1252 952 1346 988 mihi
1374 952 1582 987 secundum
1607 951 1763 987 verbum

452 1020 570 1047 tuum.
605 1013 653 1048 Et
686 1011 741 1048 sic
774 1011 1022 1047 verificatum
1059 1020 1116 1047 est
1149 1010 1246 1046 illud
1282 1011 1379 1046 Gen.
1405 1011 1488 1055 1110,
1521 1010 1563 1046 15
1601 1008 1763 1045 diabolo

453 1069 816 1106 communicatum:
850 1070 938 1119 Ipsa
972 1076 1142 1105 conteret
1174 1076 1288 1118 caput
1320 1076 1440 1111 tuum,
1474 1067 1513 1103 id
1548 1076 1618 1111 est,
1651 1078 1764 1103 sexus

453 1128 658 1164 muliebris
692 1128 811 1164 elidet
844 1126 1072 1176 superbiam
1101 1139 1176 1175 que
1211 1135 1267 1163 est
1300 1125 1429 1162 toxica
1463 1124 1645 1173 capitalis
1677 1124 1763 1161 illa-

453 1198 604 1234 queans
638 1195 882 1234 peccatores.
1783 1181 1820 1213 15

199 1250 332 1277 Prtdeis
354 1250 403 1293 the
511 1244 646 1280 Primo
680 1257 774 1292 ergo
808 1243 1021 1280 dicendum
1058 1252 1114 1279 est
1148 1243 1243 1291 quid
1277 1251 1335 1278 est
1366 1241 1553 1289 superbia
1593 1250 1629 1276 et
1669 1248 1766 1288 quot

170 1290 431 1346 jnoffiffitffiessve
453 1311 544 1338 sunt
568 1302 719 1350 species
743 1302 839 1347 eius,
864 1310 906 1337 ut
931 1301 1090 1338 caucius
1115 1309 1314 1338 caveatur.
1339 1300 1524 1336 Secundo
1546 1299 1766 1346 detegenda

206 1355 395 1417 ῗξζέῗιῗεὲἓρη
454 1369 511 1396 est
545 1359 627 1396 eius
663 1359 823 1397 malicia
856 1369 892 1396 et
925 1368 1074 1408 quante
1107 1359 1156 1395 sit
1189 1361 1272 1395 Deo
1306 1357 1480 1401 odibilis,
1513 1356 1638 1393 tercio
1670 1368 1765 1392 vero

454 1418 682 1454 ostenditur
720 1418 804 1454 eius
843 1430 958 1466 pena.
1004 1420 1071 1453 Est
1111 1426 1245 1454 autem
1285 1415 1472 1464 superbia
1512 1414 1764 1451 inordinatus

454 1489 568 1513 amor
602 1486 783 1513 creature
816 1476 1029 1513 racionalis
1063 1477 1111 1512 ad
1146 1474 1353 1524 propriam
1388 1472 1683 1510 excellenciam.
1723 1474 1765 1508 In
1781 1480 1823 1502 20

457 1536 531 1571 hoc
578 1535 742 1583 quidem
788 1544 879 1571 actu
924 1533 1106 1570 consistit
1157 1533 1319 1581 quidam
1373 1532 1551 1568 defectus
1594 1530 1662 1578 qui
1708 1538 1766 1566 est

453 1601 662 1641 peccatum
697 1592 933 1639 formaliter,
974 1601 1016 1628 ut
1051 1591 1204 1640 primus
1237 1591 1400 1638 angelus
1433 1589 1559 1626 voluit
1593 1591 1675 1624 Deo
1709 1588 1766 1623 in-

455 1652 639 1687 consulto
686 1652 832 1687 habere
877 1649 1157 1686 excellenciam
1203 1661 1279 1697 que
1319 1661 1392 1696 pro
1437 1657 1529 1684 tunc
1574 1659 1655 1683 non
1694 1645 1767 1681 fuit

454 1709 527 1745 sibi
561 1708 814 1745 conveniens.
849 1709 897 1744 Et
929 1708 985 1744 sic
1019 1717 1076 1744 est
1110 1709 1157 1743 de
1180 1706 1360 1756 quolibet
1384 1705 1451 1754 qui
1476 1714 1615 1741 contra
1639 1706 1763 1751 legem

454 1767 524 1803 Dei
565 1767 716 1815 aspirat
748 1769 797 1803 ad
831 1775 979 1803 statum
1019 1766 1080 1802 vel
1126 1766 1276 1802 bonum
1315 1763 1493 1812 aliquod,
1540 1761 1763 1811 postposita
1785 1760 1823 1792 25

453 1826 538 1872 lege
563 1825 711 1862 Christi
744 1834 781 1861 et
804 1824 922 1860 sicin
946 1837 1086 1861 amore
1117 1824 1178 1860 vel
1212 1822 1431 1871 cupiditate
1463 1821 1557 1857 boni
1590 1819 1766 1856 indebite

455 1882 627 1919 affectati
662 1883 842 1919 consistit
874 1882 1075 1931 superbia.

184 1946 401 1993 ,This->hexis
514 1942 583 1977 Est
634 1950 767 1977 autem
819 1940 960 1989 triplex
1007 1940 1194 1988 superbia
1245 1939 1464 1975 secundum
1513 1935 1764 1983 Gregorium,

182 1983 417 2044 Hicnuigffxssiniw
456 1998 586 2047 prima
619 2001 781 2046 quando
838 1999 926 2048 quis
970 2000 1117 2034 bonum
1165 1998 1272 2045 quod
1312 1997 1430 2032 habet
1470 1994 1632 2031 ascribit
1672 2005 1766 2029 con-

171 2049 435 2115 c¹fefi¹i¹tss¹g³si¹¹JJflfiI
458 2057 640 2105 dignitati
674 2057 850 2106 proprie,
889 2070 971 2094 non
1005 2057 1179 2092 referens
1212 2058 1296 2091 Deo
1330 2054 1467 2090 laudes
1506 2065 1549 2089 ex
1582 2050 1765 2100 gracioso
1782 2052 1823 2084 30

165 2122 190 2147 is
211 2122 295 2156 agift
314 2123 439 2150 ofGod.
457 2117 563 2152 dono
595 2129 667 2152 suo
701 2115 920 2163 recognito.
954 2117 1002 2150 Et
1035 2115 1108 2150 ista
1141 2122 1198 2149 est
1221 2125 1313 2149 ceca
1335 2111 1535 2160 superbia,
1570 2123 1659 2146 cum
1694 2121 1765 2144 non

454 2186 586 2209 sumus
617 2174 851 2223 sufficientes
882 2173 1059 2223 cogitare
1090 2172 1236 2220 aliquid
1266 2184 1287 2206 a
1311 2170 1418 2206 mihis
1440 2169 1550 2218 quasi
1579 2179 1630 2204 ex
1662 2167 1766 2202 nobis

455 2233 499 2267 ll.
524 2233 615 2267 Cor.
640 2234 725 2277 1110,
754 2232 788 2275 5,
820 2244 957 2278 ymmo
991 2230 1121 2266 omnis
1145 2238 1328 2265 creatura
1361 2239 1532 2275 operans
1565 2235 1621 2262 est
1652 2237 1765 2261 serra

456 2289 540 2335 Dei,
574 2291 664 2326 Ysa.
698 2291 766 2333 XO,
798 2291 858 2334 15,
892 2290 958 2325 sed
993 2297 1150 2325 constat
1183 2288 1291 2335 quod
1329 2284 1498 2321 serranti
1531 2284 1592 2319 vel
1630 2281 1765 2330 opifici

455 2347 504 2383 sit
544 2348 631 2383 laus
671 2356 707 2384 et
747 2349 876 2384 honor
914 2345 1193 2395 principaliter
1232 2344 1480 2380 tribuendus.
1528 2340 1764 2378 Consideret
1782 2340 1821 2373 35

455 2418 548 2453 ergo
581 2405 710 2442 viator
742 2404 947 2454 propriam
984 2403 1300 2440 imbecillitatem
1341 2415 1363 2438 a
1395 2413 1473 2449 qua
1515 2406 1765 2447 processerat

456 2476 526 2511 per
559 2472 715 2499 uterum
751 2473 975 2500 maternum
1011 2471 1131 2511 atque
1160 2461 1360 2498 cunabula
1393 2471 1435 2495 ex
1460 2457 1531 2494 Dei
1562 2455 1764 2493 adiutorio

455 2521 586 2557 dantis
631 2521 704 2558 sibi
749 2520 962 2558 naturalia.
1008 2522 1056 2556 Et
1099 2520 1249 2557 videbit
1287 2520 1394 2568 quod
1434 2514 1624 2564 quicquid
1670 2512 1765 2549 boni

525 2651 549 2671 2.
570 2644 613 2671 A:
641 2647 685 2670 es!
704 2644 799 2670 deest.
885 2652 910 2678 7.
933 2643 974 2670 13:
1002 2642 1050 2669 hic
1069 2641 1197 2669 insidias
1217 2642 1360 2668 cautelas,
1443 2648 1484 2668 10.
1506 2639 1548 2667 H:
1575 2635 1765 2666 contrarium

455 2679 529 2705 eim.
587 2687 620 2707 11.
638 2686 674 2705 12.
696 2677 816 2712 Htstat
833 2693 865 2697 —
885 2682 966 2705 [uum
988 2677 1082 2704 deest.
1145 2676 1182 2704 13.
1202 2677 1246 2703 A:
1267 2679 1417 2703 conterat.
1480 2683 1520 2707 ¹1·
1543 2673 1584 2700 Η;
1607 2676 1653 2699 est
1663 2671 1763 2710 ⁴deest.

456 2714 491 2740 ιζ’.
509 2713 563 2739 l)(}
577 2723 581 2739 :
604 2721 663 2747 qua
678 2714 803 2748 (aqueas
814 2723 822 2738 :
845 2713 869 2740 Η
882 2722 888 2738 t
909 2716 1017 2739 contra
1032 2713 1157 2747 laquens
1169 2711 1352 2746 peccatoris.
1419 2711 1460 2737 10.
1476 2709 1517 2736 ll:
1540 2708 1642 2735 Primo
1656 2708 1764 2745 zgttur.

457 2748 494 2774 18.
518 2749 561 2774 A:
588 2750 715 2782 quanta.
814 2755 854 2781 19.
876 2747 900 2774 Ι)
923 2748 951 2774 in
973 2755 1086 2780 marga
1113 2746 1275 2781 Supoerbia.
1372 2752 1414 2772 22.
1436 2744 1508 2772 DG:
1539 2742 1618 2770 unde
1648 2747 1764 2767 ⁶rmms.

456 2783 498 2808 28.
522 2782 545 2809 Ι)
567 2782 595 2809 in
619 2790 731 2812 marg:
758 2782 883 2816 Triplex
901 2782 1054 2817 superbia.
1128 2780 1172 2808 30.
1194 2780 1236 2807 H:
1257 2779 1415 2815 dig-nimi.
1489 2777 1530 2806 33.
1555 2779 1596 2805 l-l:
1617 2775 1632 2803 I
1661 2775 1764 2814 dchI;

456 2818 499 2844 A:
522 2816 551 2843 II
569 2816 640 2843 Cor.
662 2817 705 2843 ll:
732 2817 773 2843 ib.
794 2816 897 2843 nGH:
919 2824 1022 2844 sarra.
1094 2814 1136 2843 35.
1159 2815 1232 2842 nG:
1252 2815 1449 2850 principium.
1521 2812 1569 2841 36.
1591 2812 1632 2838 D:
1654 2812 1763 2845 tgttur.

531 2899 579 2933 10.
607 2888 659 2920 Cf.
678 2888 892 2930 Trialogum.
919 2888 977 2919 lib.
1004 2888 1055 2928 ΙΙΙ,
1083 2897 1156 2929 cap.
1181 2898 1229 2927 10,
1256 2897 1334 2928 pag.
1359 2885 1430 2918 162.
