2062 3276
213 258 285 294 162
788 265 1011 297 JOHANNIS
1029 265 1213 296 WYCLIF
1234 264 1488 297 SERMONUM
1551 248 1703 308 [SERMO
1725 261 1803 290 XIX·

493 371 532 407 in
563 370 777 408 virtutibus
810 372 984 408 exaltata
1017 384 1098 408 non
1131 370 1171 407 in
1203 372 1459 408 Cadesbarne
1498 373 1566 408 sed
1601 371 1639 407 in
1678 372 1803 408 Cades

493 442 569 478 que
603 438 660 466 est
692 428 732 466 in
765 438 872 466 sorte
903 431 1044 475 Judee;
1085 442 1160 478 que
1194 430 1319 465 Gades
1350 429 1637 478 interpretatur
1669 437 1802 466 sancta

492 488 552 524 vel
591 495 736 523 mutata
775 499 843 524 seu
886 499 995 523 mare
1027 487 1176 524 tollens.
1224 489 1377 533 Quarto
1418 496 1476 524 est
1509 487 1615 524 dicta
1653 500 1802 536 sponsa

492 545 694 582 odorifera
727 545 767 581 in
798 544 1011 582 virtutibus
1045 554 1081 581 et
1115 545 1306 593 martyrio
1346 553 1539 595 tamquam
1574 558 1677 593 rosa,
1710 559 1800 582 cum

491 604 709 651 Apostolus
764 602 871 639 dicat
914 604 944 638 II
989 604 1079 639 Cor.
1127 605 1192 649 110,
1245 604 1312 639 15:
1363 604 1510 640 Christi
1552 604 1671 640 bonus
1703 605 1836 640 odor-5

491 673 623 698 simius
666 662 761 697 Deo.
818 663 868 697 Et
919 662 1140 697 concordat
1183 661 1471 710 interpretacio
1514 661 1673 699 Jericho
1726 674 1802 710 que

492 719 638 756 dicitur
687 719 780 755 luna
829 719 890 755 vel
944 720 1057 755 odor.
1119 718 1268 764 Quinto
1323 729 1379 756 est
1433 719 1603 756 ecclesia
1655 732 1801 768 sponsa

491 777 639 814 Christi
673 776 877 813 fructifera
911 776 1023 825 quasi
1057 777 1158 813 oliva
1190 777 1361 827 speciosa
1395 778 1430 813 in
1464 778 1622 828 campis,
1656 786 1693 814 et
1726 779 1802 814 hoc

491 844 686 883 quantum
732 836 781 871 ad
816 834 1151 882 contemplativos
1185 835 1416 872 devocionis
1449 836 1537 872 oleo
1578 835 1800 872 rutilantes.

491 895 607 929 Sexto
640 905 735 930 vero
769 901 827 929 est
860 893 969 941 quasi
984 893 1169 942 platanus
1192 894 1325 941 quoad
1349 893 1500 930 activos
1523 893 1630 931 iuxta
1654 907 1800 942 aquam
1822 907 1860 928 10

490 950 690 999 sapiencie
734 951 963 999 germinans
1008 950 1048 986 in
1095 952 1251 999 plateis.
1299 951 1480 999 Septimo
1533 961 1589 988 est
1635 952 1801 989 ecclesia

489 1010 560 1045 sub
609 1021 678 1057 spe
728 1008 987 1045 beatitudinis
1016 1004 1019 1060 Ι
1047 1009 1144 1046 sicut
1189 1022 1455 1062 cynamomum
1501 1022 1735 1058 preservans
1780 1000 1900 1068 3338}

489 1066 803 1115 putrefaccione.
858 1068 1010 1103 Octavo
1064 1076 1121 1103 est
1166 1076 1374 1115 tamquam
1420 1069 1650 1115 balsamum,
1695 1065 1827 1105 bono„

489 1126 614 1162 odore
659 1124 864 1161 celestium
915 1133 1091 1161 mentem
1144 1125 1340 1172 reficiens,
1396 1135 1432 1162 et
1477 1126 1573 1163 talia
1620 1128 1801 1163 membra

488 1183 637 1220 famam
672 1195 741 1219 sue
773 1182 998 1219 sanctitatis
1044 1182 1317 1220 diffundencia
1362 1184 1504 1221 ceteris
1549 1184 1589 1220 in
1633 1184 1857 1222 ecclesia15

489 1242 582 1277 dant
615 1242 787 1277 odorem.
821 1243 938 1277 Nono
973 1250 1030 1277 est
1065 1241 1177 1289 quasi
1211 1242 1334 1277 mirra
1368 1243 1486 1278 electa
1520 1254 1756 1290 preservans
1781 1256 1800 1279 a

489 1299 755 1347 corrupcione
779 1308 815 1335 et
838 1300 913 1335 hoc
932 1312 1006 1348 per
1027 1300 1255 1336 suavitatem
1280 1300 1412 1336 odoris
1434 1301 1633 1337 bonorum
1658 1300 1799 1349 patrie.

216 1401 221 1405 ⁴
262 1365 386 1405 ¹'These
547 1357 657 1393 Licet
690 1366 825 1394 autern
859 1357 934 1393 ista
957 1370 1100 1393 novem
1127 1366 1163 1394 et
1187 1357 1394 1406 quodlibet
1417 1358 1578 1395 illorum
1603 1358 1800 1407 applicari

199 1401 382 1428 S¹n¹¹¹¹t¹¹de⁵
404 1409 651 1463 mavpossent
697 1416 746 1452 ad
792 1416 950 1452 beatam
998 1414 1193 1463 virginem
1239 1424 1276 1452 et
1322 1416 1540 1464 quemlibet
1586 1418 1798 1453 beatorum

224 1436 259 1462 be
279 1436 401 1475 applied
424 1434 463 1462 10'

198 1470 464 1541 ῐῖἷῗὶεξζξῇῑὲῑονίἃῇἳῖ
488 1473 725 1522 explicando
759 1482 924 1510 naturas
958 1486 1099 1510 eorum
1134 1483 1170 1510 et
1204 1474 1448 1521 applicando
1481 1487 1595 1511 suam
1630 1474 1799 1512 beatitu-
1817 1487 1858 1508 20

257 1537 445 1581 b'cjongto'
488 1531 621 1567 dinem
655 1533 705 1567 ad
739 1531 917 1578 virtutes,
952 1540 1087 1568 tamen
1121 1531 1259 1568 onmia
1292 1532 1367 1569 ista
1401 1532 1631 1569 radicaliter
1664 1532 1799 1570 insunt

275 1576 391 1603 christ.
486 1589 658 1626 Christo.
694 1591 741 1625 Et
775 1602 863 1625 cum
899 1589 1030 1626 omnis
1064 1591 1192 1626 honor
1217 1590 1378 1626 Christo
1412 1590 1567 1627 debitus
1600 1592 1799 1628 redundat

485 1647 524 1683 in
558 1656 743 1693 matrem,
793 1660 838 1684 eo
884 1649 991 1696 quod
1036 1647 1111 1695 ipsi
1157 1657 1248 1684 sunt
1295 1662 1406 1685 more
1452 1648 1798 1698 triumphancium

485 1705 712 1751 unicordes,
766 1705 982 1742 verisimile
1034 1705 1190 1742 videtur
1242 1708 1349 1755 quod
1402 1707 1628 1755 applicacio
1682 1707 1798 1744 huius

485 1772 612 1800 textus
646 1765 695 1800 ad
730 1763 932 1800 Christum
969 1763 1017 1800 sit
1051 1764 1170 1800 matri
1204 1765 1291 1812 plus
1324 1765 1473 1813 placita
1507 1778 1626 1814 quam
1661 1765 1693 1801 si
1723 1765 1797 1801 sibi
1817 1768 1856 1799 25

484 1820 815 1869 impertinencius
849 1821 1085 1869 applicetur.
1119 1822 1228 1859 Sicut
1262 1822 1367 1859 enim
1403 1823 1513 1860 radix
1545 1824 1605 1859 vel
1628 1823 1717 1859 vitis
1741 1832 1797 1859 est

484 1892 603 1916 causa
637 1879 845 1927 originalis
878 1879 1207 1917 fructificacionis
1242 1881 1444 1917 frondium
1478 1881 1537 1917 vel
1567 1881 1796 1929 palmitum,

482 1937 538 1974 sic
571 1937 719 1974 Christi
752 1937 982 1974 humanitas
1016 1947 1073 1974 est
1107 1951 1226 1975 causa
1250 1939 1580 1976 fructificacionis
1603 1939 1794 1976 virtutum

483 1995 522 2031 in
556 2005 641 2032 tota
677 1995 858 2032 ecclesia.
905 1998 953 2032 Et
996 1996 1279 2034 denominacio
1324 1997 1517 2034 virtutum
1554 1997 1795 2034 conveniens

484 2053 786 2090 antonomatice
819 2053 893 2090 sibi
927 2053 1041 2091 inest.
1815 2059 1856 2091 30

223 2117 291 2157 Tne
312 2118 435 2146 Church
542 2111 658 2148 Circa
691 2111 809 2148 istam
844 2111 1054 2160 epistolam
1090 2112 1296 2149 dubitatur
1328 2121 1461 2149 utrum
1497 2113 1664 2149 ecclesia
1697 2112 1798 2149 mili-

201 2154 467 2216 }{fflssjtfffftssgff'ffsf
484 2178 571 2205 tans
605 2171 779 2218 regenda
811 2169 860 2206 sit
894 2169 933 2206 in
967 2170 1152 2207 omnibus
1187 2170 1450 2207 conformiter
1493 2172 1543 2207 ad
1585 2170 1795 2207 ecclesiam

229 2223 426 2295 Jllffnffgffffiss
483 2227 817 2276 triumphantem,
853 2237 889 2264 et
922 2237 1074 2264 certum
1109 2237 1166 2264 est
1199 2230 1307 2277 quod
1340 2228 1409 2274 sic,
1458 2241 1546 2265 cum
1583 2237 1702 2277 caput
1736 2241 1797 2265 ec-

371 2278 378 2286 ι
427 2280 432 2285 ’
484 2285 602 2321 clesie
636 2285 924 2333 triumphantis
958 2286 1140 2323 Christus
1179 2287 1401 2323 auctorizat
1441 2299 1560 2323 omne
1594 2286 1796 2323 laudabile

483 2344 590 2391 quod
624 2343 772 2380 factum
807 2352 864 2380 est
897 2344 936 2379 in
969 2344 1137 2381 ecclesia
1172 2345 1381 2381 militante.
1416 2347 1457 2381 ln
1491 2344 1602 2381 cuius
1626 2344 1794 2392 figuram
1814 2347 1853 2381 35

483 2403 587 2437 Deus
621 2401 716 2438 dixit
740 2401 867 2449 Moysi
900 2404 1023 2438 Exod.
1048 2403 1186 2448 XXV0‚
1211 2416 1282 2448 40:
1323 2403 1459 2439 Omnia
1481 2404 1556 2452 fac
1587 2403 1794 2439 secundum

482 2460 688 2508 exemplar
719 2461 821 2508 quod
851 2460 919 2495 tihi
948 2460 984 2495 in
1018 2468 1144 2496 monte
1176 2468 1433 2497 monstratum
1458 2468 1523 2496 est.
1558 2462 1607 2496 Et
1639 2473 1682 2497 ex
1712 2460 1795 2497 istis

480 2516 649 2563 videtur,
696 2530 786 2553 cum
831 2527 965 2566 partes
1010 2517 1297 2566 triumphantis
1344 2518 1509 2555 ecclesie
1553 2518 1631 2554 sint
1677 2519 1794 2566 plene

549 2660 574 2689 3.
595 2661 664 2688 DE:
686 2662 812 2689 imitata.
919 2671 947 2694 4.
969 2662 993 2690 E
1014 2663 1042 2690 in
1065 2671 1177 2698 marg:
1205 2662 1295 2690 Rosa.
1404 2663 1431 2691 8.
1453 2663 1477 2690 E
1498 2664 1527 2691 in
1549 2673 1662 2700 marg:
1693 2664 1793 2692 Oliva.

482 2704 522 2723 ιο.
544 2696 613 2723 DE:
634 2705 706 2723 vero
727 2697 827 2726 deest:
848 2696 887 2724 ib.
910 2697 934 2724 E
954 2698 984 2724 in
1005 2706 1119 2732 marg:
1141 2697 1297 2725 platanus.
1362 2706 1399 2725 12.
1421 2699 1465 2725 A:
1485 2707 1704 2734 synamonum,·
1724 2699 1794 2726 DE:

481 2731 712 2765 cynanzonium;
737 2731 776 2758 ib.
799 2731 822 2758 E
843 2731 872 2758 in
895 2740 1007 2767 marg:
1029 2731 1260 2768 Cynamonium.
1364 2741 1403 2765 12,
1427 2732 1462 2760 13.
1484 2735 1529 2761 A:
1555 2742 1743 2769 preservans
1762 2749 1795 2753 —

480 2765 644 2792 balsamum
665 2766 766 2795 deest:
793 2766 832 2793 ib.
855 2766 878 2793 E
898 2767 927 2793 in
950 2774 1063 2801 marg:
1090 2767 1276 2794 Balsamum.
1378 2768 1418 2795 16.
1440 2768 1464 2795 E
1483 2768 1512 2795 in
1536 2777 1650 2803 marg:
1681 2770 1793 2795 Mirra.

479 2807 526 2835 29.
547 2801 592 2827 A:
619 2799 660 2827 Et
677 2800 771 2827 deest.
844 2800 882 2828 31.
904 2801 956 2828 DE
976 2801 1006 2828 in
1029 2809 1114 2835 marg
1136 2811 1141 2828 :
1170 2801 1306 2828 Dubium.

554 2893 649 2924 1—4.
677 2883 781 2916 Eccli.
808 2884 926 2923 XXIV,
952 2884 1001 2916 18.
1098 2884 1222 2927 8—17.
1251 2885 1294 2917 ib.
1322 2897 1369 2930 19,
1392 2896 1445 2918 20.
