2062 3276
260 236 395 265 srRmo
417 225 524 282 anj
738 235 930 275 QUARTA
957 234 1083 265 PARS.

319 345 629 383 Consideremus
675 343 800 380 tercio
844 340 1114 385 altitudinem,
1160 338 1401 375 infinitatem
1441 345 1479 372 et
1511 336 1567 371 in-

261 402 726 453 conprehensibilitatem
759 398 1030 437 ordinacionis
1063 397 1233 434 sciencie
1267 404 1304 432 et
1326 393 1567 431 iudicioium

262 461 346 508 Dei,
381 462 583 525 quomodo
616 459 717 496 sicut
751 458 981 506 ignoramus
1015 455 1120 492 diem
1153 456 1214 492 vel
1247 455 1387 490 horam
1429 450 1568 488 mortis

259 529 409 566 nostre,
454 519 508 556 sic
548 527 585 555 et
624 517 854 565 ignoramus
900 513 1058 563 penitus
1098 513 1216 550 finem
1255 521 1292 548 et
1330 509 1567 559 qualitatem

227 578 385 614 §exitus
429 576 555 613 nostri
600 588 643 612 ex
687 575 763 610 hoc
809 574 975 619 mundo,
1021 571 1101 608 sive
1145 570 1195 607 sit
1244 567 1473 606 meritorius
1518 568 1569 604 ad

261 635 549 672 beatitudinem
584 633 663 669 sive
696 630 978 668 demeritorius
1008 630 1058 666 ad
1091 629 1316 676 gehennam
1340 626 1447 662 iuxta
1471 624 1568 661 illud

261 694 366 730 Eccl.
391 694 477 738 IX0‚
503 705 541 728 1:
576 692 698 727 Nemo
731 689 801 726 scit
833 697 963 725 utrum
996 699 1130 724 amore
1153 686 1213 722 vel
1235 685 1321 721 odio
1345 684 1486 734 dignus
1508 690 1569 729 szt,

167 780 218 810 FO
222 780 243 811 l
259 752 460 815 loquendo
493 751 540 786 de
573 748 684 785 filiali
717 747 824 784 odio.
858 748 906 783 Et
939 759 1029 784 cum
1063 745 1138 782 ista
1171 744 1402 792 ignoramus
1435 742 1569 777 bruta-

163 790 348 866 agiliter
370 808 476 845 circa
498 820 571 844 nos
603 807 725 855 ipsos,
755 806 881 842 multa
909 801 914 858 Ι
944 803 1070 852 magis
1099 804 1297 840 subducta
1319 798 1569 837 revelacione

205 867 491 915 ioignoramus
530 864 626 902 talia
665 866 712 901 de
751 863 942 912 proximis
981 875 1082 911 quos
1120 870 1256 898 tamen
1294 868 1377 896 tam
1420 866 1570 894 temere

257 924 500 971 iudicamus,
534 923 635 960 sicut
668 923 899 970 ignoramus
932 921 1038 958 circa
1070 932 1142 956 nos
1176 928 1213 956 et
1246 919 1353 967 ipsos
1378 915 1449 953 Dei
1482 927 1570 964 pre-

257 982 473 1020 scienciam
514 983 564 1019 ad
598 993 740 1030 penam
776 981 836 1017 vel
875 977 1265 1028 predestinacionem
1301 977 1350 1012 ad
1383 973 1568 1023 gloriam.

258 1043 488 1078 Fundemus
518 1052 593 1077 nos
626 1038 747 1087 igitur
769 1038 810 1074 in
831 1038 932 1075 valle
956 1036 1193 1074 humilitatis
1220 1036 1269 1072 ad
1292 1033 1569 1082 recipiendum

258 1099 460 1148 copiosius
501 1110 648 1147 aquam
688 1096 834 1145 gracie,
880 1095 912 1132 si
949 1095 1134 1132 volumus
1173 1094 1212 1130 in
1251 1091 1508 1129 oracionibus
1548 1103 1569 1126 a

205 1157 432 1195 15Domino
478 1155 668 1201 exaudiri,
714 1167 795 1191 non
840 1154 1100 1202 dedignantes
1144 1154 1191 1188 de
1230 1151 1431 1195 fratribus,
1479 1161 1568 1185 cum

258 1217 451 1253 habemus
476 1216 645 1251 eundem
670 1222 826 1262 patrem
851 1224 1108 1249 communem
1134 1212 1276 1256 Deum,
1311 1208 1374 1245 cui
1400 1207 1570 1244 dicimus

258 1275 377 1310 Pater
408 1280 539 1309 noster
571 1281 643 1309 etc.

316 1334 372 1368 De
419 1330 582 1367 lubricis
629 1338 750 1378 patet,
796 1342 887 1366 curn
932 1328 1010 1364 sint
1056 1327 1251 1363 inmundo
1297 1326 1417 1361 corde
1461 1324 1570 1372 quod

258 1393 385 1426 Deum
418 1402 499 1426 non
530 1388 736 1433 videbunt,
766 1396 808 1423 ut
832 1386 988 1424 elicitur
1022 1398 1064 1422 ex
1097 1397 1215 1422 sensu
1249 1382 1453 1420 contrario
1477 1395 1571 1418 con-

201 1463 242 1484 20
256 1447 430 1484 vertibili
462 1446 630 1484 Matthei
662 1447 731 1492 VO,
767 1446 802 1482 8.
842 1445 961 1481 Tales
994 1453 1127 1481 autem
1162 1456 1243 1479 non
1276 1442 1498 1479 ascendunt
1530 1439 1571 1476 in

257 1507 442 1543 arborem
476 1518 566 1542 cum
598 1505 756 1541 Zacheo
795 1505 863 1540 sed
901 1503 1134 1539 volutantur
1174 1501 1213 1537 in
1252 1501 1464 1537 volutabro
1503 1511 1570 1535 vo-

256 1563 422 1613 luptatis
456 1576 546 1600 cum
580 1575 718 1611 porco.
753 1563 846 1598 Ideo
879 1570 1045 1609 propter
1077 1558 1384 1596 immundiciam
1419 1555 1569 1606 speculi

257 1635 339 1659 non
371 1621 571 1670 recipiunt
610 1619 915 1657 similitudinem
950 1619 1021 1655 Dei
1060 1631 1131 1667 per
1170 1616 1456 1666 impressiones
1494 1615 1570 1652 vir-

257 1690 388 1717 tutum
422 1682 492 1717 sed
525 1678 768 1728 extinguitur
807 1678 847 1714 in
886 1678 940 1714 eis
978 1678 1042 1714 lux
1081 1678 1222 1713 devote
1260 1673 1462 1712 oracionis
1501 1686 1571 1722 per

201 1743 240 1775 25
258 1751 396 1787 sepum
423 1737 595 1775 carnalis
627 1736 879 1774 lubricitatis.
917 1737 1029 1773 Unde
1061 1735 1108 1780 (si
1140 1747 1221 1771 non
1253 1734 1383 1779 fallor)
1416 1732 1570 1769 nullum

259 1806 469 1846 peccatum
502 1797 591 1845 plus
623 1797 684 1832 vel
716 1795 865 1832 forcius
897 1793 1119 1842 indisponit
1151 1792 1357 1829 hominem
1381 1793 1431 1828 ad
1454 1803 1572 1827 oran-

260 1857 354 1892 dum
400 1855 461 1892 vel
506 1857 632 1891 Deum
679 1853 811 1890 debite
857 1852 1227 1900 contemplandum,
1273 1863 1395 1899 quam
1442 1848 1572 1885 carnis

259 1913 466 1950 lubricitas
499 1922 536 1949 et
569 1911 795 1961 specialiter
828 1911 867 1947 in
901 1910 1055 1948 actibus
1087 1908 1266 1946 venereis
1298 1918 1384 1945 tum
1409 1916 1573 1956 propter

258 1973 535 2008 vehementem
576 1969 885 2019 impressionem
924 1968 1070 2018 speciei
1103 1966 1349 2004 delectabilis
1382 1966 1423 2003 in
1455 1978 1572 2002 sensu

203 2034 401 2076 3otactus,
455 2039 538 2066 tum
595 2037 760 2077 propter
806 2028 951 2064 fortem
1001 2025 1309 2074 colligacionem
1354 2023 1573 2072 voluptatis

260 2100 410 2125 annexe
448 2088 489 2124 in
529 2088 668 2124 eodem
707 2099 844 2133 sensu3
885 2085 997 2123 cuius
1031 2097 1170 2121 sensus
1202 2083 1381 2121 innuicio
1422 2082 1574 2120 excedit

260 2146 553 2195 quantumlibet
586 2145 625 2182 in
656 2145 864 2193 voluptate
897 2143 1152 2180 sensaciones
1186 2142 1357 2179 aliorum
1383 2154 1572 2178 sensuum

260 2217 606 2254 quorumcunque,
642 2217 730 2240 cum
765 2203 814 2239 sit
844 2201 1070 2239 communis
1102 2201 1218 2238 nobis
1251 2209 1295 2237 ut
1327 2199 1475 2246 bestiis,
1511 2212 1573 2236 ex-

260 2263 518 2311 tenditurque
556 2275 627 2311 per
665 2274 804 2299 omnes
837 2270 971 2309 partes
1003 2260 1131 2296 nostri
1164 2258 1346 2308 corporis
1380 2267 1416 2295 et
1449 2257 1574 2294 tercio

204 2323 243 2358 35
261 2330 318 2358 est
342 2320 484 2358 ceteris
517 2320 699 2357 sensibus
733 2318 980 2356 materialior
1005 2328 1041 2354 et
1064 2330 1133 2366 per
1157 2329 1405 2366 consequens
1428 2315 1574 2365 speciei

262 2378 405 2416 sentite
446 2378 694 2416 delectabilis
732 2377 945 2426 impressio
983 2376 1133 2413 forcior
1167 2385 1203 2412 et
1238 2388 1281 2412 ex
1315 2374 1575 2423 consequenti

262 2437 440 2474 eiusdem
451 2437 668 2485 voluptatis
688 2436 921 2473 recordacio
939 2434 1259 2484 permanencior,
1281 2443 1317 2471 et
1328 2433 1384 2470 sic
1402 2433 1575 2469 finaliter

263 2495 441 2531 eiusdem
464 2495 611 2531 oblivio
633 2495 694 2531 vel
719 2494 871 2531 delecio
895 2492 1109 2530 diffieilior.
1144 2494 1199 2528 Ex
1222 2492 1367 2541 quibus
1395 2491 1576 2540 sequitur

264 2554 371 2602 quod
406 2565 515 2589 mens
547 2552 637 2589 talis
670 2552 814 2589 lubrici
855 2551 1035 2589 redditur
1075 2552 1124 2588 ad
1165 2552 1363 2587 orandum
1403 2550 1465 2586 vel
1506 2561 1576 2598 per

204 2625 249 2655 40
265 2610 626 2659 contemplacionis
642 2611 724 2647 alas
748 2611 788 2647 in
803 2613 931 2647 Deum
956 2610 1254 2646 ascendendum
1278 2607 1575 2656 indisposicior.

323 2671 379 2705 De
413 2669 542 2706 avaris
576 2678 711 2706 autem
744 2677 854 2718 patet
886 2669 1006 2715 idem,
1047 2681 1141 2704 nam
1181 2667 1284 2704 sicut
1323 2666 1467 2703 lubrici
1507 2678 1578 2715 per

264 2728 524 2776 voluptuosas
558 2727 687 2764 carnis
720 2727 934 2764 inlicebras
963 2726 1077 2775 quasi
1100 2725 1265 2763 vinculis
1298 2724 1577 2762 insolubilibus

334 2872 375 2900 25.
397 2872 492 2900 Cod.:
519 2880 633 2908 cepam.
706 2871 747 2900 35.
771 2872 865 2900 Cod.:
892 2872 1047 2900 sensubus.

1773 228 1847 265 491

1592 1333 1616 1352 2.
1638 1325 1705 1353 The
1726 1326 1853 1353 unclean

1613 1360 1690 1388 shall
1711 1364 1764 1388 not
1784 1369 1833 1387 sce

1680 1394 1760 1422 God.

1685 1558 1763 1585 How

1620 1594 1824 1620 uncleanness

1585 1629 1669 1655 takes
1680 1628 1860 1663 possession

1612 1664 1646 1691 of
1662 1664 1712 1691 the
1733 1663 1830 1691 mind.

1643 2487 1667 2515 3.
1689 2488 1821 2515 Ava1ice

1609 2532 1636 2549 w
1641 2523 1727 2558 eighs
1748 2524 1777 2550 iu
1798 2523 1848 2549 the

1598 2558 1677 2591 soul‚
1698 2567 1732 2585 so
1753 2558 1817 2584 that
1837 2557 1857 2583 it

1592 2598 1706 2620 cannot
1726 2593 1771 2620 litt
1785 2591 1872 2619 itself

1663 2632 1693 2655 to
1716 2628 1796 2655 God-
