2062 3276
253 234 390 267 §ERMO
412 227 494 286 xx]
732 241 923 281 QUARTA
951 240 1076 273 PARS.
1257 264 1265 282 -,
1776 248 1789 270 ’Υ
1804 236 1850 283 75

255 347 489 384 telleccione
530 347 734 395 evangelii,
774 360 865 384 nam
908 356 1121 395 postquam
1157 347 1314 392 (Matth.
1349 349 1469 393 XV10,
1503 352 1565 396 ¹9)

255 405 437 442 Christus
470 405 726 453 singulariter
759 405 910 441 dixerat
944 407 1062 441 Petro
1096 405 1345 453 quodcunque
1377 406 1567 456 ligaveris
1675 415 1762 443 False
1803 450 1807 454 ⁵

252 476 370 513 super
401 471 549 499 terram
584 472 657 502 etc.
692 472 728 500 et
761 464 902 499 Matth.
937 464 1093 509 XV1110,
1127 463 1171 499 18
1206 463 1446 510 generaliter
1470 464 1566 501 dicit
1603 454 1832 513 asjffrff-{Qtffsfn

254 521 426 558 cunctis:
461 522 579 558 Amen
612 522 696 558 dico
726 521 843 565 vobis,
866 533 1085 570 quecunque
1107 520 1327 571 ligaveritis
1349 533 1466 570 super
1487 530 1564 558 ter-

219 581 337 616 5ram
370 588 481 616 erunt
514 580 637 630 ligata
670 587 706 616 et
737 580 772 615 in
805 579 896 616 celis
928 586 962 615 et
994 591 1212 628 quecunque
1233 579 1429 616 solveritis
1451 592 1567 629 super

251 645 399 674 terram
446 645 558 674 erunt
600 638 726 673 soluta
765 644 800 673 et
839 637 875 672 in
909 637 1000 673 celo.
1047 639 1095 673 Et
1126 638 1214 674 Joh.
1248 638 1353 684 XXO,
1391 638 1561 674 21—23

252 695 348 732 dicit
382 695 565 733 Christus
604 695 755 732 eisdem
797 695 1011 744 apostolis:
1052 695 1158 731 Sicut
1196 695 1298 731 misit
1336 708 1395 732 me
1434 696 1565 743 Pater,

251 761 286 790 et
317 766 390 804 ego
423 754 531 790 mitto
564 766 651 799 vos;
681 754 749 790 hec
781 766 865 790 cum
891 753 1054 790 dixisset
1076 753 1290 805 insufflavit
1314 762 1349 790 et
1372 754 1472 790 dixit
1494 754 1567 791 eis:

249 812 419 861 Accipite
451 812 638 862 Spiritum
673 812 877 857 Sanctum;
919 823 1081 860 quorum
1127 812 1353 848 remiseritis
1391 820 1565 862 peccata,

196 882 234 903 10
251 870 501 906 remittuntur
531 870 598 917 eis,
636 877 670 906 et
702 882 864 919 quorum
900 869 1149 917 retinueritis,
1184 877 1330 906 retenta
1363 878 1475 906 erunt
1507 871 1567 906 vel

249 935 348 964 sunt.
395 929 496 965 Cum
537 940 631 976 ergo
671 937 808 964 eterna
841 927 1055 976 Sapiencia
1099 941 1181 965 non
1226 928 1322 964 dixit
1367 928 1442 965 ista
1488 928 1565 965 illis

250 985 444 1034 apostolis
477 987 545 1023 sed
580 986 886 1035 quibuscunque
920 998 1059 1022 eorum
1091 986 1193 1023 veris
1225 986 1386 1023 vicariis
1409 999 1565 1024 succes-

249 1044 363 1090 suris,
399 1044 492 1093 quia
524 1044 640 1081 aliter
674 1044 822 1093 periret
855 1044 1035 1092 regimen
1060 1044 1225 1082 ecclesie
1249 1057 1292 1081 ex
1315 1045 1565 1093 negligencia

249 1102 482 1149 Salvatoris,
517 1102 675 1139 videtur
707 1104 815 1152 quod
844 1102 1027 1139 Christus
1062 1103 1259 1140 concessit
1293 1104 1461 1140 eandem
1496 1117 1566 1152 po-

196 1163 232 1196 15
249 1169 434 1197 testatem
469 1160 774 1210 quibuscunque
808 1173 946 1198 eorum
971 1161 1072 1198 veris
1095 1161 1253 1199 vicariis
1278 1170 1315 1198 et
1338 1162 1566 1210 specialiter

249 1231 352 1267 pape
385 1219 536 1256 vicario
570 1219 697 1256 sancti
731 1219 849 1258 Petri.

307 1279 384 1313 Pro
430 1277 635 1314 intellectu
680 1290 774 1326 ergo
821 1277 936 1314 huius
982 1278 1175 1327 evangelii
1221 1278 1387 1315 concedi
1434 1279 1562 1325 debet,
1597 1284 1662 1324 The
1684 1293 1789 1324 power
1808 1286 1843 1314 of

249 1334 382 1382 primo
416 1337 524 1384 quod
559 1335 666 1372 dicta
690 1344 867 1384 potestas
892 1349 1081 1373 concessa
1104 1336 1176 1372 fuit
1199 1336 1439 1385 generaliter
1461 1337 1563 1373 veris
1613 1320 1822 1390 {3332}ssssss

250 1393 397 1430 Christi
438 1394 633 1442 apostolis
668 1403 704 1430 et
737 1393 1043 1443 quibuscunque
1083 1407 1222 1431 eorum
1255 1394 1357 1431 veris
1390 1395 1561 1441 vicariis,
1595 1391 1837 1453 tciiileyfglioexrxlzeig

190 1464 232 1487 20
249 1460 286 1488 et
319 1451 421 1488 sicut
453 1465 535 1488 non
569 1453 692 1489 claret
726 1452 823 1488 mihi
859 1454 965 1501 quod
1006 1453 1080 1489 fuit
1122 1466 1313 1502 concessa
1346 1453 1560 1499 Scariothi,
1631 1460 1666 1487 of
1683 1460 1800 1488 Christ.

249 1521 295 1546 eo
329 1511 437 1559 quod
471 1509 536 1546 ille
570 1510 766 1559 prescitus
800 1510 892 1547 fecit
926 1511 1181 1559 culpabiliter
1219 1511 1418 1560 quidquid
1457 1511 1561 1558 fecit,

154 1548 320 1632 {gggnec
359 1569 448 1617 plus
489 1569 539 1605 ad
573 1568 655 1605 eius
700 1569 850 1606 facturn
896 1570 957 1606 vel
997 1567 1001 1623 Ι
1042 1579 1227 1618 rogatum
1275 1571 1564 1618 correspondet

154 1623 165 1628 ”
201 1635 210 1639 ·
247 1626 397 1662 factum
445 1626 485 1663 in
531 1627 616 1664 celo
661 1627 741 1664 sive
794 1628 1000 1665 concessio
1049 1641 1168 1676 quam
1216 1628 1246 1664 si
1292 1628 1384 1677 pica
1431 1628 1565 1665 taliter

247 1693 452 1733 operetur,
485 1684 542 1721 sic
576 1694 706 1722 certus
740 1699 827 1722 sum
863 1699 905 1722 ex
940 1686 1016 1723 fide
1050 1688 1159 1735 quod
1191 1686 1315 1723 nichil
1349 1688 1399 1723 ad
1433 1699 1564 1724 sacer-

190 1746 230 1779 25
248 1743 361 1779 dotes
394 1752 605 1792 sequentes
639 1745 846 1792 apostolos
878 1746 999 1781 verba
1033 1744 1109 1781 ista
1142 1744 1407 1793 promissoria
1428 1746 1563 1782 Salva-

247 1800 346 1838 toris
379 1801 453 1837 nisi
487 1811 707 1850 sequantur
740 1803 949 1851 apostolos
989 1803 1028 1839 in
1068 1803 1261 1840 moribus.
1310 1805 1424 1840 Unde
1456 1805 1564 1852 Apo-

247 1859 373 1896 stolus
397 1862 410 1896 Ι
435 1861 633 1906 Cor.X10,
661 1873 670 1896 1
703 1862 820 1898 docet
853 1860 962 1910 ipsos
998 1861 1134 1898 fideles
1159 1863 1366 1910 quomodo
1392 1863 1563 1899 debeant

246 1917 377 1965 ipsum
413 1918 545 1967 sequi:
586 1919 733 1963 Estote,
766 1919 908 1967 inquit,
943 1920 1157 1955 imitatores
1189 1921 1264 1956 mei
1293 1921 1391 1956 sicut
1422 1928 1457 1957 et
1490 1933 1562 1971 ego

251 1976 409 2023 Christi,
444 1988 489 2013 ac
529 1975 560 2012 si
600 1976 770 2013 diceret:
812 1979 868 2014 De
909 1986 1022 2014 tanto
1062 1978 1214 2014 debetis
1254 1978 1367 2028 sequi
1408 1991 1470 2015 me
1502 1979 1562 2015 vel

189 2039 230 2071 30
246 2046 529 2083 quemcunque
562 2035 684 2071 alium
720 2035 998 2081 christianum,
1041 2037 1087 2072 de
1122 2045 1273 2084 quanto
1308 2049 1380 2085 ego
1414 2050 1562 2086 sequor

247 2091 452 2129 Christum
492 2092 531 2128 in
572 2092 752 2130 moribus
786 2102 822 2130 et
854 2107 935 2130 non
974 2095 1092 2130 ultra.
1139 2096 1240 2131 Cum
1281 2095 1386 2131 enim
1422 2097 1561 2132 Petrus

246 2159 335 2198 post
370 2150 603 2187 missionem
628 2151 801 2200 Spiritus
835 2152 971 2189 Sancti
1005 2152 1078 2188 fuit
1112 2153 1328 2201 peccabilis
1363 2160 1419 2198 (ut
1452 2162 1561 2202 patet

246 2209 330 2245 Gal.
366 2210 449 2256 110),
484 2218 521 2246 et
555 2210 682 2246 multo
717 2209 843 2258 magis
876 2210 1008 2247 vocati
1042 2210 1125 2247 eius
1158 2211 1297 2248 vicarii
1331 2213 1420 2260 plus
1453 2221 1562 2260 post-

245 2268 412 2303 modum
454 2280 475 2304 a
515 2267 664 2304 Christi
708 2268 844 2317 regula
890 2269 1150 2315 declinantes,
1198 2269 1455 2307 manifestum
1504 2279 1561 2307 est

187 2328 227 2362 35
245 2326 353 2374 quod
398 2325 552 2373 precise
592 2327 638 2362 de
677 2336 789 2363 tanto
835 2328 1025 2364 debemus
1070 2327 1179 2376 ipsos
1218 2327 1368 2365 imitari
1407 2329 1468 2365 vel
1508 2329 1562 2365 eis

246 2384 409 2420 credere
442 2385 490 2420 de
522 2392 673 2433 quanto
708 2384 782 2433 ipsi
817 2394 1040 2434 sequuntur
1070 2385 1274 2422 Christum
1309 2386 1349 2422 in
1383 2387 1562 2424 moribus

245 2450 282 2478 et
316 2443 363 2478 de
397 2451 550 2490 quanto
582 2442 623 2479 in
655 2443 752 2491 ipsis
785 2443 965 2491 loquitur
998 2443 1186 2481 dominus
1217 2446 1330 2481 Jesus
1365 2445 1561 2482 Christus.

243 2499 511 2536 Vendicantes
545 2513 638 2548 ergo
671 2502 774 2538 hanc
806 2510 1047 2550 potestatem
1073 2504 1265 2539 docerent
1288 2502 1329 2539 in
1350 2503 1431 2540 vita
1455 2505 1563 2553 quod

244 2556 320 2606 ipsi
359 2566 450 2594 sunt
483 2557 539 2595 sic
570 2559 652 2596 veri
691 2560 970 2608 apostolorum
1010 2560 1148 2597 vicarii
1189 2570 1225 2598 et
1263 2560 1372 2610 ipsos
1411 2561 1451 2598 in
1482 2561 1563 2599 vita

312 2739 338 2775 5,
360 2740 387 2768 (3.
409 2740 454 2767 A:
483 2744 512 2768 et
530 2749 707 2778 quecunque
725 2757 759 2762 —
779 2742 842 2770 celo
862 2743 956 2771 deest.
1030 2743 1056 2771 S.
1078 2744 1122 2771 A:
1143 2743 1292 2779 sufflavit.
1367 2743 1405 2778 13,
1428 2753 1469 2777 14.
1491 2744 1560 2773 DE:

244 2775 317 2810 quia
339 2791 370 2794 —
390 2774 565 2803 salvatoris
585 2776 678 2803 deest.
754 2785 795 2813 19.
818 2778 862 2805 A:
887 2778 1003 2805 Christi
1022 2795 1050 2797 ——
1073 2778 1154 2806 veris
1174 2779 1268 2806 deest.
1343 2787 1389 2806 20.
1410 2780 1478 2807 DE:
1501 2788 1561 2807 non

245 2810 346 2844 deest3
373 2810 413 2838 io.
434 2810 504 2838 DE:
532 2811 728 2850 noizsuerat.
819 2820 864 2846 24.
886 2813 955 2840 DE:
983 2813 1039 2841 sed
1057 2817 1166 2841 certus.
1257 2821 1304 2847 24,
1325 2814 1366 2842 25.
1388 2815 1433 2842 A:
1460 2823 1563 2842 sacer-

245 2844 330 2872 dotes
349 2845 404 2872 νεῖ.
495 2853 539 2880 27.
561 2845 586 2873 D
608 2854 638 2874 m
660 2854 756 2881 marg.
778 2846 883 2875 insen:
912 2848 1034 2876 Errare
1053 2848 1182 2882 videtur,
1204 2849 1275 2884 quia
1295 2853 1430 2884 potestas
1449 2853 1509 2876 stat
1530 2850 1560 2877 in

243 2880 331 2907 bonis
352 2883 381 2907 et
399 2880 430 2908 in
452 2881 550 2908 malis.
624 2880 668 2909 28.
689 2882 733 2909 A:
755 2884 785 2909 et
803 2883 897 2910 deest.
970 2882 1016 2911 30.
1038 2884 1082 2910 A:
1104 2888 1219 2918 quanto
1239 2885 1333 2911 deest.
