2062 3276
200 276 248 311 36

258 396 282 424 3.
304 396 362 424 and
383 400 412 422 to

244 431 354 459 refrain
375 431 425 457 the

215 466 407 494 wickedness
427 464 461 492 of

263 501 406 528 enemies.

266 920 409 947 Answer.

218 963 238 982 1.
259 953 318 982 We
340 961 389 980 are
411 958 462 980 not

229 997 297 1015 sure
318 989 381 1016 that
403 997 447 1015 we

201 1032 251 1051 are
272 1023 475 1057 maintaining

210 1059 326 1092 justice,
349 1058 401 1085 but
420 1067 465 1085 we

253 1094 343 1120 know
365 1094 428 1119 that

249 1128 386 1163 patience
406 1128 431 1155 is

297 1163 386 1198 right.

220 2482 324 2509 Christ
344 2481 413 2508 bids
434 2489 469 2507 us

207 2521 237 2543 to
257 2517 348 2543 suffer
368 2515 480 2551 injury.

779 282 1002 314 „IOHANNIS
1020 282 1205 313 WYCLIF
1227 281 1481 313 SERMONUM
1568 266 1718 325 [SERMO
1740 276 1792 304 w.

486 388 525 423 in
559 387 724 424 caritate
758 388 922 436 diligere
955 397 992 424 et
1017 388 1234 424 maximum
1260 387 1416 435 signum
1441 386 1590 423 amoris
1615 386 1791 423 hostium

486 446 588 482 foret
621 445 728 494 ipsos
762 459 783 483 a
817 445 972 494 peccati
1006 445 1064 482 sui
1098 445 1208 482 rabie
1249 446 1450 481 refrenare
1489 453 1654 492 propter
1692 444 1793 480 cari-

486 504 653 541 tativum
688 517 867 541 amorem
902 516 1056 549 eorum,
1102 505 1219 540 debet
1264 502 1440 539 militans
1485 502 1593 550 ipsos
1631 511 1712 538 tam
1755 501 1793 537 in

487 563 601 599 bonis
648 563 808 599 fortune
856 575 976 611 quam
1026 561 1141 598 bonis
1195 560 1375 608 corporis
1429 560 1621 596 cruciare.
1675 560 1793 596 Tales

489 622 634 657 multas
688 619 917 657 luciferinas
971 619 1252 656 excusaciones
1307 618 1463 666 fingunt
1516 619 1658 654 fratres
1712 617 1827 653 suis5

488 679 701 727 regnicolis
734 691 805 726 per
837 691 936 726 quas
969 678 1077 726 ipsos
1110 677 1291 714 animant
1314 685 1395 712 tam
1421 677 1471 712 ad
1495 685 1648 712 exteros
1672 688 1793 723 quam

488 737 638 773 interos
684 736 980 773 debellandum.
1029 737 1107 772 Sed
1144 748 1226 772 non
1273 734 1438 771 dubium
1480 733 1576 783 quin
1614 733 1689 770 ista
1734 745 1795 769 ex-

488 795 648 831 cusacio
688 802 850 831 accusat
888 802 969 830 tam
1011 794 1152 830 fratres
1193 805 1312 842 quam
1353 801 1531 829 armatos
1577 791 1643 840 qui
1688 791 1795 827 fatue

488 853 564 889 illis
597 853 777 889 credunt.

546 912 689 956 Quoad
722 910 897 958 primum
933 909 1060 945 fidelis
1094 917 1351 956 cognosceret
1391 909 1597 956 quomodo
1638 919 1793 955 posses—
1816 922 1854 941 10

489 968 642 1005 sionem
690 968 872 1005 omnium
919 969 1116 1004 bonorum
1156 966 1231 1003 sibi
1269 966 1546 1003 adiacencium
1587 966 1707 1002 habet
1753 977 1796 1001 ex

491 1027 562 1063 Dei
614 1026 749 1074 gracia
802 1035 1009 1074 tamquam
1064 1037 1107 1061 ex
1160 1024 1382 1061 collacione
1431 1022 1795 1060 misericordissimi

491 1084 645 1121 domini
691 1083 886 1132 capitalis.
941 1086 1103 1132 Spectat
1151 1092 1285 1119 autem
1334 1084 1383 1119 ad
1429 1082 1539 1118 illum
1585 1080 1793 1117 dominum

491 1143 671 1179 conferre
705 1142 857 1178 homini
893 1144 964 1178 sub
998 1141 1072 1177 ista
1097 1140 1334 1177 condicione
1357 1142 1428 1176 hec
1452 1139 1705 1187 temporalia,
1739 1138 1795 1175 sic

491 1202 599 1249 quod
632 1200 836 1237 liberrime
870 1209 906 1236 et
941 1199 1015 1235 sibi
1049 1198 1261 1235 utilissime
1294 1198 1418 1246 possit
1452 1200 1499 1234 de
1532 1197 1617 1234 istis
1640 1206 1795 1244 tempo-
1816 1200 1852 1232 15

491 1259 640 1295 salibus
674 1258 899 1306 providere.
936 1259 1013 1294 Sed
1046 1257 1135 1293 felix
1171 1257 1346 1293 mutacio
1381 1269 1458 1304 qua
1492 1257 1613 1292 homo
1638 1254 1795 1291 devenit

493 1317 540 1363 (si
574 1319 750 1365 oportet)
797 1317 847 1352 ad
893 1315 1095 1351 miseriam
1142 1314 1204 1351 hic
1250 1314 1289 1350 in
1332 1314 1407 1360 via,
1455 1322 1491 1350 et
1534 1314 1622 1361 plus
1667 1312 1795 1360 diligit

490 1388 631 1424 pacem
672 1384 708 1411 et
748 1374 1007 1410 concordiam
1048 1372 1218 1420 proximi
1259 1385 1378 1420 quam
1424 1372 1496 1408 hec
1540 1369 1794 1419 temporalia,

492 1433 747 1481 deperdendo
781 1432 866 1480 ipsa
899 1444 969 1480 per
994 1430 1176 1479 rapinam
1202 1429 1378 1466 hostium
1411 1430 1457 1475 (si
1481 1431 1670 1477 oportet),
1705 1441 1794 1465 cum

493 1491 708 1539 Apostolus
748 1491 1006 1526 commendat
1052 1490 1231 1525 Hebreos
1271 1500 1312 1524 ex
1354 1489 1429 1524 hoc
1468 1488 1576 1536 quod
1616 1487 1794 1536 rapinam
1813 1499 1854 1520 20

492 1551 677 1585 bonorum
701 1560 860 1584 suorum
885 1560 967 1583 cum
991 1547 1139 1597 gaudio
1161 1553 1421 1595 susceperunt.
1448 1547 1495 1581 Et
1521 1546 1643 1594 (quod
1669 1544 1797 1581 maius

494 1616 550 1644 est
574 1607 674 1653 istis)
708 1605 891 1643 homines
924 1618 967 1642 ex
1000 1605 1168 1641 caritate
1192 1604 1451 1652 disponerent
1483 1615 1522 1639 se
1555 1604 1605 1639 ad
1638 1602 1798 1651 pacien-

494 1667 587 1701 dum
634 1665 673 1701 in
717 1676 887 1712 corpore
932 1672 1096 1711 propter
1141 1664 1291 1699 bonum
1332 1662 1459 1710 patrie
1493 1660 1797 1710 acquirendum.

492 1723 618 1759 Aliter
651 1723 755 1759 enim
790 1722 943 1770 pugiles
978 1720 1125 1758 Christi
1158 1733 1363 1769 nunquam
1399 1728 1480 1756 tam
1514 1718 1738 1756 voluntarie
1762 1726 1799 1754 et

493 1780 652 1829 spissim
687 1780 865 1816 subirent
900 1779 1157 1827 martyrium3
1204 1788 1240 1815 et
1279 1790 1399 1826 super
1438 1778 1514 1814 isto
1552 1789 1626 1814 nec
1658 1777 1799 1813 fratres
1816 1778 1855 1811 25

493 1851 566 1875 nec
598 1846 842 1886 occupantes
877 1839 947 1874 hec
977 1836 1218 1885 temporalia
1252 1836 1381 1873 sciunt
1406 1835 1631 1872 discernere
1664 1843 1797 1870 utrum

494 1897 595 1933 iuste
628 1896 703 1933 ista
735 1896 981 1944 possideant,
1017 1908 1106 1932 cum
1142 1903 1293 1931 certum
1329 1893 1379 1930 sit
1411 1893 1442 1930 si
1474 1893 1552 1930 sint
1576 1892 1737 1941 reprobi
1762 1901 1798 1928 et

493 1954 630 1991 iniusti
676 1955 810 2003 quoad
855 1953 1062 1989 dominum
1110 1952 1339 2001 capitalem,
1386 1960 1541 1988 tantum
1585 1950 1695 1999 prius
1735 1951 1800 1986 de-

494 2013 720 2061 linquentes
759 2012 799 2048 in
832 2013 959 2048 Deum
1001 2020 1037 2048 et
1076 2010 1317 2059 proximum,
1357 2011 1465 2058 quod
1510 2022 1553 2046 ex
1591 2009 1695 2045 iusto
1729 2007 1800 2044 Dei

495 2070 644 2107 iudicio
683 2069 816 2106 taliter
859 2069 937 2106 sint
976 2069 1116 2117 puniti.
1167 2068 1207 2105 Si
1254 2066 1452 2118 (inquam)
1495 2067 1551 2103 sic
1596 2075 1666 2113 est,
1713 2065 1800 2114 quis
1817 2070 1859 2101 30

496 2129 651 2165 dubitat
684 2127 780 2176 quin
813 2139 854 2163 ex
889 2127 1024 2163 debito
1057 2126 1213 2162 iusticie
1237 2126 1307 2162 Dei
1342 2125 1498 2174 expedit
1531 2126 1638 2173 quod
1667 2123 1801 2160 taliter

495 2186 730 2235 paciantur?
764 2187 841 2222 Sed
875 2185 962 2233 quis
995 2185 1116 2221 frater
1148 2184 1222 2220 scit
1254 2184 1315 2220 vel
1348 2183 1449 2220 alius
1483 2181 1735 2219 consiliarius
1768 2180 1800 2217 si

498 2244 626 2281 maior
658 2256 750 2292 pars
784 2255 998 2291 regnorum
1033 2242 1082 2279 sit
1115 2244 1248 2291 quoad
1288 2243 1422 2278 hostes
1460 2241 1534 2277 sibi
1576 2238 1800 2277 contrarios

495 2302 535 2338 in
568 2303 643 2338 hoc
675 2314 786 2340 casu:
821 2300 911 2337 ideo
945 2313 1035 2337 cum
1070 2299 1308 2348 generaliter
1341 2312 1433 2348 pars
1466 2298 1645 2335 securior
1668 2297 1802 2346 quoad

496 2360 783 2397 beatitudinem
819 2358 867 2395 sit
890 2360 1106 2407 sequenda,
1139 2358 1295 2395 videtur
1319 2369 1403 2394 esse
1426 2370 1565 2394 sanum
1591 2355 1802 2393 consilium
1819 2358 1859 2392 ³5

497 2417 702 2454 caritative
748 2425 784 2453 et
828 2416 1034 2452 humiliter
1072 2417 1264 2466 paciendi,
1308 2415 1401 2464 quia
1450 2415 1518 2452 illa
1569 2423 1625 2451 est
1672 2413 1803 2462 prima

497 2475 681 2513 condicio
727 2473 904 2510 caritatis
945 2487 1065 2523 quam
1106 2475 1223 2510 docet
1255 2474 1485 2522 Apostolus.
1531 2475 1657 2509 Nemo
1698 2470 1801 2508 enim

497 2534 569 2570 fuit
602 2547 623 2570 a
657 2532 803 2569 delicto
835 2534 926 2568 Jesu
958 2541 1097 2568 nostro
1135 2531 1352 2577 inmunior‚
1398 2544 1488 2568 cum
1532 2531 1581 2567 ad
1625 2530 1802 2566 dandum

497 2591 611 2628 nobis
659 2590 884 2638 exemplum
932 2589 1120 2626 iniuriam
1172 2589 1495 2626 adversariorum
1543 2600 1683 2636 passus
1732 2586 1804 2622 fuit

566 2722 585 2741 1.
607 2714 636 2741 1:
658 2716 688 2740 et
706 2713 806 2742 deest:
833 2712 873 2739 ib.
896 2712 938 2739 A:
966 2720 1087 2748 szgnum
1109 2711 1203 2739 deest.
1278 2719 1317 2738 10.
1339 2710 1363 2737 E
1384 2711 1413 2738 in
1435 2718 1531 2745 marg
1544 2720 1550 2725 ·
1544 2708 1748 2750 .Responsio.
1771 2717 1804 2740 1,·

497 2749 536 2775 ib.
559 2749 570 2775 I
590 2748 619 2776 in
643 2756 755 2782 maiga
777 2746 932 2773 Possessio
950 2733 1044 2774 datur
1059 2754 1096 2773 ex
1109 2746 1169 2773 Dei
1183 2754 1233 2782 gr
1226 2747 1304 2773 acia.
1379 2753 1424 2775 20.
1447 2745 1491 2772 D.
1504 2731 1549 2772 oet
1561 2745 1602 2771 1’.11
1675 2742 1722 2777 34.
1744 2744 1754 2770 I
1775 2743 1804 2769 in

497 2793 524 2810 m
530 2791 592 2818 ug.
605 2793 610 2798 ·
633 2781 816 2809 Paczendum
837 2785 882 2808 est
898 2782 935 2808 111
939 2782 1051 2808 m1ltter
1069 2781 1179 2823 pocius
1184 2789 1283 2839 quam
1297 2777 1477 2807 bellmdum
1551 2788 1594 2814 7.
1610 2778 1695 2806 AEI:
1717 2785 1805 2813 quam

495 2804 654 2849 d'1c1·t;ib.
676 2817 739 2844 lin
761 2824 873 2851 marg:
901 2816 923 2842 Ι.
947 2815 1021 2843 Cor.
1044 2824 1090 2850 13.
1232 2815 1332 2843 ADE:
1360 2819 1390 2842 et
1408 2823 1481 2842 cum

569 2910 620 2932 20.
649 2901 806 2932 Hebruh
811 2925 817 2939 ,
848 2901 900 2939 34.
998 2898 1049 2931 311.
1077 2900 1098 2930 Ι.
1127 2900 1206 2930 Cor.
1232 2899 1316 2938 XIII,
1343 2909 1375 2939 4.
