2062 3276
217 292 355 321 samio
378 284 484 341 an]
699 299 891 339 QUARTA
918 300 1044 332 PARS·

219 414 300 438 non
333 403 588 451 putridorum
623 403 772 441 Christi
805 404 901 441 dicit
931 406 1149 454 Apostolus
1183 409 1225 443 11.
1251 408 1342 444 Cor.
1368 410 1434 455 110,
1462 410 1528 445 15:

224 460 371 497 Christi
401 462 520 498 bonus
552 463 651 498 odor
681 475 815 499 sumus
848 463 942 499 Deo.

276 520 455 556 Zacheus
490 519 574 568 (qui
606 519 893 569 interpretatur
925 520 1179 566 iustificatus)
1213 522 1343 571 signat
1378 526 1528 561 mundo

219 575 358 613 divites
400 577 468 626 qui
508 586 600 614 sunt
633 579 865 615 collectores
899 579 1129 616 reddituum
1163 580 1355 629 principis
1391 583 1528 619 mundi

186 633 287 682 §qui
326 644 383 671 est
422 635 620 672 diabolus.
662 636 776 672 Multi
817 636 921 673 enim
962 646 1053 674 sunt
1094 638 1233 674 mundi
1273 639 1414 677 divites
1460 640 1527 689 qui

218 691 431 729 intendunt
462 693 581 729 nimis
613 694 772 742 publice
805 694 888 732 istis
922 695 1078 732 actibus
1111 695 1185 732 hiis
1219 695 1369 733 diebus.
1413 700 1528 735 Unde

216 749 318 786 sicut
349 750 462 788 Judei
503 752 728 789 habuerunt
767 753 1004 801 publicanos
1044 766 1182 791 exosos
1227 764 1393 804 propter
1437 756 1526 802 tria,

217 807 310 856 quia
349 808 583 857 alienigene,
622 811 717 858 quia
749 810 984 848 iniuriantes
1017 812 1058 848 in
1091 821 1208 861 raptu
1241 814 1526 862 temporalium

217 874 254 902 et
286 867 537 915 negociando
570 867 754 905 inficiunt
787 870 983 918 populum
1016 880 1196 919 peccato,
1237 871 1292 908 sic
1325 871 1528 921 simplices

162 935 201 956 10
217 924 424 962 christiani
447 927 580 974 quoad
615 926 753 963 mundi
787 936 981 976 potentes,
1016 931 1116 965 Sunt
1149 938 1285 966 autem
1319 932 1528 968 abutentes

217 982 331 1019 bonis
375 983 535 1021 fortune
581 985 754 1022 maxime
806 985 1032 1035 indispositi
1077 988 1127 1024 ad
1171 989 1385 1035 orandum,
1438 1002 1527 1025 cum

119 1018 200 1105 ἓξὲξ
215 1050 307 1077 sunt
335 1038 340 1093 Ι
369 1042 484 1090 quasi
517 1044 679 1091 specula
703 1043 879 1081 accionis
902 1045 1021 1092 plena
1043 1044 1084 1081 in
1108 1045 1252 1094 quibus
1275 1059 1355 1083 non
1379 1047 1530 1084 relucet

119 1093 128 1097 ”
166 1094 174 1098 ’
215 1111 359 1147 ymago
410 1099 620 1137 Trinitatis
670 1111 833 1150 propter
877 1102 1176 1151 despersionem
1230 1104 1374 1141 mentis
1424 1105 1530 1142 circa

215 1165 392 1203 terrena3
428 1160 495 1196 sed
519 1167 726 1208 tamquam
751 1160 858 1208 ligna
880 1161 1042 1210 putrida
1066 1162 1298 1199 humectata
1331 1163 1528 1212 fumigant

163 1215 283 1251 15sed
312 1229 393 1253 non
421 1217 569 1254 lucent.
605 1219 687 1254 Lux
716 1231 810 1267 ergo
839 1219 1039 1256 oracionis
1068 1233 1150 1256 non
1178 1229 1362 1269 penetrat
1390 1222 1460 1258 sed
1490 1222 1529 1258 in

214 1273 509 1312 fumositatibus
550 1277 800 1313 obtenebrat.
846 1279 894 1313 Et
937 1278 1036 1314 tales
1082 1279 1253 1315 maxime
1291 1281 1529 1327 perturbant

214 1333 506 1381 rempublicam
543 1336 677 1383 quoad
712 1337 836 1371 Deum
873 1343 910 1372 et
943 1335 1162 1373 hominem.
1204 1339 1348 1383 Quoad
1382 1340 1526 1385 Deum,

213 1390 306 1439 quia
345 1391 467 1440 impie
505 1401 666 1440 agentes
699 1406 789 1429 cum
824 1393 1013 1430 fratribus
1046 1403 1137 1431 sunt
1178 1395 1359 1432 infideles
1393 1395 1527 1433 ballivi

214 1448 390 1495 Domini,
440 1450 506 1499 qui
555 1452 627 1487 hec
672 1451 727 1487 eis
777 1452 1057 1489 accomodavit
1101 1453 1356 1502 temporalia,
1405 1463 1448 1491 ut
1493 1455 1527 1492 ei

156 1517 198 1537 20
214 1506 441 1544 ministrent
474 1508 664 1556 fideliter;
697 1518 807 1558 patet
830 1511 937 1558 quod
970 1509 1115 1547 iniuste
1148 1521 1349 1560 occupant
1382 1512 1526 1559 aliena,

213 1564 295 1601 sive
339 1579 457 1603 avare
502 1567 707 1604 detineant
751 1567 832 1605 sive
874 1568 1138 1617 prodigaliter
1184 1579 1437 1616 consumant,
1489 1580 1527 1608 et

214 1636 305 1659 cum
335 1623 482 1673 inequa
513 1625 750 1662 distribucio
779 1626 1067 1675 temporalium
1099 1637 1236 1665 causat
1259 1628 1527 1666 dissensiones

213 1682 528 1729 convivencium‚
574 1683 668 1733 quia
708 1684 879 1721 maxime
918 1686 1207 1734 appreciantur
1246 1688 1352 1724 bona
1392 1687 1527 1724 huius-

213 1740 336 1786 modi,
382 1754 463 1778 non
509 1741 655 1778 mirum
701 1742 735 1778 si
778 1744 987 1780 abutentes
1026 1745 1317 1793 temporalibus
1356 1745 1526 1783 maxime

155 1798 448 1846 25perturbant
490 1800 825 1849 tranquillitatem
878 1801 1002 1850 regni,
1048 1803 1154 1839 unde
1199 1803 1321 1840 Eccli.
1365 1805 1434 1849 XO,
1482 1817 1525 1852 9:

212 1857 343 1893 Divite
374 1870 497 1894 avaro
531 1858 649 1894 nichil
679 1859 887 1896 scelestius.

271 1916 383 1952 Unde
422 1917 471 1952 ad
509 1924 666 1953 tantum
715 1917 912 1965 contingit
956 1917 1055 1954 tales
1100 1917 1333 1967 iniquitates
1378 1919 1526 1956 invale-

211 1986 320 2010 scere
344 1975 453 2023 quod
483 1987 644 2011 necesse
676 1974 726 2011 sit
758 1987 923 2023 regnum
958 1975 1108 2012 destrui
1140 1989 1210 2025 per
1244 1986 1524 2026 conquestum,

210 2032 302 2069 ideo
337 2032 508 2069 maxime
540 2033 755 2081 proficeret
778 2046 850 2082 pro
880 2034 1154 2071 stabilimento
1184 2035 1295 2083 regni
1325 2037 1523 2072 bonorum

154 2089 370 2127 30fortune
414 2103 517 2140 equa
563 2090 812 2138 distribucio‚
857 2091 913 2128 sic
957 2094 1065 2140 quod
1109 2105 1188 2129 una
1233 2105 1405 2141 persona
1444 2107 1524 2131 non

210 2148 284 2185 sibi
307 2161 425 2186 avare
448 2149 676 2186 accumulet
700 2149 865 2186 mobilia
888 2150 949 2187 vel
977 2150 1203 2187 immobilia
1234 2164 1310 2200 que
1333 2153 1524 2189 deberent

210 2206 251 2243 in
310 2207 602 2244 communitate
662 2207 861 2244 distribui.
916 2209 1087 2256 Oportet
1139 2208 1244 2245 enim
1299 2209 1524 2258 ymaginari

211 2265 543 2302 communitatem
589 2274 894 2314 supportantem
941 2275 1151 2314 peccatum
1197 2267 1370 2304 avaricie
1410 2267 1524 2317 quasi

210 2335 425 2371 personam
459 2323 568 2372 gravi
602 2336 724 2360 onere
757 2332 958 2360 onustam.
999 2326 1215 2362 Peccatum
1251 2325 1357 2362 enim
1391 2326 1524 2363 subito

154 2377 193 2411 35
210 2381 397 2418 subduxit
420 2382 596 2430 primum
621 2382 805 2430 angelum
841 2395 862 2418 a
896 2382 980 2418 celo
1013 2384 1063 2419 ad
1097 2391 1295 2430 centrum,
1329 2385 1437 2433 quod
1466 2392 1524 2421 est

209 2438 307 2475 situs
361 2439 532 2476 maxime
583 2439 822 2488 gravedinis.
886 2440 1167 2478 Communitas
1222 2454 1316 2489 ergo
1361 2443 1523 2490 quando

210 2496 401 2534 accrescit
444 2497 484 2534 in
528 2498 597 2534 tali
642 2510 763 2534 onere
808 2498 976 2547 peccati,
1023 2499 1071 2536 de
1113 2498 1271 2536 iusticia
1316 2499 1413 2548 legis
1452 2499 1524 2537 Dei

209 2554 477 2592 invalescente
516 2555 663 2592 iniuria
702 2556 970 2593 substernitur
1008 2556 1258 2604 pestilencia,
1300 2567 1523 2606 conquestu

207 2613 268 2649 vel
306 2613 384 2650 alio
425 2622 579 2650 eventu.
625 2616 673 2650 Et
713 2614 768 2650 sic
808 2613 1044 2662 intelligitur
1082 2615 1181 2651 illud
1219 2614 1342 2652 Eccli.
1375 2617 1443 2662 XO,
1479 2617 1522 2653 8:

147 2678 193 2708 40
208 2672 389 2722 Regnum
413 2672 459 2708 de
479 2679 595 2722 gente
617 2672 652 2708 in
674 2679 828 2723 gentem
852 2673 1096 2721 transfertur·
1112 2681 1279 2722 propter
1301 2673 1522 2721 iniustz'cias,

208 2728 383 2776 iniurias,
416 2730 665 2766 contumelias
693 2738 728 2766 et
751 2730 926 2766 diversos
949 2730 1071 2767 dolos.
1105 2732 1275 2779 Propter
1303 2730 1522 2769 iniusticias

209 2788 342 2835 quoad
361 2789 503 2834 Deum,
528 2796 691 2836 propter
714 2788 882 2825 iniurias
905 2789 1040 2837 quoad
1063 2788 1305 2837 proximum,
1323 2802 1400 2838 que
1423 2790 1523 2826 fiunt

277 2930 319 2958 25.
342 2930 435 2958 Cod.:
458 2931 566 2959 XVIII.

1319 2984 1356 3016 31
1369 2985 1390 3002 ÷÷

1596 531 1772 559 Zacchaeus

1557 570 1731 601 represents
1751 566 1800 593 the

1569 601 1631 628 rich
1654 602 1724 629 who
1745 609 1794 627 are

1591 636 1641 663 the
1661 635 1768 663 devil's

1594 670 1766 697 collectors.

1604 1284 1687 1312 Such
1708 1292 1758 1311 are

1566 1315 1740 1346 disturbers
1761 1321 1792 1346 ot

1595 1354 1645 1381 the
1665 1353 1761 1382 State.

1556 1923 1740 1960 Advantage
1760 1926 1791 1952 ot

1581 1967 1668 1987 more
1688 1961 1777 1996 equal

1550 1993 1751 2022 distribution
1773 1997 1805 2022 ot

1599 2034 1756 2066 property.

1545 2445 1625 2474 How
1645 2448 1804 2475 countrics

1562 2490 1613 2509 are
1633 2483 1784 2521 punished

1564 2516 1614 2544 for
1633 2517 1785 2553 injustice.
