2062 3276
230 277 365 307 SERMO
386 267 452 324 1v.]
702 279 891 319 QUARTA
922 280 1045 311 PARS.
1785 271 1831 308 35

231 389 392 433 bonam,
426 386 465 423 in
500 387 575 423 fide
599 385 733 423 deficit
762 399 838 434 que
871 395 928 422 est
961 385 1174 422 virtutibus
1198 385 1284 422 aliis
1308 386 1543 423 fundamen-

231 454 329 482 tum.
363 445 482 481 Nulla
516 444 620 481 enim
653 457 746 493 pars
779 443 1022 481 bellancium
1044 444 1206 492 negabit
1229 452 1311 481 tam
1337 456 1381 481 ex
1404 457 1542 493 specu-
1577 451 1660 479 since
1682 460 1744 491 ψη·
1763 460 1819 479 can

231 503 352 540 lativa
398 515 518 551 quam
566 502 745 551 practica
790 501 886 551 quin
931 502 962 538 si
1009 503 1235 539 mundanos
1280 503 1453 539 honores
1499 486 1829 549 actlf,{²}{{}⁵5¹fssgek},¹5

233 560 373 597 mundi
407 560 571 597 divicias
612 573 701 596 cum
743 560 864 597 lucris
904 560 1197 609 temporalibus
1236 560 1543 609 quibuscunque
1578 556 1709 592 worldly
1729 556 1820 591 good.

199 621 305 667 §pro
339 620 523 655 habenda
556 631 649 655 vera
681 630 778 667 pace
811 618 989 655 renuerit
1022 618 1118 667 quin
1150 630 1291 666 pacem
1326 618 1452 667 possit
1485 630 1544 654 re-

140 669 216 729 F0¹g
234 676 386 714 dimere
409 678 458 714 ab
474 676 640 713 inimico
669 673 673 729 Ι
703 676 1302 726 quantumcunqueimpetuose
1318 676 1542 714 invadente.

135 725 201 759 ²⁹4
233 737 310 772 Sed
344 743 500 772 constat
534 747 577 771 ex
611 735 688 771 fide
718 736 826 784 quod
850 735 989 772 omnia
1013 736 1084 771 hec
1108 736 1214 772 bona
1236 747 1318 771 non
1341 734 1544 783 attingunt

233 795 283 830 ad
318 793 593 842 millecuplum
626 792 721 829 boni
754 793 878 841 pacis,
914 805 1007 841 ergo
1041 802 1183 842 potens
1216 793 1289 829 hec
1321 794 1428 830 bona
1461 802 1542 829 tarn

233 851 403 888 faciliter
434 864 508 900 pro
542 853 648 888 bono
682 851 792 899 pacis
826 850 1029 888 dimittere
1069 860 1106 887 et
1146 852 1222 888 hoc
1262 850 1468 888 dimittens
1502 863 1545 887 ex

179 923 217 944 10
234 909 434 946 eleccione
467 909 576 946 fatua
610 918 667 946 est
701 910 937 958 culpandus.
972 912 1073 946 Nam
1108 911 1260 946 bonum
1295 909 1461 946 honoris
1484 909 1545 946 vel

232 966 437 1004 commodi
470 968 618 1004 durans
650 969 699 1004 ad
732 976 890 1016 tempus
924 968 1128 1004 modicum
1162 967 1286 1004 nichil
1309 976 1377 1004 aut
1400 980 1542 1016 parum

230 1027 335 1063 valet
366 1025 567 1062 viantibus
599 1025 674 1062 nisi
709 1026 810 1062 forte
843 1025 920 1062 illis
953 1025 1196 1074 ponentibus
1236 1026 1296 1061 hic
1329 1033 1542 1062 manentem

231 1085 421 1120 civitatem
456 1092 491 1120 et
529 1084 742 1120 nolentibus
780 1083 1071 1121 beatitudinem
1101 1085 1287 1133 suturam
1327 1084 1541 1133 acquirere.

291 1144 339 1178 Et
373 1143 422 1178 ad
457 1143 531 1178 hoc
564 1141 669 1178 idem
704 1142 836 1178 valent
869 1142 1042 1178 sedecim
1080 1142 1338 1178 condiciones
1363 1141 1542 1178 caritatis
1593 1147 1812 1187 The-sixteen*

179 1201 294 1248 15(ut
327 1199 422 1237 alibi
456 1201 711 1246 declaratur).
758 1203 859 1237 Nam
907 1213 996 1237 cum
1039 1200 1111 1237 iste
1152 1199 1411 1237 condiciones
1452 1209 1543 1236 sunt
1581 1183 1808 1245 cgsszclhrflongsst

234 1258 443 1295 manifeste
477 1258 680 1295 contrarie
713 1258 826 1295 bellis
860 1258 939 1295 iam
974 1258 1145 1305 usitatis,
1192 1258 1451 1295 manifestum
1486 1267 1543 1294 est
1590 1250 1802 1288 againsiwar.

233 1318 341 1366 quod
374 1316 414 1353 in
446 1316 523 1353 illis
557 1329 596 1353 se
631 1316 851 1353 exercitans
885 1329 924 1353 se
958 1317 1106 1365 spoliat
1140 1329 1161 1353 a
1186 1317 1323 1365 regula
1347 1316 1540 1353 caritatis.

233 1377 281 1411 Et
315 1387 402 1411 cum
437 1375 598 1411 nuditas
633 1376 681 1411 ab
715 1374 783 1411 illa
817 1375 922 1411 exuit
955 1374 1161 1411 hominem
1195 1388 1215 1412 a
1250 1387 1386 1423 regno,
1433 1384 1543 1422 patet

233 1434 340 1482 quod
375 1432 541 1481 quilibet
574 1432 629 1469 sic
662 1434 814 1469 bellans
847 1441 1014 1482 propter
1037 1434 1187 1469 bonurn
1212 1433 1306 1469 belli
1328 1432 1452 1469 nichil
1475 1442 1543 1469 aut

175 1504 216 1526 20
234 1491 437 1528 modicum
494 1490 661 1527 dimittit
713 1491 836 1539 gratis
884 1491 1176 1528 beatitudinem
1226 1504 1345 1540 quam
1396 1492 1542 1527 habere

232 1558 367 1598 posset
398 1548 562 1585 liberius
596 1561 641 1585 ac
674 1549 842 1586 facilius.
877 1552 982 1586 Deus
1007 1549 1112 1586 enim
1145 1551 1212 1586 dat
1245 1551 1395 1585 bonum
1431 1549 1542 1597 pacis

233 1607 386 1645 homini
419 1620 465 1644 eo
499 1607 586 1656 ipso
620 1609 728 1655 quod
768 1609 835 1644 dat
874 1607 948 1644 sibi
988 1607 1175 1645 virtutem
1215 1607 1395 1656 aliquam
1435 1609 1543 1656 quod

233 1675 290 1703 est
322 1665 574 1711 facillimum,
610 1678 700 1702 cum
735 1667 885 1703 bonum
920 1665 1019 1702 illud
1052 1665 1235 1702 consistit
1258 1665 1298 1702 in
1322 1665 1543 1702 dileccione

232 1724 406 1761 hominis
439 1723 676 1760 racionabili
710 1737 830 1772 quam
864 1725 1010 1761 habere
1043 1723 1168 1773 possit
1200 1723 1403 1761 facillime.

175 1786 214 1818 25
289 1785 370 1819 Nee
404 1783 537 1819 valent
569 1782 838 1819 hereticorum
875 1782 1080 1819 evasiones
1105 1782 1186 1819 sive
1210 1781 1378 1819 consilia
1403 1782 1442 1817 in
1468 1782 1541 1818 hac
1559 1790 1581 1817 rt
1602 1790 1627 1817 is
1652 1790 1744 1829 urged
1767 1790 1830 1817 that

231 1849 364 1889 parte:
399 1840 546 1877 Dicunt
570 1840 675 1877 enim
700 1841 1001 1889 pseudofratres
1025 1842 1133 1889 quod
1158 1853 1248 1877 cum
1275 1841 1397 1877 homo
1422 1841 1541 1876 habet
1574 1833 1650 1887 lulag
1667 1826 1813 1887 ,ζῖῃῗῆῗέῇῑ

230 1899 429 1935 iusticiam
463 1908 545 1936 tarn
585 1900 635 1935 ad
676 1900 827 1935 bonum
866 1899 1049 1935 naturale
1089 1912 1209 1948 quam
1250 1900 1401 1935 bonum
1440 1907 1540 1934 tern-
1635 1894 1752 1929 justice.

230 1958 369 2005 porale
414 1958 523 2005 quod
567 1957 759 2005 possidet,
810 1958 927 1993 debet
972 1970 1098 2005 usque
1146 1959 1194 1993 ad
1245 1965 1417 1993 mortem
1466 1969 1539 2004 pro

231 2015 462 2052 defensione
495 2014 600 2051 illius
634 2015 790 2051 iusticie
826 2014 1012 2058 militare,
1049 2024 1086 2052 et
1109 2017 1181 2051 sub
1207 2015 1282 2051 isto
1307 2015 1442 2051 colore
1466 2027 1539 2063 pro

173 2078 215 2109 30
230 2073 482 2110 defendenda
506 2073 579 2109 Dei
612 2072 771 2110 iusticia
804 2082 841 2110 et
874 2074 1051 2110 humana
1085 2086 1129 2109 ac
1163 2072 1338 2110 hominis
1368 2072 1540 2109 utilitate

228 2132 386 2168 laborat
418 2133 541 2168 homo
574 2140 656 2168 tam
691 2131 804 2168 anxie
836 2131 876 2167 in
910 2132 1110 2168 bellando.

368 2192 555 2226 preterea
595 2202 684 2226 curn
727 2190 849 2226 homo
891 2191 1008 2226 debet
1050 2189 1214 2237 diligere
1253 2201 1452 2238 pauperes
1492 2190 1540 2225 de
1583 2202 1798 2237 2.10p1·otect

229 2261 300 2285 sua
333 2248 464 2297 patria
507 2247 573 2297 qui
612 2248 743 2284 forent
781 2247 943 2284 tractati
983 2247 1102 2284 nimis
1142 2247 1358 2284 crudeliter
1397 2259 1443 2283 ac
1482 2247 1539 2283 in-
1569 2233 1816 2302 'heffifiiieimm

228 2306 412 2354 fideliter,
451 2305 482 2342 si
528 2314 730 2343 contratta
775 2319 846 2342 sua
891 2318 962 2354 per
1000 2305 1250 2343 adversarios
1295 2305 1345 2341 sit
1388 2305 1538 2351 invasa,

170 2368 209 2401 35
227 2366 344 2401 debet
378 2364 550 2401 militare
582 2377 708 2413 usque
742 2365 792 2400 ad
826 2373 998 2400 mortem
1034 2377 1106 2412 pro
1132 2363 1362 2400 defensione
1384 2362 1540 2400 iusticie

225 2435 451 2472 pauperum
484 2422 594 2470 regni
627 2422 700 2468 sui,
748 2431 784 2458 et
823 2422 948 2459 tercio
990 2435 1079 2459 cum
1122 2423 1239 2459 debet
1279 2423 1414 2459 hostes
1447 2434 1540 2458 suos

294 2554 318 2573 2.
339 2547 351 2574 I
372 2547 401 2574 in
423 2554 538 2581 marg:
567 2544 611 2573 De
630 2545 726 2572 bellis.
799 2544 824 2572 3.
847 2545 872 2572 D
894 2545 922 2572 in
945 2553 1042 2579 marg.
1066 2554 1152 2581 sup.:
1181 2544 1297 2572 Bonum
1313 2544 1402 2580 pacis
1422 2548 1467 2571 est
1483 2552 1540 2571 me-

223 2581 282 2608 lius
295 2589 386 2616 quam
406 2581 507 2609 omnia
528 2582 613 2608 lucra
633 2580 739 2608 mundi
757 2582 788 2607 et
805 2581 902 2607 omnis
921 2580 1021 2607 honor
1040 2580 1147 2608 mundi
1163 2588 1221 2621 pro
1241 2580 1350 2615 quibus·
1366 2582 1539 2615 pugnatur.

226 2624 262 2643 12.
284 2617 330 2643 A:
359 2616 420 2643 illis
440 2618 534 2643 deest.
662 2616 701 2642 io.
724 2616 768 2642 A:
796 2615 936 2642 visitastis:
1066 2623 1103 2649 ¹7-
1126 2615 1194 2642 bh:
1222 2615 1397 2641 exercitans
1416 2615 1539 2649 spoliat.

226 2652 266 2678 18.
287 2652 314 2678 l:
343 2651 385 2678 ad
402 2651 465 2678 illa.
598 2658 636 2677 21.
664 2651 675 2677 I
705 2650 734 2677 in
763 2658 848 2685 marg
870 2659 876 2676 ε
905 2650 1028 2676 Bellanc
1052 2651 1169 2685 spoliat
1191 2658 1224 2676 se
1250 2650 1362 2684 regula
1389 2649 1539 2676 caritatis:

223 2684 266 2712 23.
281 2687 325 2713 A:
347 2694 410 2713 cum
425 2686 603 2713 dileccione.
661 2693 707 2718 24.
730 2685 759 2712 I:
780 2684 861 2719 quod
872 2684 999 2711 habetur
1033 2693 1101 2711 osse
1111 2684 1268 2721 facillime
1278 2694 1288 2715 ;
1310 2684 1350 2711 ib.
1367 2684 1406 2710 E:
1426 2688 1538 2719 pos-sel.

224 2721 264 2748 25.
286 2721 462 2748 evasiones:
485 2720 509 2747 E
529 2719 681 2755 corrigere
702 2720 781 2747 vult:
801 2720 980 2751 szcasz'ones;
1008 2693 1031 2746 ἕ
1052 2720 1080 2746 in
1103 2728 1217 2754 marg:
1244 2718 1464 2746 Persuasiones
1483 2726 1539 2752 pro

223 2755 307 2782 bellis
326 2763 431 2790 supra.
453 2763 476 2782 1.
568 2763 612 2790 27.
634 2755 662 2782 I:
690 2762 778 2789 quam
799 2754 842 2781 ad
860 2754 988 2781 bonum:
1016 2755 1056 2781 ib.
1079 2755 1089 2781 Ι
1110 2754 1139 2781 in
1162 2762 1275 2788 marg:
1304 2752 1540 2787 Pseudosralrex

224 2791 387 2817 consulunt
403 2790 446 2817 ad
464 2790 551 2817 bella.
633 2797 679 2824 29.
705 2791 726 2816 Ι)
748 2790 778 2816 in
800 2797 915 2824 marg:
942 2789 987 2816 De
1004 2797 1124 2824 pugna.
1207 2788 1251 2816 32.
1275 2788 1296 2815 li
1317 2788 1346 2815 in
1369 2796 1482 2821 marga
1511 2796 1538 2813 2¹.

224 2823 271 2852 36.
291 2825 316 2852 E
336 2825 366 2852 in
387 2833 502 2860 marg:
521 2834 563 2859 3,,-
592 2825 632 2851 ib.
653 2825 697 2851 D:
726 2825 821 2851 tercio
842 2824 936 2851 deest.

299 2906 347 2928 12.
374 2897 478 2929 {it-br.
504 2898 589 2936 xm,
616 2908 663 2938 14.
