2062 3276
187 241 264 286 134
767 245 990 278 JOHANNIS
1009 243 1193 275 WYCLIF
1213 241 1469 274 sERMONUM
1529 227 1681 286 [smnio
1702 236 1782 265 xvi.

473 353 670 391 secrecius
694 352 744 390 sit
766 365 788 389 a
811 351 963 388 noticia
986 363 1058 387 sua
1081 349 1269 386 alienum.
1293 350 1374 385 Nec
1398 356 1455 384 est
1478 348 1588 384 color
1610 359 1786 384 asserere

473 414 548 449 hoc
582 423 664 448 esse
699 411 833 455 fidem,
862 409 957 458 quia
982 410 1056 444 hoc
1080 407 1187 444 dicto
1210 415 1302 443 ante
1327 405 1626 442 absolucionem
1651 417 1787 452 super-

473 471 614 507 flueret
647 477 782 517 petere
815 466 1128 515 indulgenciam,
1160 477 1233 501 nec
1266 465 1341 500 hoc
1375 472 1433 500 est
1455 476 1543 511 spes
1567 462 1787 499 absolventi

472 529 533 565 vel
565 527 638 563 sibi
673 525 898 563 deducibile
931 523 1106 561 racione.
1152 525 1243 559 Non
1276 521 1381 559 enim
1415 520 1613 570 sequitur:
1653 521 1787 570 Quod-

473 598 618 634 cunque
650 586 790 620 Pettus
823 583 1007 633 ligaverit
1040 582 1099 617 vel
1141 581 1302 617 solverit
1344 592 1462 628 super
1507 586 1670 624 tertam,
1717 579 1822 614 erit5

474 645 639 694 ligatum
674 643 733 678 vel
764 643 930 678 solutum
965 648 1000 676 et
1032 640 1067 675 in
1100 639 1203 685 cells,
1247 651 1341 685 ergo
1375 650 1480 700 papa
1514 636 1587 673 iste
1620 635 1790 672 absolvit

475 704 637 738 Petrum
662 713 683 736 a
709 699 877 736 crimine
900 698 980 735 sive
1004 697 1114 745 ligat,
1139 706 1224 732 tum
1249 696 1342 745 quia
1366 704 1444 731 stat
1460 694 1579 731 istum
1608 690 1613 747 Ι
1642 707 1787 742 papam
1806 673 1889 751 {⁰}

473 759 595 797 vitam
631 757 780 794 Christi
814 766 850 793 et
884 755 990 793 Petri
1023 754 1240 804 despicere,
1275 753 1330 790 sic
1364 754 1471 802 quod
1495 752 1601 789 istud
1624 753 1789 788 verbum

475 817 525 854 sit
558 818 606 853 ab
639 816 726 864 ipso
760 814 928 851 omnino
961 823 1208 857 extraneum,
1254 821 1338 848 tum
1386 811 1527 856 eciam,
1574 810 1667 858 quia
1712 817 1792 846 stat

477 875 607 912 claves
640 873 812 910 sciencie
846 873 981 921 quoad
1027 870 1328 908 absolucionem
1375 869 1492 905 istam
1540 868 1710 904 deficere
1756 876 1851 903 etio

476 933 533 969 sic
566 932 653 980 ipso
686 931 726 967 in
760 932 835 967 hoc
869 939 1026 967 errante
1059 938 1137 966 stat
1170 928 1301 977 ipsum
1336 936 1478 976 putare
1511 939 1551 962 se
1580 926 1732 962 solvere
1756 934 1793 961 et

477 1003 559 1027 non
596 1002 700 1034 vere,
741 1002 833 1025 nam
874 998 915 1024 ut
955 986 1224 1024 communiter
1264 986 1365 1022 solet
1404 984 1482 1021 dici
1523 985 1794 1033 quodcunque

477 1051 618 1085 Petrus
650 1049 711 1084 vel
745 1047 827 1083 eius
860 1045 1033 1083 vicarius
1067 1044 1228 1082 solverit
1262 1044 1322 1081 vel
1355 1042 1536 1091 ligaverit
1569 1055 1688 1090 super
1717 1050 1793 1077 ter-

477 1120 563 1143 ram
597 1114 727 1142 stante
761 1104 1043 1142 conformitate
1077 1116 1167 1140 cum
1201 1102 1477 1150 triumphante
1510 1099 1691 1144 ecclesia,
1737 1098 1794 1135 sic

479 1174 537 1201 est
569 1164 609 1200 in
643 1163 749 1209 celis,
790 1172 826 1199 et
865 1175 947 1199 non
979 1170 1140 1210 oportet
1179 1161 1269 1205 hoc,
1309 1159 1340 1195 si
1379 1159 1475 1195 false
1514 1171 1554 1195 se
1593 1156 1851 1206 pretendit15

479 1223 632 1259 solvere
670 1222 731 1258 vel
774 1221 912 1269 ligare,
959 1219 1052 1268 quia
1096 1228 1192 1255 tunc
1234 1227 1334 1254 esset
1375 1216 1543 1253 omnino
1585 1215 1795 1264 potencior

480 1280 610 1328 capite
645 1278 810 1316 ecclesie
844 1277 1011 1314 domino
1043 1279 1134 1314 Jesu
1167 1275 1342 1313 Christo.

188 1347 255 1375 The
270 1345 360 1374 claim
376 1345 465 1372 made
538 1338 578 1374 Si
612 1346 746 1374 autem
781 1336 938 1373 dicatur
971 1336 1078 1384 quod
1111 1333 1401 1371 condicionalis
1440 1333 1515 1369 ista
1548 1340 1605 1368 est
1638 1333 1685 1368 de
1719 1331 1795 1367 fide

214 1381 436 1451 ¹?ssnssffispssfie
481 1395 660 1439 ecclesie,
706 1394 737 1431 si
770 1407 876 1443 papa
909 1393 1054 1442 aliquis
1087 1391 1289 1441 pretendit
1321 1404 1361 1427 se
1408 1390 1675 1440 quovismodo
1719 1389 1796 1425 sol-

230 1451 424 1478 sinlessness.
480 1466 570 1491 vere
593 1454 653 1490 vel
678 1453 813 1501 ligare,
842 1464 888 1488 eo
912 1451 999 1499 ipso
1024 1450 1205 1488 Christus
1229 1449 1377 1486 assistit
1400 1447 1654 1497 propositum
1678 1460 1794 1483 suum
1813 1460 1855 1481 20

481 1512 667 1560 implens.
724 1513 872 1547 Revera
917 1509 1022 1546 idem
1069 1517 1169 1545 esset
1215 1507 1346 1544 dicere
1392 1509 1493 1544 hanc
1542 1505 1711 1543 heresim
1759 1514 1795 1541 et

482 1570 614 1606 dicere
648 1569 757 1617 quod
790 1581 894 1616 papa
927 1580 1008 1604 non
1041 1575 1173 1615 potest
1212 1566 1251 1602 in
1292 1565 1368 1602 isto
1408 1564 1556 1601 iudicio
1595 1577 1617 1600 a
1660 1562 1794 1599 divino

481 1626 691 1676 proposito
716 1625 947 1670 deformari,
982 1634 1018 1661 et
1052 1638 1141 1661 cum
1176 1632 1309 1673 posset
1342 1623 1381 1659 in
1414 1622 1490 1659 isto
1524 1634 1657 1658 errare
1687 1620 1796 1657 facil-

481 1686 576 1722 lime
609 1684 640 1721 si
674 1696 841 1732 peccare
874 1683 1036 1731 poterit,
1082 1691 1176 1718 tunc
1222 1691 1278 1718 est
1322 1681 1488 1717 omnino
1521 1678 1797 1728 impeccabilis

482 1753 519 1780 et
563 1752 657 1779 tunc
702 1741 903 1778 infinitum
951 1742 1141 1777 excedens
1188 1742 1348 1776 Petrum
1394 1740 1454 1775 vel
1498 1747 1555 1774 est
1588 1740 1693 1774 Deus
1737 1737 1854 1773 ve125

483 1801 676 1849 dyabolus
714 1800 958 1836 incarnatus.
1008 1801 1109 1835 Nam
1149 1797 1181 1834 si
1225 1810 1295 1845 per
1339 1796 1586 1845 impossibile
1634 1795 1675 1831 in
1723 1794 1798 1831 isto

483 1858 616 1896 officio
664 1858 926 1894 confirmatus
972 1857 1103 1893 adhuc
1147 1864 1280 1904 posset
1325 1868 1414 1891 eum
1448 1856 1553 1890 Deus
1598 1852 1797 1889 dimittere

484 1916 659 1953 libertati
683 1915 742 1952 sui
767 1914 920 1952 arbitrii
945 1924 982 1951 et
1015 1926 1200 1962 peccare3
1232 1925 1339 1961 ymo,
1374 1925 1463 1949 cum
1498 1913 1548 1948 ad
1581 1911 1710 1947 claves
1742 1909 1798 1947 sic

484 1974 718 2011 inerrabiles
752 1972 968 2021 requiritur
1008 1971 1164 2008 mistica
1202 1970 1373 2008 sciencia
1414 1968 1659 2018 supradicta,
1704 1981 1798 2017 que-

485 2041 624 2069 rantur
644 2031 872 2080 questiones
905 2039 948 2066 ut
980 2043 1113 2078 supra,
1149 2038 1185 2066 et
1208 2028 1343 2065 statim
1366 2027 1519 2076 patebit
1542 2026 1797 2075 presumpcio
1815 2030 1857 2062 30

485 2091 560 2127 ista
587 2090 700 2135 ficta3
735 2098 772 2125 et
805 2087 1010 2125 evidencia
1043 2097 1100 2124 est
1134 2100 1277 2135 magna
1310 2087 1417 2134 quod
1450 2085 1506 2122 sic
1539 2085 1743 2122 absolutus
1776 2097 1799 2120 a

485 2161 590 2197 papa
624 2156 680 2184 est
713 2146 983 2183 communiter
1015 2144 1181 2194 pronior
1213 2145 1263 2181 ad
1286 2144 1550 2192 peccandum.
1584 2143 1676 2178 Ideo
1699 2141 1799 2178 veri-

486 2205 616 2242 simile
649 2213 706 2241 est
739 2205 847 2253 quod
881 2212 1061 2240 remanet
1094 2203 1134 2239 in
1166 2202 1253 2249 ipso
1285 2211 1495 2250 peccatum
1537 2199 1703 2248 aliquod
1749 2201 1799 2236 ad

486 2264 736 2312 peccandum
770 2261 968 2310 posterius
1000 2260 1055 2297 sic
1088 2260 1304 2305 inclinans3
1337 2271 1473 2307 ymmo
1496 2257 1597 2295 sicut
1620 2257 1800 2294 Christus

488 2322 668 2358 revelans
701 2319 852 2356 homini
885 2332 997 2356 suam
1028 2317 1365 2366 dampnacionem
1389 2316 1519 2365 ipsum
1543 2314 1801 2352 necessitaret
1817 2318 1857 2351 35

488 2381 538 2417 ad
572 2379 881 2426 desperandum,
915 2377 970 2414 sic
1002 2389 1108 2425 papa
1133 2376 1205 2412 iste
1229 2376 1435 2412 absolvens
1458 2373 1663 2410 hominem
1689 2374 1802 2410 daret

489 2436 562 2474 sibi
595 2436 849 2474 occasionem
890 2436 939 2472 ad
983 2443 1193 2483 peccatum
1238 2434 1416 2470 futurum
1460 2432 1521 2469 vel
1564 2431 1800 2480 preteritum

560 2591 580 2609 1.
602 2582 644 2609 D:
666 2581 741 2609 Nam
763 2584 815 2608 est.
880 2588 905 2608 2.
927 2580 995 2607 DE.
1018 2579 1178 2615 quodlzoc.
1243 2578 1279 2606 15.
1301 2578 1369 2606 DE:
1389 2577 1477 2605 debet
1494 2578 1561 2605 lmc.
1625 2585 1670 2611 22,
1692 2575 1734 2604 23.
1755 2577 1799 2604 A:

489 2626 507 2644 α
527 2617 631 2644 diiino
650 2632 683 2636 --
702 2625 757 2643 err
758 2624 815 2643 tm’
835 2616 928 2642 deest
994 2615 1037 2641 28.
1059 2616 1103 2641 A:
1124 2617 1225 2640 tamen
1246 2621 1321 2640 cum
1389 2620 1435 2642 20.
1450 2614 1494 2640 A:
1516 2612 1688 2648 requiritur
1707 2611 1800 2639 deest

490 2651 578 2679 31.A
552 2653 595 2679 A:
622 2654 652 2678 et
671 2651 765 2678 deest.
839 2649 882 2677 32.
905 2650 972 2676 DE:
999 2649 1225 2684 adpwccatum
1299 2647 1338 2675 35.
1360 2647 1385 2674 D
1406 2644 1436 2674 in
1458 2655 1573 2686 marg·
1597 2646 1702 2681 Quare
1722 2646 1803 2673 Deus

491 2695 551 2748 731ng
604 2686 852 2747 ωιίτξίῖἐὲῗίῑέῗινδσ
882 2684 999 2711 lzommi
1023 2692 1110 2711 suam
1142 2682 1414 2718 ἰαιηρηασιἮοηιιη
1444 2681 1467 2709 E
1499 2681 1529 2709 in
1563 2689 1676 2716 marg*
1710 2679 1799 2708 N.olz

532 2743 537 2748 .
592 2730 598 2747 ι
681 2732 689 2747 ι

560 2826 592 2856 4.
626 2815 677 2849 Cf.
710 2815 828 2847 Matth.
862 2815 949 2854 XVI,
981 2825 1030 2857 ¹9·
1065 2813 1117 2846 Cf.
1136 2812 1296 2856 Wyclif’s
1329 2812 1380 2843 De
1414 2811 1580 2851 Ecclesia,
1613 2821 1691 2853 pag.
1726 2810 1800 2853 578,

494 2863 660 2901 Cruciata‚
688 2861 762 2892 Pol.
779 2861 918 2901 Whrks,
946 2871 1022 2903 pag.
1049 2859 1126 2902 (324.
