2062 3276
193 286 244 331 76
774 294 998 328 JOHANle
1018 293 1203 325 WYCLIF
1223 293 1478 326 SERMONUM
1565 280 1718 338 [sERMo
1739 289 1790 318 1x.

479 404 527 438 Et
565 400 649 437 istis
689 403 1003 450 correspondent
1041 402 1113 438 hec
1151 400 1227 438 tria
1269 402 1408 438 verba:
1456 401 1589 448 Petite,
1633 401 1791 450 querite,

472 460 639 509 pulsate.

188 527 256 555 The
277 535 403 569 prayer-s
423 527 458 554 of
536 520 584 554 Et
616 527 725 566 patet
757 520 961 566 quomodo
1005 517 1140 554 oracio
1183 515 1446 565 predestinati
1490 525 1548 552 est
1590 516 1790 552 infinitum

187 563 458 627 Ῐξζξῐῇζξῗξῗᾞῗζῗ
479 575 619 612 melior
651 589 772 625 quam
806 576 942 613 oracio
975 575 1148 623 presciti,
1183 588 1273 611 cum
1308 577 1413 610 Deus
1446 574 1514 623 qui
1548 587 1679 611 errare
1711 588 1792 610 non

201 631 442 696 ξξξὶΰῑεῐῇιξξξωθξ
478 643 608 682 potest
652 634 692 670 in
737 647 809 670 suo
852 634 1000 670 iudicio
1045 642 1227 681 acceptat
1271 633 1443 681 primam
1489 634 1539 668 ad
1590 632 1825 668 infinitumf)

237 680 250 696 ι
307 678 316 704 l
420 680 444 696 μ’
479 692 619 728 melius
659 705 779 740 quam
820 693 1050 728 secundam.
1091 693 1141 728 Et
1181 692 1282 727 hanc
1321 692 1489 727 credunt
1528 689 1582 738 pii
1616 702 1699 726 esse
1732 703 1793 726 ra-

479 750 633 786 cionem
670 763 793 798 quare
817 753 922 786 Deus
954 749 1078 786 voluit
1111 748 1500 797 predestinacionem
1535 757 1571 785 et
1594 748 1794 796 prescien-

479 808 581 844 ciam
629 821 712 844 esse
755 807 870 845 nobis
915 807 1169 844 absconditas
1214 807 1277 843 hic
1315 807 1355 843 in
1392 806 1469 853 via,
1508 816 1551 843 ut
1594 805 1794 854 fugiamus

479 867 648 902 mercari
681 880 754 914 pro
787 866 1142 914 deprecacionibus
1175 867 1443 902 sacerdotum.
1488 865 1528 901 Si
1561 864 1667 901 enim
1701 877 1795 901 con-

480 926 628 961 ducens
674 927 949 972 presbyterum
990 923 1039 960 sit
1078 923 1373 971 predestinatus
1413 932 1449 959 et
1486 923 1550 959 ille
1590 924 1852 970 presbyterm

481 992 642 1018 curatus
680 983 740 1019 vel
778 984 955 1030 prelatus
994 982 1043 1018 sit
1082 982 1289 1030 prescitus,
1328 981 1530 1017 infinitum
1571 981 1659 1028 plus
1691 981 1794 1016 valet

188 1043 463 1106 ’ξέῑιξὸῃίέῖῦὺῐιῗὲἰδὲξ
481 1040 667 1077 meritum
703 1050 740 1077 et
771 1040 907 1077 oracio
941 1040 1201 1077 conducentis
1225 1052 1346 1088 quam
1369 1040 1472 1075 valet
1505 1039 1692 1075 meritum
1726 1048 1794 1074 aut

267 1110 390 1149 psam-J
438 1099 455 1114 ⁷⁸
480 1099 615 1136 oracio
655 1098 886 1135 huiusmodi
925 1098 1156 1135 sacerdotis.
1204 1097 1302 1143 Quis
1332 1094 1335 1149 1
1366 1110 1458 1145 ergo
1498 1098 1672 1145 prudens
1711 1105 1792 1132 tarn

480 1156 623 1194 stolide
658 1158 926 1194 mercaretur?

537 1217 721 1251 Secunda
750 1228 840 1263 pars
874 1214 1066 1262 evangelii
1099 1213 1209 1250 addit
1233 1214 1416 1250 fidelibus
1449 1213 1651 1249 racionem
1675 1213 1793 1249 aliam
1815 1217 1851 1249 15

479 1273 752 1321 parabolicam
777 1275 825 1310 ad
849 1273 956 1321 ipsos
973 1274 1021 1308 de
1049 1271 1305 1308 oracionibus
1328 1271 1471 1307 debitis
1495 1271 1793 1317 confidendum,

191 1335 462 1397 xii-'tiisitiissaillgltiid
479 1333 629 1367 addens
675 1331 871 1379 triplicem
918 1331 1152 1379 parabolam
1208 1331 1412 1378 quomodo
1460 1329 1531 1366 Dei
1573 1328 1679 1365 filius
1722 1341 1794 1364 non

193 1391 317 1440 pra330rs
338 1405 397 1431 wjn
422 1405 457 1431 bc
474 1390 660 1439 porriget
683 1388 851 1438 lapidem
876 1389 988 1425 fratri
1022 1401 1094 1424 suo
1118 1401 1259 1437 panem
1283 1400 1356 1435 pro
1381 1387 1531 1424 cibario
1555 1387 1793 1435 postulanti;

237 1439 409 1466 answered.
479 1460 545 1483 nec
592 1447 696 1483 dabit
739 1455 955 1497 serpentem
989 1459 1066 1496 pro
1100 1446 1208 1495 pisce
1245 1458 1311 1482 nec
1345 1457 1422 1495 pro
1462 1458 1532 1481 0210
1568 1445 1687 1494 petito
1720 1457 1793 1492 pro

480 1505 614 1542 edulio
646 1506 910 1555 scorpz'onenz;
953 1505 1008 1541 sic
1053 1504 1158 1540 enim
1198 1503 1346 1540 faciens
1385 1504 1485 1540 foret
1524 1503 1628 1540 filius
1660 1503 1852 1550 Belya120

480 1563 686 1600 derisivus.
733 1564 777 1599 Si
813 1576 910 1613 ergo
950 1562 1018 1599 filii
1055 1561 1127 1598 Dei
1159 1562 1312 1598 viantes
1354 1562 1494 1598 volunt
1534 1574 1577 1597 ex
1615 1560 1794 1596 bonitate

481 1623 783 1669 quodammodo
835 1621 1008 1657 naturali
1061 1621 1156 1656 dare
1200 1619 1388 1656 fratribus
1439 1619 1519 1655 suis
1566 1618 1793 1667 petentibus

481 1680 724 1724 huiusmodi,
758 1680 854 1715 hona
889 1680 992 1719 data,
1026 1691 1119 1725 ergo
1153 1679 1280 1713 multo
1320 1678 1447 1727 magis
1485 1678 1572 1713 fons
1606 1676 1794 1713 bonitatis

481 1740 585 1774 Deus
619 1737 727 1774 dabit
758 1737 950 1773 creaturis
973 1736 1053 1773 suis
1076 1736 1208 1784 ipsum
1233 1735 1350 1783 digne
1374 1735 1599 1783 petentibus
1617 1735 1791 1784 pociora.

480 1798 592 1832 Patet
631 1795 936 1843 consequencia,
970 1794 1064 1843 quia
1103 1794 1259 1830 bonitas
1300 1802 1336 1830 et
1369 1793 1514 1829 caritas
1554 1792 1794 1829 necessitant
1812 1797 1851 1829 25

479 1855 529 1890 ad
573 1854 705 1890 taliter
750 1853 992 1889 faciendum.
1041 1852 1117 1889 Ubi
1163 1861 1220 1888 est
1265 1864 1358 1899 ergo
1406 1851 1560 1887 minera
1604 1850 1795 1887 bonitatis

481 1911 727 1957 huiusmodi,
780 1911 889 1947 dabit
933 1911 1050 1959 digne
1101 1910 1327 1958 petentibus
1377 1909 1556 1946 meliora.
1622 1911 1669 1945 Et
1724 1909 1794 1944 hec

480 1969 588 2006 racio
622 1983 746 2018 quare
779 1969 961 2005 Christus
994 1970 1109 2005 docet
1142 1981 1213 2004 nos
1247 1977 1381 2015 petere
1420 1967 1643 2015 spiritualia
1675 1975 1795 2014 atque

480 2041 638 2076 magna,
673 2028 767 2076 quia
800 2040 879 2063 non
913 2029 1025 2063 decet
1058 2028 1186 2062 Deum
1223 2025 1481 2073 magnificum
1515 2027 1609 2061 dare
1641 2034 1796 2071 tempo-

480 2086 591 2131 ralia,
637 2099 727 2122 cum
774 2085 1042 2122 communiter
1088 2085 1217 2120 forent
1256 2084 1383 2119 toxica
1422 2082 1653 2131 postulanti,
1694 2082 1853 2121 sicut20

480 2157 560 2180 non
592 2145 705 2180 decet
728 2156 861 2190 regem
886 2143 1092 2190 copiosum
1118 2143 1212 2178 dare
1235 2143 1500 2189 quadrantem
1531 2142 1580 2176 ad
1604 2140 1794 2176 miserum

480 2202 737 2238 relevandum
784 2211 821 2237 et
866 2200 1125 2237 conformiter
1158 2202 1263 2236 Deus
1307 2201 1374 2235 dat
1420 2201 1523 2234 bona
1570 2197 1794 2245 spiritualia

480 2259 561 2295 suis
594 2259 776 2296 fidelibus
810 2268 852 2295 ut
877 2259 995 2295 fldem
1031 2268 1066 2294 et
1089 2258 1254 2294 virtutes
1288 2257 1384 2293 alias
1417 2266 1624 2304 tamquam
1654 2268 1792 2304 panem

482 2327 518 2354 et
541 2317 755 2354 scienciam
780 2327 988 2364 tamquam
1016 2316 1174 2365 piscem.
1209 2317 1309 2351 Cum
1344 2314 1451 2351 enim
1483 2314 1644 2351 sciencia
1673 2313 1793 2363 inflat,

482 2388 561 2411 non
610 2384 666 2412 est
698 2375 834 2411 virtuti
873 2374 1096 2422 theologice
1142 2373 1346 2410 moraliter
1389 2382 1597 2420 coequata.
1647 2371 1794 2407 Oracio
1811 2377 1850 2410 35

1809 1079 1885 1110 Fol.

1811 1123 1890 1168 208¹*

551 2497 575 2524 ’3.
597 2498 619 2525 E
641 2499 670 2525 in
693 2506 806 2533 marg:
828 2497 1137 2529 Predextinacz'mzem,
1153 2496 1374 2532 prescienciam
1390 2503 1486 2530 quare
1499 2495 1581 2522 Deus
1595 2494 1692 2521 voluit
1709 2493 1797 2520 nobis

479 2533 634 2560 abscondi.
716 2533 740 2560 5.
762 2534 804 2559 A:
826 2536 960 2567 accepta.
1046 2540 1072 2565 7.
1094 2532 1105 2558 I
1127 2532 1156 2558 in
1178 2539 1292 2563 marga:
1313 2529 1539 2557 Predestinacio
1561 2532 1591 2556 et
1604 2529 1794 2563 presciencia

480 2576 535 2594 cur
555 2568 641 2594 nobis
658 2570 727 2594 sunt
745 2567 933 2594 abscondita.
1007 2574 1045 2597 12,
1069 2565 1104 2593 11³.
1127 2567 1171 2593 A:
1192 2568 1247 2592 aut
1265 2565 1392 2592 oracio:
1418 2565 1456 2590 ib.
1480 2566 1521 2591 A:
1544 2564 1625 2590 valet
1645 2579 1671 2581 —
1694 2563 1794 2589 huius-

481 2602 565 2629 modi
582 2602 675 2629 deest.
742 2601 778 2629 13.
802 2602 869 2628 DE:
894 2602 968 2633 Oltis
982 2610 1082 2637 rogo:
1102 2601 1141 2627 ib.
1158 2600 1182 2627 D
1199 2601 1228 2627 in
1245 2608 1357 2633 marg:
1381 2598 1590 2626 Condat-tores
1605 2598 1792 2624 oracionum.

481 2637 518 2664 15.
542 2637 582 2663 E:
603 2636 734 2663 addidit.
833 2644 871 2663 21.
893 2634 920 2663 Ii:
955 2636 990 2663 Si
1009 2637 1119 2668 igitur.
1220 2634 1446 2669 24.poc1'01·1·c1;
1474 2633 1507 2660 E.
1529 2641 1626 2659 corr.:
1654 2632 1792 2658 meliora.

481 2672 526 2698 26.
548 2673 591 2698 A:
614 2679 750 2697 munera.
808 2678 850 2703 27.
867 2672 910 2698 A:
933 2671 986 2698 hec
1007 2671 1100 2697 deest.
1158 2668 1272 2702 20—3‘2.
1297 2670 1322 2695 l:
1345 2669 1420 2695 dare
1436 2683 1469 2687 -
1483 2667 1678 2694 relevandum
1698 2666 1791 2692 deest.

481 2705 523 2734 33.
547 2705 774 2740 DE:Jidelil7us
794 2706 895 2737 deest;
923 2706 962 2732 ib.
986 2705 1014 2732 in
1036 2709 1117 2732 textu
1138 2704 1276 2739 aliquas:
1295 2711 1374 2730 corr.
1396 2703 1425 2730 in
1448 2710 1543 2737 marg.
1633 2700 1676 2733 33,
1697 2699 1792 2739 34-—12

491 2755 574 2774 *inies
590 2767 595 2771 .
613 2767 617 2772 .
635 2767 640 2772 .
679 2746 759 2772 isces.
817 2744 857 2772 35.
881 2745 947 2772 DE:
965 2744 1125 2771 moraliter
1145 2744 1244 2770 deest:
1267 2743 1306 2770 ib.
1323 2741 1458 2774 Otac1'0;
1477 2743 1521 2769 A:
1543 2741 1675 2769 omnium
1696 2741 1792 2773 (oimu

483 2792 509 2843 d:
530 2781 626 2808 ow'ni:
663 2781 714 2806 ¹5:
736 2781 912 2807 oracionem
922 2790 932 2811 ;
952 2779 975 2806 E
990 2779 1020 2806 in
1036 2786 1150 2810 marcu:
1173 2778 1357 2813 Spiritualsa
1378 2780 1409 2804 et
1421 2785 1533 2813 magna
1547 2784 1644 2812 quare
1660 2775 1796 2802 Christus

504 2819 572 2843 ocet
596 2818 714 2851 petere.

557 2886 583 2906 1.
622 2875 736 2905 Lucae
767 2874 822 2912 XI,
855 2884 887 2916 9.
1081 2883 1130 2914 17.
1170 2872 1214 2904 ib.
1251 2882 1299 2911 11,
1338 2881 1387 2902 12.
1577 2880 1629 2901 21.
1663 2870 1707 2900 ib.
1744 2870 1793 2902 13.

484 2922 537 2962 34.
563 2922 587 2953 Ι.
614 2921 694 2952 Cor.
712 2920 799 2960 VIII,
823 2930 849 2950 1.
