2062 3276
254 264 389 292 sriuio
413 254 552 311 xxxv]
733 268 777 306 (μ
789 268 924 299 ιΛκίᾺ
953 267 1077 299 PARS.

255 373 394 410 mortis
434 373 605 410 articulo
646 373 740 422 quid
782 382 945 422 propter
986 373 1112 409 morbi
1152 372 1422 420 gravedinem,
1470 373 1564 422 quid

254 440 419 479 propter
441 431 577 477 seculi,
603 431 877 480 proximorum
898 440 935 467 et
951 430 1236 479 temporalium
1253 430 1564 468 sollicitudinem

254 498 291 525 et
329 489 425 537 quid
464 498 629 538 propter
674 489 954 525 demoniorum
1000 488 1191 525 insultum
1232 489 1320 537 plus
1365 501 1565 537 asperum,

255 556 420 594 propter
453 547 592 584 indicti
626 546 718 583 belli
751 555 933 595 optatam
957 546 1167 583 victoriam
1200 559 1281 583 non
1306 547 1423 583 habet
1447 560 1565 595 opor-

221 608 237 640 5
255 604 466 641 tunitatem
492 604 711 650 Christum,
737 614 903 652 peccata
927 605 987 641 vel
1010 605 1178 641 salutem
1206 604 1349 641 mentis
1375 605 1564 650 recolere,

254 662 348 711 quia
372 664 421 699 ad
445 664 520 700 hoc
547 671 707 710 oportet
742 662 927 699 meritum
960 662 1165 711 spirituale
1188 663 1416 711 precedere.
1451 664 1566 699 Unde

254 733 348 768 ergo
388 720 639 768 impenitenti
679 720 884 757 evidencia
922 722 1030 770 quod
1069 720 1162 757 talis
1200 720 1336 768 gracia
1380 722 1566 757 succedet

253 778 327 814 sibi
367 778 406 814 in
446 778 586 815 mortis
625 778 807 825 articulo,
842 778 909 828 qui
949 791 1039 815 cum
1080 778 1211 827 potuit
1251 778 1372 826 gratis
1412 778 1564 814 noluit?

255 838 358 884 Ergo
392 836 497 873 iuxta
531 836 743 873 consilium
772 837 956 885 Apostoli
990 837 1076 873 Gal.
1100 838 1185 882 VIO,
1218 849 1263 873 io
1297 837 1386 872 dum
1419 844 1568 886 tempus

201 895 448 941 1ol1abemus‚
481 907 688 944 operemur
726 895 863 931 bonum
896 896 948 931 ad
979 907 1121 942 omnes,
1154 895 1247 943 quia
1280 903 1463 943 tempore
1494 907 1567 931 suo

255 961 449 989 metemus
482 953 627 989 cencies
649 960 795 989 tantum
820 960 897 989 tam
921 953 956 989 in
980 954 1050 989 hoc
1072 953 1201 990 seculo
1224 965 1337 1002 quam
1361 953 1397 988 in
1419 954 1566 1002 futuro

251 1017 309 1054 (ut
343 1010 438 1047 dicit
472 1011 655 1048 Salvator
688 1010 812 1047 Marci
853 1012 920 1057 X0,
959 1011 1036 1055 30).
1084 1010 1278 1060 Optacius
1317 1010 1422 1047 enim
1465 1011 1567 1047 foret

253 1068 292 1104 in
332 1068 503 1106 articulo
545 1068 684 1105 mortis
730 1070 876 1106 habere
922 1069 1108 1105 iuvamen
1149 1068 1319 1106 alicuius
1356 1068 1483 1106 sancti
1524 1082 1567 1105 ex

253 1128 491 1175 precedente
526 1127 668 1164 merito
701 1140 821 1176 quam
856 1127 993 1164 omnia
1027 1129 1131 1164 bona
1166 1126 1318 1164 mundi.

201 1190 237 1221 15
309 1185 497 1221 Tercium
532 1194 742 1233 peccatum
784 1194 841 1222 est
874 1185 1168 1234 gravissimum,
1210 1198 1299 1222 cum
1334 1197 1377 1222 ex
1410 1185 1565 1222 defectu

255 1242 345 1278 fidei
392 1243 625 1280 induratum
659 1252 716 1280 est
754 1243 793 1280 in
826 1253 1036 1292 peccatum
1069 1243 1236 1280 omnino
1277 1243 1564 1289 irremissibile,

254 1314 347 1348 ergo
386 1314 476 1338 cum
517 1303 660 1338 cadere
697 1301 745 1337 sit
785 1302 1022 1348 humanum,
1067 1301 1250 1339 resistere
1289 1301 1565 1348 christianum,

253 1358 310 1395 sic
344 1359 516 1396 finaliter
549 1361 762 1408 desperare
786 1369 843 1396 est
867 1359 1111 1397 diabolicum
1136 1369 1173 1396 et
1197 1369 1336 1397 contra
1360 1359 1563 1396 racionem

254 1417 416 1453 luminis
439 1417 646 1455 naturalis.
672 1420 776 1454 Deus
800 1418 904 1455 enim
931 1427 988 1455 est
1011 1427 1120 1455 tante
1142 1419 1203 1455 vel
1226 1419 1313 1466 plus
1337 1418 1566 1455 remissivus

197 1490 239 1512 20
253 1476 312 1512 vel
347 1475 573 1512 misericors
596 1489 714 1525 quam
742 1485 799 1513 est
823 1476 1038 1524 punstivus,
1069 1489 1159 1513 cum
1190 1477 1319 1513 solum
1352 1476 1467 1524 punit
1496 1489 1566 1525 per

254 1533 441 1570 accidens
479 1534 693 1571 occasione
732 1536 823 1571 data
857 1544 1104 1583 expectante,
1145 1536 1212 1570 sed
1246 1534 1339 1571 facit
1379 1547 1422 1571 ex
1456 1548 1566 1571 mera

253 1591 388 1639 gracia
421 1605 541 1629 omne
575 1594 739 1632 bonum.
775 1595 829 1629 Ex
863 1606 942 1641 quo
976 1602 1087 1641 patet
1121 1594 1228 1641 quod
1253 1606 1333 1629 non
1358 1602 1415 1629 est
1440 1593 1564 1641 possi-

254 1649 331 1687 bile
371 1652 479 1698 quod
521 1650 680 1688 malicia
724 1651 879 1699 peccati
926 1660 1086 1700 superet
1132 1650 1452 1688 misericordiam
1494 1651 1564 1687 Dei

253 1708 393 1745 nostri.
435 1710 527 1745 Ideo
566 1722 646 1745 non
680 1718 736 1746 est
775 1709 964 1758 possibile
1005 1718 1231 1746 creaturam
1272 1718 1353 1746 tam
1394 1709 1566 1757 graviter

196 1770 236 1802 25
254 1779 435 1814 peccare,
469 1766 565 1815 quin
597 1767 628 1803 si
653 1767 830 1804 converti
854 1768 1025 1804 voluerit
1058 1767 1160 1804 sicut
1184 1776 1328 1816 potest,
1352 1776 1562 1816 peccatum

254 1838 370 1860 suum
418 1837 461 1861 ex
509 1825 694 1873 largitate
741 1825 1017 1862 misericordie
1067 1825 1215 1862 dimitti
1264 1826 1426 1874 poterit.
1473 1827 1565 1862 Ideo

254 1884 474 1919 cavendum
522 1892 578 1919 est
623 1896 672 1920 ne
717 1883 867 1921 incidat
910 1883 949 1919 in
994 1893 1204 1932 peccatum
1252 1885 1359 1932 quod
1398 1884 1565 1920 omnino

254 1940 402 1976 remitti
448 1954 529 1977 non
574 1950 718 1989 potest.
764 1943 1000 1990 Exemplum
1046 1950 1156 1990 patet
1201 1943 1248 1978 de
1288 1942 1565 1979 misericordia

254 1998 324 2034 Dei
371 1998 512 2039 nostri,
558 2009 741 2048 respectu
788 2000 906 2045 Petri,
953 2000 1078 2047 Pauli,
1125 2000 1265 2044 David,
1314 2001 1564 2048 Magdfflene,

197 2063 239 2094 ‘30
253 2070 426 2104 quorum
452 2058 647 2094 memoria
671 2067 707 2094 et
730 2057 931 2106 scriptura
954 2067 1011 2094 est
1035 2071 1081 2095 eo
1105 2058 1302 2095 celebrior
1326 2058 1362 2093 in
1382 2058 1564 2105 ecclesia,

254 2124 295 2150 ut
343 2124 576 2163 peccatores
623 2119 982 2165 quantumcunque
1016 2116 1226 2153 horribiles
1277 2116 1438 2164 capiant
1489 2117 1565 2153 evi—

255 2173 437 2209 denciam
473 2173 678 2222 penitendi
713 2183 749 2210 et
773 2187 883 2223 spem
921 2174 1242 2211 misericordiam
1277 2174 1564 2222 consequendi.

255 2232 425 2279 Oportet
457 2241 590 2268 autem
617 2234 724 2280 quod
748 2232 828 2269 oris
852 2232 1049 2269 confessio
1073 2232 1121 2268 sit
1146 2232 1317 2269 discreta
1346 2232 1563 2280 singilatim

255 2298 291 2324 et
316 2289 588 2337 particulatim
624 2300 660 2327 et
685 2292 802 2338 plane
826 2291 1028 2339 explicans
1063 2290 1393 2327 circumstancias
1427 2304 1566 2338 aggra-

222 2352 405 2394 Svantes‚
445 2357 488 2384 ut
527 2358 687 2395 egrotus
727 2349 995 2397 corporaliter
1035 2361 1125 2385 cum
1168 2362 1312 2396 magna
1352 2348 1566 2397 diligencia

256 2405 492 2453 exprimeret
528 2407 683 2443 medico
717 2407 1047 2444 circumstancias
1071 2407 1297 2455 gravedinis
1331 2407 1461 2443 morbi
1486 2407 1566 2449 sui:

255 2472 407 2510 quanto
455 2464 580 2512 magis
613 2464 795 2502 infirmus
834 2465 1111 2514 spiritualiter,
1151 2465 1216 2501 ubi
1251 2465 1473 2513 periculum
1510 2474 1567 2501 est

255 2521 437 2568 gravius?
471 2523 640 2570 Oportet
673 2536 766 2570 ergo
799 2525 944 2560 nedum
970 2523 1100 2560 verbis
1123 2524 1375 2570 generalibus
1399 2533 1564 2572 peccata

324 2655 349 2683 3.
383 2656 424 2683 D:
458 2660 590 2692 propter
620 2658 721 2686 deest:
760 2658 801 2686 ib.
835 2658 910 2686 GH:
943 2659 1112 2685 demonum.
1250 2659 1277 2686 ⁴5.
1310 2659 1356 2686 A:
1387 2659 1567 2694 procedere.

255 2699 280 2725 7.
303 2691 375 2718 Do·
397 2691 514 2727 1'g1'lur;
544 2692 582 2719 ib.
610 2693 815 2728 impendenti,-
850 2694 875 2721 Η
896 2694 997 2720 addit:
1026 2698 1086 2725 exn
1115 2693 1154 2719 ib.
1180 2695 1221 2720 A:
1248 2695 1401 2721 succedat.
1475 2703 1502 2728 9.
1524 2695 1566 2720 A:

254 2726 364 2761 igilur.
445 2735 477 2753 ιι.
494 2728 536 2753 A:
552 2728 685 2759 ›ensz'1›s‚·
700 2728 739 2754 ib.
757 2728 799 2755 H:
815 2729 845 2755 sn
862 2729 958 2755 deest.
1033 2737 1070 2762 ¹7-
1087 2729 1112 2754 A
1126 2738 1130 2754 :
1148 2728 1254 2763 sanr.
1330 2737 1369 2762 ις).
1388 2730 1430 2756 A:
1447 2730 1570 2756 luminis

255 2762 442 2791 racionalis:
472 2761 515 2788 H:
546 2763 656 2789 animis
685 2764 837 2790 naturale.
947 2771 993 2790 μω.
1024 2765 1067 2790 A:
1098 2771 1186 2798 quam
1217 2767 1264 2790 est
1286 2764 1444 2797 punl'tivus
1473 2765 1567 2790 deest.

255 2794 296 2822 2¹3.
319 2795 361 2823 l-l:
382 2799 552 2831 superarer
644 2797 685 2824 25.
708 2797 779 2825 DC:
800 2798 880 2825 sieut
896 2802 989 2833 pales.
1083 2797 1124 2824 33.
1148 2802 1171 2824 υ
1194 2798 1222 2824 iu
1245 2806 1358 2833 marg..-
1377 2798 1568 2830 'Confitenda

254 2833 324 2857 sunl
346 2834 475 2868 ¹peccata
500 2831 616 2858 Christi
638 2832 757 2859 vicario
779 2834 872 2867 plene
898 2841 963 2859 cum
989 2833 1126 2859 omnibus
1157 2833 1418 2860 circumstantibus
1438 2833 1567 2868 peccati.

255 2864 373 2926 ’ἔκ-30..
397 2866 438 2892 H:
462 2870 676 2902 aggravantes
696 2883 728 2887 —
747 2868 999 2895 circumstancias
1020 2867 1114 2895 deest.
1188 2867 1232 2895 38.
1253 2869 1297 2895 A:
1324 2871 1449 2903 oportet
1466 2868 1567 2901 deest3

292 2909 298 2926 ι
319 2904 427 2937 lgllur.

1777 259 1850 295 303

1595 1192 1730 1227 llespair
1749 1193 1775 1231 is
1793 1193 1845 1231 *the

1606 1232 1701 1254 worst
1722 1230 1752 1254 ol
1774 1236 1838 1254 sins

1607 1263 1665 1288 aud
1687 1262 1829 1289 devilisb.

1624 2240 1811 2267 Confession

1597 2276 1706 2303 should
1730 2276 1764 2302 be
1785 2275 1838 2303 sul!

1590 2311 1648 2336 and
1671 2310 1847 2344 particular.
