2062 3276
214 877 251 897 10

212 1157 246 1188 15

207 2029 249 2060 30

267 233 402 261 sumno
424 224 573 280 μνη]
748 236 938 275 QUARTA
967 237 1089 267 PARS.

267 343 414 379 ventris
454 343 626 390 ingluvie
665 344 913 389 abstinendo,
960 342 1029 378 viri
1073 342 1280 378 consorcia
1322 342 1508 389 fugiendo
1550 352 1584 379 et

266 401 538 449 occupacione
563 403 703 438 devota
724 401 978 437 occasionem
1003 400 1154 436 luxurie
1179 399 1304 436 eciam
1335 399 1585 448 cogitacione

266 459 404 496 illicita
438 460 714 508 prescidendo.
750 461 835 495 Hoc
869 458 973 494 enim
998 457 1182 506 figuravit
1207 457 1399 494 transitus
1421 458 1584 505 virginis

265 530 348 553 cum
371 518 640 566 festinacimze.
676 519 761 553 Hoc
785 516 969 564 figuravit
1003 516 1209 553 conversio
1243 515 1375 552 uxoris
1409 516 1512 552 Loth
1544 516 1584 552 in

265 584 434 612 statuam
471 575 563 611 salis
597 587 638 611 ex
676 574 949 623 respeccione;
991 583 1027 610 et
1068 575 1142 610 hoc
1183 575 1299 610 docet
1339 575 1477 610 beatus
1510 575 1582 610 Job

265 633 332 682 qui
368 634 519 683 pepigit
551 634 676 681 fedus
714 645 798 669 cum
840 633 960 668 oculis
997 633 1092 679 suis,
1133 640 1171 667 nt
1205 644 1276 667 non
1310 632 1503 682 cogitaret
1537 633 1582 667 de

266 692 422 739 virgine.
482 694 582 727 Nam
635 690 831 727 memoria
882 690 999 726 huius
1045 690 1199 738 peccati
1244 702 1286 725 ex
1331 689 1582 737 proclivitate

265 758 397 785 movet
455 749 642 786 affectum
703 758 739 785 et
798 757 1090 797 consequenter
1148 761 1169 784 a
1227 747 1371 784 virtute
1433 747 1581 784 motiva

266 815 476 844 moventur
494 819 647 854 organa
665 806 846 856 corporis
862 808 911 843 ad
928 819 1028 855 opus
1047 805 1231 842 illicitum
1252 807 1580 853 perpetrandum.

265 867 312 901 Et
356 865 447 901 licet
493 877 630 901 omnes
676 864 880 901 christiani
927 874 1136 901 teneantur
1181 876 1319 900 cavere
1370 863 1581 910 luxuriam,

264 923 492 971 specialiter
524 932 660 960 tamen
693 923 732 959 in
765 923 833 959 illa
866 922 1080 971 parrochia
1114 935 1157 958 ex
1190 923 1265 958 hoc
1290 923 1398 970 quod
1422 923 1580 958 beatam

263 981 455 1029 virginem
509 994 586 1029 que
630 991 783 1018 tantum
831 981 915 1017 odit
962 982 1038 1017 hoc
1087 980 1233 1017 vicium
1281 979 1467 1016 vendicat
1510 993 1581 1028 pro

263 1049 444 1087 patrona.
496 1041 601 1075 Idem
654 1039 775 1087 igitur
818 1039 974 1075 videtur
1028 1038 1232 1075 hominem
1278 1039 1325 1074 de
1369 1038 1582 1086 parrochia

263 1099 377 1134 beate
428 1097 553 1134 Marie
603 1097 766 1145 virginis
817 1097 941 1133 fedari
992 1096 1147 1133 luxuria
1198 1105 1235 1133 et
1285 1095 1442 1132 abicere
1499 1095 1582 1132 eius

264 1155 497 1203 suffragium
531 1165 574 1192 ut
607 1155 656 1192 sit
689 1155 762 1192 sibi
796 1155 991 1204 propicia.

322 1215 527 1259 Quantum
568 1215 617 1250 ad
650 1214 835 1260 tercium,
867 1214 1074 1262 quomodo
1114 1212 1397 1249 confidendum
1439 1220 1495 1248 est
1535 1212 1581 1248 de

262 1272 457 1320 suffragiis
490 1274 602 1308 beate
632 1272 796 1320 virginis
829 1281 983 1308 servata
1015 1271 1087 1307 ista
1119 1270 1265 1308 virtute
1288 1269 1448 1318 triplici,
1472 1278 1582 1318 patet

263 1342 305 1366 ex
351 1330 425 1366 hiis
473 1329 589 1366 dictis
637 1330 676 1366 in
722 1329 846 1366 tercia
892 1330 1090 1378 particula
1134 1328 1263 1378 prime
1311 1327 1448 1376 partis.
1503 1329 1580 1364 Sed

263 1387 436 1424 obicitur
468 1401 538 1436 per
572 1389 645 1425 hoc
680 1389 787 1437 quod
821 1389 957 1424 habita
996 1388 1070 1424 ista
1106 1387 1298 1435 dignitate
1331 1386 1405 1423 ista
1436 1386 1583 1422 virtute

262 1445 424 1494 triplici,
451 1459 539 1482 cum
557 1446 694 1483 omnia
712 1447 903 1483 virtutum
927 1459 1074 1494 genera
1098 1453 1405 1491 connectuntur,
1428 1444 1583 1481 videtur

263 1505 370 1553 quod
410 1517 449 1541 se
489 1504 726 1552 dignificans
772 1505 898 1541 eciam
939 1505 1022 1540 sine
1063 1512 1200 1540 sancte
1233 1502 1358 1539 Marie
1391 1502 1581 1550 suffragio

262 1563 496 1611 premiatur.
545 1562 619 1599 Hic
656 1562 812 1599 videtur
852 1562 949 1599 mihi
989 1563 1098 1611 quod
1137 1560 1386 1610 impossibile
1420 1569 1476 1597 est
1509 1573 1581 1597 nos

262 1620 453 1669 premiari
487 1620 571 1657 sine
594 1620 720 1657 Marie
750 1621 959 1669 suffragi03
992 1629 1298 1668 verumptamen
1321 1628 1412 1655 sunt
1434 1620 1582 1667 gradus

262 1679 301 1715 in
335 1678 418 1716 eius
452 1679 610 1725 auxilio,
656 1688 699 1715 ut
744 1681 940 1728 quosdam
987 1678 1112 1715 eciam
1153 1678 1347 1726 prescitos
1386 1677 1493 1714 iuvat
1531 1678 1580 1713 ad

229 1736 483 1774 Icavendum
530 1746 695 1786 peccata
732 1739 793 1774 vel
833 1750 971 1774 eorum
1012 1736 1269 1785 gravedinem
1311 1745 1347 1772 et
1384 1748 1455 1784 per
1488 1748 1581 1772 con-

261 1808 432 1844 sequens
455 1797 504 1832 ad
528 1808 628 1844 pene
652 1805 846 1844 perpetue
869 1795 1192 1843 mitigacionem3
1223 1795 1419 1843 quosdam
1445 1802 1578 1830 autem

263 1853 370 1890 iuvat
413 1855 463 1890 ad
509 1855 707 1890 bonorum
752 1854 924 1900 fortune,
964 1862 1106 1890 nature
1152 1862 1188 1890 et
1226 1852 1357 1901 gracie
1402 1852 1580 1889 cumula—

264 1911 418 1948 cionem
453 1920 490 1948 et
523 1924 593 1960 per
617 1924 864 1961 consequens
888 1913 936 1948 ad
961 1911 1128 1960 periculi
1152 1911 1212 1947 vel
1236 1911 1401 1959 dampni
1427 1919 1580 1958 tempo-

265 1969 357 2006 ralis
409 1969 673 2006 evitacionem
724 1979 761 2007 et
813 1971 1009 2019 quosdam
1062 1969 1169 2005 iuvat
1219 1970 1268 2005 ad
1321 1968 1579 2005 beatitudinis

265 2028 621 2076 promericionem3
674 2037 710 2064 et
755 2028 811 2065 sic
861 2040 979 2065 nemo
1024 2037 1081 2064 est
1128 2040 1264 2075 expers
1316 2027 1399 2063 eius
1443 2039 1579 2075 super-

265 2086 516 2123 habundanti
549 2086 738 2134 suffragio
771 2087 850 2123 sive
882 2087 970 2135 plus
1003 2086 1083 2123 sive
1117 2085 1247 2122 minus
1280 2085 1353 2121 sibi
1387 2084 1577 2130 servierit,

264 2157 399 2192 ymmo
432 2144 487 2180 illi
521 2145 588 2193 qui
626 2144 750 2181 nichil
788 2153 1021 2181 meruerunt
1059 2143 1237 2182 sencient
1276 2143 1359 2180 eius
1398 2144 1579 2180 levamen

265 2215 354 2238 cum
400 2203 612 2239 occasione
655 2215 724 2239 sue
770 2202 1007 2239 humilitatis
1051 2212 1088 2239 et
1132 2201 1473 2250 interpellacionis
1505 2214 1578 2250 pro

264 2261 442 2297 humano
480 2274 623 2309 genere
663 2261 805 2298 micius
838 2261 1066 2310 punientur.
1116 2263 1203 2309 Ipsa
1236 2260 1342 2297 enim
1375 2260 1448 2296 fuit
1480 2273 1579 2308 quo-

208 2321 223 2352 ?
265 2320 484 2356 dammodo
530 2332 649 2356 causa
693 2319 989 2356 incarnacionis
1033 2328 1069 2356 et
1114 2319 1310 2367 passionis
1349 2317 1495 2356 Christi
1541 2327 1578 2354 et

265 2389 334 2426 per
367 2390 615 2426 consequens
647 2377 884 2415 salvacionis
917 2378 1045 2414 tocius
1079 2377 1230 2414 mundi.

333 2546 357 2574 5.
379 2546 423 2573 H:
444 2547 663 2582 exspeccione;
682 2547 722 2574 ib.
744 2546 788 2574 H:
810 2547 899 2574 docet
919 2547 1013 2574 deest.
1087 2547 1114 2574 ὁ.
1137 2547 1180 2574 Η;
1197 2547 1336 2582 pepegil.
1406 2556 1509 2582 11—14.
1532 2549 1574 2575 A:

263 2581 439 2637 specialiter
458 2597 486 2600 —
510 2581 635 2609 luxuria
655 2582 749 2609 deest.
807 2590 844 2609 12.
868 2581 940 2609 DG:
962 2584 1077 2609 lantum
1098 2583 1192 2609 deest.
1252 2590 1291 2615 ¹4·
1314 2582 1387 2609 liG:
1409 2583 1574 2610 limat-iam.

266 2625 300 2644 1,.
323 2616 365 2643 l):
394 2618 427 2643 ut
445 2624 516 2643 non.
627 2625 634 2644 1
659 2638 664 2642 .
686 2616 790 2644 DGH:
819 2617 882 2643 illa.
985 2624 1098 2651 17—20.
1121 2617 1164 2643 H:
1186 2620 1276 2652 patet
1293 2632 1324 2635 ——
1345 2617 1464 2650 triplici
1481 2618 1574 2645 deest.

263 2659 308 2677 20.
332 2650 374 2677 G:
402 2651 554 2683 onmium,-
578 2651 619 2678 ib.
689 2651 718 2678 in
741 2660 854 2685 marg:
885 2651 1005 2683 Closs-a,
1030 2651 1110 2678 dicta
1137 2651 1174 2678 cie
1193 2652 1328 2685 virginis·
1348 2651 1451 2678 Μανία)
1467 2656 1576 2687 patro-

263 2685 352 2713 ciniis
371 2689 399 2712 el
418 2686 613 2713 oracionibus
628 2694 688 2722 pro
709 2686 795 2714 nohis
809 2687 890 2713 inter
903 2686 1005 2713 cineres
1017 2686 1051 2719 (J)
1070 2689 1133 2713 lam
1152 2687 1335 2714 excellencl'a
1355 2695 1501 2721 nusquam
1518 2696 1577 2722 per

263 2729 310 2759 nze
329 2723 463 2760 reperja.
536 2728 576 2755 ει,
598 2728 629 2748 22
662 2721 705 2748 H:
734 2722 817 2757 quod
835 2737 866 2741 -
886 2721 1008 2748 videtur
1027 2721 1120 2748 deest.
1194 2729 1234 2749 21.
1257 2721 1329 2748 DG:
1357 2722 1453 2748 eciam
1474 2723 1575 2755 deest3

263 2756 303 2782 lb.
326 2756 370 2783 A:
390 2763 457 2782 szne
477 2755 571 2783 deest.
645 2754 688 2783 32.
710 2756 753 2784 H:
775 2756 840 2784 suis
860 2756 1007 2783 levamen.
1081 2754 1128 2783 36.
1149 2756 1192 2783 H:
1213 2756 1312 2784 tocius
1330 2757 1529 2784 salvacionss.

335 2860 367 2893 6.
394 2861 458 2893 Job
483 2862 600 2902 XXXI,
625 2873 651 2893 1.
753 2873 802 2894 11.
830 2863 882 2894 Cf.
909 2863 1038 2894 Introd.
1065 2864 1098 2894 in
1125 2864 1234 2896 Serm.
1262 2864 1285 2903 Ι,
1313 2873 1389 2905 pag.
1417 2864 1489 2895 XV.

1796 231 1865 276 39¹

1605 643 1707 679 Purity
1730 644 1873 678 specialb'

1642 678 1770 712 binding
1789 687 1828 706 on
1857 676 1863 680 ’

1641 713 1780 740 dwellers
1802 714 1831 740 in

1647 748 1689 775 St.
1713 748 1826 784 Mary’s

1678 783 1793 817 parish.

1637 1221 1662 1249 3.
1686 1222 1762 1249 How
1784 1223 1837 1250 she

1609 1257 1695 1292 helps
1716 1258 1764 1291 all,
1785 1266 1858 1285 even

1613 1293 1663 1319 the
1685 1293 1857 1327 reprobate.
