2062 3276
179 290 258 325 266

212 932 349 959 Excuses
370 932 417 958 for

230 967 350 1002 display
371 967 401 993 in

225 1001 407 1037 preaching:

760 295 983 326 JOHANNIS
1002 293 1186 324 WYtJMF
1206 293 1461 325 SERMONUM
1496 279 1648 338 [SERMO
1672 290 1779 318 XXXI-

466 404 525 439 vel
560 401 833 450 prenosticant
878 400 1093 437 divisiones
1136 400 1173 435 in
1210 399 1399 435 moribus.
1446 401 1500 435 Ex
1541 400 1631 436 hinc
1671 399 1776 436 enim

466 460 690 510 refrigescit
722 459 866 495 caritas
898 460 1123 501 multorum,
1164 470 1241 506 que
1275 466 1331 494 est
1364 457 1517 494 unitiva
1550 458 1672 494 virtus
1706 470 1778 494 non

466 530 628 567 querens
671 516 888 554 ambiciose
932 528 1009 564 que
1053 528 1120 551 suci
1163 523 1253 553 sunt
1291 516 1359 551 sed
1402 527 1472 564 que
1516 516 1661 551 domini
1689 516 1779 552 Jesu

470 574 629 613 Christi.
688 577 830 612 Sermo
870 587 962 622 ergo
1012 586 1197 622 perversa
1237 573 1465 610 intencione
1510 573 1565 610 sic
1610 573 1777 610 infectus

466 634 506 670 in
538 633 672 670 radice
706 642 742 669 et
776 633 865 669 fuco
899 632 1084 679 alligatus
1118 632 1156 667 in
1190 631 1369 679 germine
1403 641 1460 668 est
1483 633 1645 668 verbum
1673 644 1778 668 mor-

466 701 579 728 tuum
613 701 649 728 et
681 691 925 728 diabolicum
961 699 998 726 et
1032 703 1112 725 non
1145 691 1309 725 verbum
1344 689 1497 726 domini
1530 689 1656 726 nostri
1687 691 1778 726 Jesu

467 749 628 789 Christi,
669 749 735 797 qui
770 749 877 784 iuxta
917 747 1208 784 confessionem
1251 747 1356 784 beati
1391 748 1510 794 Petri,
1551 748 1666 784 verba
1708 748 1780 783 vite

467 808 577 844 habet
623 816 659 843 et
703 808 921 843 secundum
969 805 1088 842 alium
1139 806 1366 853 apostolum
1421 807 1576 842 verbum
1623 805 1782 841 Domini

468 879 540 901 non
574 873 629 901 est
661 865 882 915 alligatum.

526 925 602 959 Sed
637 932 678 958 ut
712 922 936 970 predictum
974 930 1182 969 peccatum
1215 920 1411 957 iaetancie
1436 921 1561 969 magis
1585 930 1779 969 appareat

468 990 504 1018 et
529 981 689 1017 caucius
714 989 914 1019 caveatur,
949 981 1057 1027 quod
1081 988 1162 1015 tam
1188 979 1357 1014 latenter
1381 987 1417 1014 et
1440 978 1624 1027 nequiter
1648 978 1779 1027 perdit

200 1046 218 1064 ¹·
241 1037 290 1064 ¹¹³0
310 1036 431 1063 learned
467 1052 559 1075 oves
593 1038 740 1075 Christi
786 1039 890 1074 fame
931 1036 1164 1074 refeccionis
1205 1036 1437 1084 spiritualis,
1484 1036 1661 1073 recitabo
1700 1046 1779 1073 tres

202 1072 325 1099 reaches
339 1070 449 1098 should

179 1081 449 1141 &distinguished
467 1097 693 1134 evidencias
732 1096 911 1132 inventas
945 1109 965 1132 a
999 1095 1054 1132 sic
1087 1094 1411 1142 superbientibus
1451 1096 1498 1131 ad
1534 1096 1779 1131 excusandas

240 1141 318 1168 from
340 1141 389 1167 the

239 1176 389 1203 illitcrate.

199 1672 277 1700 This
298 1673 322 1700 is
346 1680 428 1700 merc

219 1707 287 1734 vain
309 1708 406 1743 glory.

467 1155 747 1192 excusaciones
786 1154 825 1189 in
864 1153 1051 1201 peccatis.
1106 1152 1252 1189 Dicunt
1292 1152 1395 1188 enim
1437 1154 1558 1201 quod,
1604 1152 1677 1189 nisi
1711 1154 1779 1189 ad-

468 1215 607 1249 derent
639 1212 794 1261 aliquas
819 1211 1015 1248 novitates
1038 1212 1142 1247 ultra
1169 1212 1332 1246 modum
1358 1210 1592 1258 predicandi
1617 1210 1777 1247 solitum

467 1273 515 1308 ab
551 1270 732 1319 antiquo,
766 1283 847 1306 non
882 1270 984 1306 foret
1018 1268 1249 1305 differencia
1274 1268 1374 1304 inter
1397 1269 1629 1316 theologum
1655 1281 1779 1317 quan-

467 1338 716 1377 tumcunque
749 1327 935 1364 subtilem
971 1327 1009 1363 in
1043 1327 1281 1363 seminando
1305 1328 1469 1363 verbum
1495 1327 1565 1363 Dei
1591 1336 1627 1363 et
1651 1339 1780 1364 sacer-

468 1389 601 1423 dotem
637 1387 809 1423 ruralem
837 1385 1131 1434 quantumlibet
1155 1384 1308 1421 exiliter
1332 1385 1549 1421 literatum.
1583 1386 1660 1421 Sed
1684 1384 1779 1433 quid

467 1445 668 1493 pretendit
708 1444 783 1481 ista
822 1443 1029 1480 sentencia
1068 1443 1142 1479 nisi
1184 1442 1445 1490 cupiditatem
1486 1443 1614 1479 inanis
1654 1442 1779 1490 glorie

467 1516 546 1551 qua
591 1503 825 1539 affectamus
870 1515 942 1538 nos
982 1502 1089 1550 ipsos
1129 1501 1336 1550 predicare
1378 1510 1414 1536 et
1448 1514 1527 1536 non
1568 1501 1777 1537 dominum

465 1563 598 1598 Jesum
634 1561 862 1597 Christum?
896 1573 985 1596 cum
1021 1569 1155 1596 tamen
1179 1559 1396 1607 Apostolus
1430 1560 1478 1594 ad
1513 1559 1598 1595 Gal.
1623 1561 1690 1601 Vs‘,
1727 1560 1777 1595 26

469 1628 604 1655 monet
639 1628 675 1655 et
708 1618 936 1667 specialiter
967 1631 1041 1654 nos
1076 1616 1379 1660 ecclesiasticos,
1415 1618 1522 1665 quod
1557 1630 1628 1652 non
1661 1618 1780 1652 simus

467 1677 588 1713 inanis
601 1677 730 1727 glorie
752 1677 883 1725 cupidi
904 1677 1345 1725 invicemprovocantes,
1369 1675 1527 1710 invicem
1551 1675 1782 1714 invidentes,-

469 1734 599 1771 inanis
645 1734 771 1782 glorie
816 1734 984 1782 cupidus
1018 1743 1074 1770 est
1114 1734 1181 1782 qui
1216 1732 1401 1768 innititur
1443 1732 1704 1768 divisionibus
1744 1741 1780 1768 et

1799 934 1837 954 10

1801 1213 1835 1245 15

468 1792 632 1829 texturis
677 1794 906 1834 verborum,
954 1801 994 1828 ut
1034 1800 1239 1840 reputetur
1283 1790 1439 1826 subtilis
1472 1792 1521 1827 ab
1561 1790 1836 1826 auditorio-25

470 1851 525 1887 Illi
561 1860 694 1887 autem
736 1850 905 1887 invicem
950 1859 1170 1898 provocant
1211 1859 1247 1885 et
1281 1848 1449 1885 invicem
1497 1848 1672 1884 invident
1712 1847 1778 1896 qui

468 1910 616 1945 nedum
662 1908 877 1945 divisiones
922 1908 1110 1945 thematis
1155 1909 1221 1944 sed
1269 1906 1480 1944 cuiuslibet
1529 1905 1781 1942 auctoritatis

468 1967 716 2003 occurrentis
765 1966 985 2014 totpliciter
1034 1965 1284 2014 ingeminant
1333 1973 1373 2000 ut
1421 1964 1508 2000 aliis
1554 1964 1782 2000 subtiliores

468 2033 705 2073 appareant.
758 2028 847 2061 Non
892 2025 961 2069 sic,
1008 2023 1218 2063 carissimi,
1272 2024 1338 2059 sed
1388 2022 1512 2058 simus
1558 2022 1782 2058 imitatores

469 2082 648 2131 magistri
682 2082 807 2119 nostri
841 2082 992 2118 domini
1026 2084 1116 2118 Jesu
1151 2081 1311 2122 Christi,
1353 2080 1420 2128 qui
1455 2092 1545 2117 cum
1579 2080 1619 2116 in
1652 2081 1781 2116 forma

468 2141 540 2177 Dei
585 2149 699 2187 esset,
749 2140 953 2176 humiliter
1003 2140 1205 2176 confessus
1251 2148 1307 2175 est
1345 2138 1538 2174 johannis
1571 2140 1674 2183 V110‚
1715 2139 1781 2174 16:

468 2199 557 2235 Mea
582 2199 758 2235 doctrina
782 2211 853 2234 non
877 2206 932 2234 est
955 2210 1035 2233 mea
1071 2198 1226 2245 (supple
1251 2195 1530 2233 auctoritative
1562 2197 1782 2232 secundum

469 2256 790 2302 humanitatem),
824 2257 893 2292 sed
924 2256 1002 2292 eins
1034 2256 1097 2304 qui
1128 2256 1227 2291 misit
1260 2267 1319 2291 me
1351 2253 1489 2301 patris,
1534 2254 1627 2302 quia
1659 2253 1727 2301 qui
1761 2266 1783 2290 a

470 2314 687 2362 semetipso
726 2313 903 2362 loquitur
936 2313 1105 2361 gloriam
1148 2312 1353 2361 propriam
1389 2312 1538 2359 querit:
1573 2321 1609 2348 et
1646 2323 1781 2347 revera

471 2374 546 2408 hoc
586 2381 644 2408 est
689 2371 819 2408 inanis
864 2371 991 2419 gloria
1026 2380 1061 2407 et
1104 2372 1240 2411 fallax:
1293 2369 1422 2407 inanis
1467 2369 1644 2419 quidem,
1690 2369 1783 2417 quia

469 2430 600 2481 gloria
634 2430 669 2466 in
703 2430 926 2479 confusione
965 2442 1097 2466 eorum
1132 2430 1195 2478 qui
1225 2437 1380 2465 terrena
1420 2429 1594 2477 sapiunt‚·
1637 2426 1784 2464 inanis-

590 2575 634 2603 H:
662 2576 770 2602 Sermo
791 2578 900 2602 autem.
975 2574 998 2602 5.
1022 2574 1184 2614 G:fugo;
1212 2575 1252 2601 h:
1277 2574 1370 2609 fugio
1382 2583 1391 2601 .·
1419 2574 1458 2600 ib.
1482 2573 1527 2601 H:
1548 2573 1668 2601 verbum
1689 2572 1784 2599 deest.

470 2610 498 2637 «3.
522 2585 615 2637 H¹10t
633 2610 728 2637 deest.
802 2618 826 2644 7.
849 2610 918 2644 qus:
938 2609 1044 2636 AGl-l:
1072 2617 1165 2643 qma:
1191 2609 1230 2635 ib.
1252 2604 1356 2636 Ami:
1377 2609 1461 2635 beati
1478 2608 1571 2635 deest.
1645 2615 1687 2635 10.
1709 2607 1782 2634 DG:

469 2644 524 2671 sed
547 2648 619 2672 nota
646 2647 687 2671 ut.
816 2644 852 2671 13.
879 2646 924 2671 A:
951 2644 1123 2671 evidcncl'as
1150 2644 1242 2670 deest.
1376 2652 1416 2675 14.
1445 2642 1470 2669 D
1497 2643 1527 2670 in
1555 2650 1667 2677 marg:
1694 2641 1784 2669 Nota.

472 2688 512 2711 ιι.
536 2679 571 2707 15.
593 2679 697 2706 DGl-l:
723 2679 914 2706 addiderint.
1050 2686 1088 2713 ¹7,
1112 2678 1150 2705 18.
1174 2678 1216 2705 Ηε
1244 2677 1287 2704 ad
1304 2677 1517 2710 ,mccrriolenm
1542 2678 1586 2704 A:
1612 2677 1783 2704 sacerdote.

471 2715 512 2741 18.
534 2713 577 2741 G:
605 2714 724 2741 miralo.
811 2722 852 2748 ις).
874 2713 947 2740 DG:
975 2713 1038 2740 illa.
1125 2712 1165 2739 223.
1188 2713 1232 2739 A:
1259 2712 1394 2747 cupidus.
1479 2719 1523 2748 27.
1544 2712 1587 2739 D:
1614 2710 1784 2738 divisionis.

470 2749 515 2776 23.
537 2747 642 2775 DGH:
669 2748 843 2776 lrl'*l1'cl'le1·.
918 2747 962 2775 30.
986 2748 1026 2775 h:
1054 2748 1200 2784 magistri
1219 2747 1311 2774 deest.
1388 2746 1429 2774 132.
1452 2747 1495 2773 l):
1516 2747 1633 2774 scilicet
1651 2745 1784 2773 auctori-

471 2783 575 2810 tative.
651 2782 690 2810 1³5.
731 2786 756 2808 b:
785 2783 847 2810 hec.

543 2876 572 2897 2.
601 2866 717 2896 Matth.
744 2867 861 2905 xxiv,
887 2876 935 2897 12.
1033 2867 1062 2898 3.
1093 2866 1114 2896 l.
1134 2866 1230 2895 Corr.
1258 2865 1345 2904 XIII,
1368 2864 1396 2896 5.
1493 2874 1524 2906 7.
1549 2863 1626 2895 Joh.
1646 2864 1700 2901 Vl,
1729 2862 1784 2905 οἷς).

471 2915 502 2944 Ν,
530 2913 568 2943 ΙΙ.
587 2912 678 2943 Tim.
707 2912 743 2951 lly
770 2922 801 2954 ς).
900 2911 952 2944 36.
980 2911 1066 2942 Phil.
1093 2911 1146 2950 111,
1171 2921 1220 2953 Π).
1755 2909 1757 2911 ’

1800 2086 1840 2117 'jo

1800 2373 1838 2406 πῖ·
