2062 3276
320 230 455 257 SERMO
480 230 557 257 ⁴*1111
575 220 586 275 l
795 234 986 272 QUARTA
1016 236 1140 266 tuus.
1841 229 1915 274 043

378 342 559 385 Quorum
607 343 819 377 verborum
876 341 950 377 tria
997 351 1085 377 sunt
1132 352 1271 378 contra
1318 344 1632 390 prevaricatores

320 397 438 433 trium
477 399 759 435 mandatorum
792 399 943 434 scilicet
976 412 1048 434 non
1083 400 1334 443 mechaberis,
1377 402 1630 449 nonfurtum

311 455 456 503 jacies,
502 469 574 491 non
614 457 716 492 dices
761 464 895 492 contra
930 457 1159 506 proximum
1208 458 1489 506 tzinntsalsnnz
1528 460 1629 495 testi-

320 514 499 549 moninm.
538 515 688 550 Contra
712 514 888 562 primum
921 527 1060 550 eorum
1087 524 1143 551 cst
1176 517 1281 563 quod
1309 515 1489 552 Christus
1523 529 1631 552 com-

286 571 523 608 §mendax-it
569 581 737 608 matrem
778 571 973 619 virginem
1020 572 1219 621 discipulo
1258 573 1414 621 virgini.
1463 576 1517 609 Ex
1556 575 1630 610 hoc

319 638 428 677 patet
474 631 581 677 quod
630 639 738 666 amat
785 630 1010 666 castitatem
1051 640 1087 666 et
1133 643 1204 678 per
1249 644 1499 679 consequens
1546 631 1631 668 odit

319 687 574 723 adulterium.
624 689 774 724 Contra
813 688 963 724 furtum
1003 697 1062 724 est
1100 688 1199 724 illud
1236 690 1340 725 Luce
1374 691 1530 734 ΧΧΙΙΙΟ,
1576 690 1625 734 43

318 747 425 793 quod
467 745 650 792 promisit
690 746 855 782 latroni:
896 746 1025 782 Hodie
1064 759 1209 782 mecum
1244 747 1321 783 eris
1360 747 1395 782 in
1423 748 1626 796 paradiso.

318 805 405 839 Non
439 803 543 839 enim
578 803 725 840 amavit
759 804 909 840 furtum
944 804 1110 840 latronis
1143 806 1211 841 sed
1245 804 1328 841 eius
1358 805 1627 853 penitenciam

264 873 387 897 1onec
421 860 553 909 rapuit
588 861 717 898 aliena
757 863 823 897 sed
859 862 1171 899 communicavit
1212 862 1524 899 misericorditer
1555 863 1629 899 sibi

317 931 401 964 sua,
448 921 556 967 quod
598 929 653 955 est
693 920 942 956 contrarium
980 921 1099 956 furto.
1147 922 1299 957 Contra
1338 921 1481 957 falsum
1521 921 1628 957 testi-

317 977 497 1013 monium
543 979 732 1014 adversus
771 978 976 1026 proximos
1016 988 1073 1014 est
1114 979 1209 1014 illud
1245 981 1348 1015 Luce
1382 980 1539 1025 XXIIP,
1578 979 1628 1025 34

315 1048 394 1083 quo
433 1035 586 1083 rogavit
620 1037 778 1072 Patrem
820 1036 895 1072 illis
934 1037 1150 1087 ignoscere,
1189 1049 1273 1072 cznn
1315 1037 1501 1087 ignorant
1538 1037 1629 1086 qnid

306 1094 474 1141 faciunt.
518 1095 573 1130 De
606 1093 691 1130 istis
725 1094 852 1130 tribus
887 1094 960 1130 erit
994 1107 1217 1142 processus,
1259 1096 1306 1131 de
1341 1094 1485 1143 quibus
1518 1104 1628 1143 patet

261 1151 498 1199 15superius
531 1164 716 1188 sermone
750 1152 948 1200 proximo.

790 1265 986 1306 SERMO
1019 1267 1145 1307 XLII.

381 1349 536 1385 Veniunt
558 1349 610 1384 ad
632 1357 917 1385 monumentum
935 1357 1020 1385 orto
1043 1349 1117 1385 iam
1142 1350 1233 1385 sole.
1258 1349 1383 1385 Marci
1407 1349 1562 1393 ultimo,
1588 1360 1624 1386 2.

372 1406 449 1452 Qui
473 1416 654 1454 pasceret
678 1407 943 1454 corporaliter
967 1420 1156 1454 magnum
1174 1408 1370 1455 populum
1394 1420 1474 1444 non
1491 1417 1626 1455 posset
1641 1412 1739 1440 God’s
1759 1414 1844 1453 wora
1867 1415 1916 1441 the

312 1477 455 1512 parare
494 1464 548 1501 eis
587 1466 715 1501 solum
764 1464 897 1501 cibum
939 1465 1182 1513 singularem
1222 1478 1295 1513 pro
1334 1478 1415 1502 una
1454 1478 1625 1513 persona
1657 1450 1896 1511 cglrntnflgnsgfipd

256 1535 297 1556 20
312 1522 489 1559 solitaria
521 1523 703 1568 delicata,
737 1524 805 1559 sed
830 1523 963 1559 cibum
989 1535 1245 1559 communem
1270 1523 1310 1559 in
1333 1523 1413 1559 suis
1436 1523 1625 1571 gradibus

313 1593 403 1616 cum
442 1594 522 1629 quo
555 1593 693 1617 omnes
733 1590 923 1629 poterunt
957 1581 1191 1618 ministrari.
1236 1581 1358 1618 Cibus
1397 1581 1529 1618 anime
1568 1591 1625 1618 est

311 1640 477 1675 verbum
512 1639 583 1675 Dei
618 1652 708 1676 cum
744 1652 824 1687 quo
857 1639 930 1676 iste
963 1640 1135 1687 populus
1170 1648 1226 1676 est
1259 1641 1497 1687 pascendus,
1532 1641 1624 1676 Ideo

311 1706 470 1744 oportet
494 1698 699 1734 attendere
723 1699 770 1733 ad
796 1697 1068 1743 condiciones,
1088 1699 1135 1734 ad
1161 1707 1320 1745 tempus
1344 1706 1380 1734 et
1403 1699 1452 1734 ad
1475 1699 1623 1744 locum,

311 1764 347 1791 et
371 1756 591 1791 secundum
611 1756 685 1792 hoc
704 1767 868 1803 pascere
882 1755 1249 1804 proporcionaliter
1264 1764 1394 1792 totum
1411 1757 1622 1803 populum,

253 1815 292 1847 25
310 1822 347 1849 et
392 1825 438 1849 eo
478 1813 711 1861 diligencius
752 1826 830 1862 quo
866 1813 977 1850 cibus
1014 1813 1234 1861 spiritualis
1275 1823 1332 1850 est
1373 1814 1623 1862 prestancior

310 1870 525 1918 corporali,
561 1884 650 1907 cum
675 1873 780 1907 Deus
813 1871 928 1907 aliter
951 1871 1138 1908 deficeret
1171 1871 1245 1907 nisi
1269 1881 1429 1919 pararet
1462 1881 1621 1919 pastum

309 1938 450 1965 nature
485 1929 675 1965 defective
704 1929 1114 1977 proporcionabilem.
1149 1929 1296 1965 Anima
1329 1929 1433 1965 enim
1469 1930 1623 1966 excellit

311 1999 476 2034 corpus3
525 1987 564 2023 in
605 1986 718 2023 cuius
766 1987 1123 2024 confirmacionem
1164 1989 1320 2035 Moyses
1366 1996 1503 2035 pastus
1548 1988 1621 2024 fuit

309 2045 578 2093 quadraginta
618 2045 757 2081 diebus
802 2046 888 2081 solo
928 2046 1049 2081 verbo
1090 2045 1160 2081 Dei
1204 2045 1358 2081 laucius
1397 2047 1619 2082 secundum

252 2107 293 2139 30
310 2102 450 2138 faciem
490 2104 577 2151 plus
623 2103 877 2151 splendidam
919 2116 1040 2151 quam
1082 2112 1314 2151 pasceretur
1354 2103 1443 2139 cibo
1483 2103 1620 2151 aliquo

308 2161 524 2209 corporali,
557 2161 612 2197 sic
636 2161 784 2207 Helias,
819 2161 873 2198 sic
897 2161 1078 2198 Christus
1101 2161 1142 2197 in
1166 2163 1324 2198 deserto
1358 2170 1394 2197 et
1428 2161 1482 2198 sic
1517 2161 1620 2198 beati

307 2218 347 2254 in
380 2219 511 2266 patria
545 2228 765 2267 pascuntur
798 2228 994 2267 perpetuo
1028 2220 1135 2256 dicto
1169 2221 1289 2256 verbo
1323 2219 1409 2255 Dei.

366 2279 479 2313 Unde
494 2279 543 2313 ad
562 2277 870 2314 ministrandum
887 2277 999 2314 vobis
1015 2278 1134 2314 hodie
1152 2279 1371 2314 secundum
1390 2290 1619 2314 mensuram

307 2347 427 2382 quam
462 2337 567 2372 Deus
606 2335 761 2372 dederit
793 2348 865 2372 suo
905 2349 1056 2383 organo
1091 2336 1227 2384 accepi
1268 2335 1374 2372 dicta
1411 2337 1531 2372 verba
1573 2337 1620 2372 de

250 2395 289 2428 35
307 2393 527 2441 evangelio,
563 2407 734 2441 quorum
768 2406 906 2430 sensus
941 2394 1154 2430 historicus
1188 2403 1265 2430 stat
1297 2394 1336 2429 in
1369 2393 1466 2430 isto:
1508 2395 1619 2430 Post-

307 2463 428 2498 quam
475 2451 658 2488 Christus
703 2454 809 2488 Deus
861 2461 997 2488 noster
1048 2452 1111 2488 die
1156 2453 1398 2488 Parasceues
1449 2451 1619 2488 redemit

306 2519 429 2556 genus
453 2510 676 2546 humanum
709 2522 779 2557 per
813 2518 984 2546 mortem
1009 2510 1137 2546 crucis
1173 2509 1278 2547 circa
1311 2522 1500 2546 occasum
1524 2509 1619 2546 solis

374 2642 403 2661 a.
420 2631 462 2659 H:
485 2634 530 2659 est
542 2632 637 2659 deest.
710 2631 736 2659 S.
752 2632 826 2659 DG:
848 2632 968 2659 latroni
981 2632 1074 2659 deest.
1149 2640 1182 2659 11.
1198 2631 1302 2659 DGH:
1323 2635 1433 2660 contra
1441 2633 1615 2672 proximos.

306 2674 343 2694 12.
367 2666 410 2694 G:
437 2669 482 2694 est
499 2666 538 2693 cle
557 2667 621 2693 istis
640 2666 743 2694 tribus.
820 2665 856 2694 13.
878 2666 950 2694 DG:
979 2674 1039 2702 quo
1060 2667 1241 2703 ignoravit:
1266 2667 1306 2694 ib.
1328 2667 1433 2695 DGH:
1455 2668 1516 2694 {llis
1537 2675 1616 2701 ergo

304 2702 441 2730 ignosce.
498 2701 533 2728 15.
549 2701 592 2728 H:
610 2702 767 2736 proximo.
782 2701 887 2728 Amen.
944 2701 985 2729 16.
1001 2701 1025 2728 D
1042 2701 1071 2728 in
1089 2709 1201 2735 marg:
1223 2701 1335 2733 Pasce‚·
1355 2702 1398 2729 H:
1414 2702 1520 2729 Sermo
1538 2709 1616 2729 eous.

304 2738 349 2764 2-3'.
369 2738 397 2763 A
417 2737 447 2763 in
470 2744 582 2770 marg:
609 2736 739 2766 Moyses.
812 2735 850 2764 31.
872 2738 899 2763 A
919 2736 949 2763 in
972 2744 1085 2771 marg.:
1112 2735 1231 2763 Helias.
1306 2735 1348 2763 32.
1370 2738 1414 2765 A:
1445 2737 1505 2764 Dei
1521 2737 1606 2764 deest

304 2771 350 2803 34.
372 2770 445 2798 nG:
472 2770 567 2798 dedit.
659 2770 699 2798 1³5.
722 2771 796 2798 DG:
823 2771 1014 2798 lzistoriczcus.
1106 2769 1152 2798 36.
1174 2771 1218 2798 H:
1249 2771 1385 2798 Christus
1410 2771 1511 2805 (ἱερεῖς
1538 2773 1566 2799 A
1587 2771 1614 2798 iu

304 2814 417 2840 marg:
440 2806 554 2832 Sensus
572 2805 743 2833 historicus.

380 2864 427 2897 16.
456 2865 586 2907 Gospel
615 2865 666 2896 for
692 2866 813 2897 Easter
839 2866 990 2908 Sunday.
