2062 3276
179 269 255 304 352

184 390 243 418 We
264 398 313 417 see
334 389 441 417 Christ

193 426 221 452 in
244 426 265 453 it
286 424 360 451 with
385 425 435 451 the

218 460 341 489 mental,
364 463 417 486 not

183 497 233 523 the
256 494 361 530 bodily
381 501 444 530 eye.

204 1373 412 1408 Comparison

188 1409 262 1435 with
284 1417 299 1435 a
321 1408 434 1435 min-01·

184 1444 287 1471 where
307 1444 357 1471 the
378 1443 443 1470 sace

220 1478 246 1505 is
266 1482 295 1505 at
315 1486 405 1507 everv

178 1514 264 1548 point
285 1510 452 1548 according

206 1553 236 1574 to
259 1549 309 1574 the
330 1549 417 1581 angle

189 1583 269 1609 srom
291 1583 391 1609 which
414 1582 435 1609 it

253 1618 278 1644 is
300 1626 380 1644 seen.

187 2301 290 2329 Three
314 2305 398 2336 parts
419 2300 448 2327 in

189 2337 240 2363 the
261 2337 453 2365 sacrament.

759 275 983 306 JOHANNIS
1001 274 1187 306 WYCLIF
1207 274 1463 306 SERMONUM
1509 260 1660 318 [SERMO
1681 272 1773 300 XLII.

524 383 606 417 Nec
639 379 745 417 enim
788 380 916 429 tangis
955 393 1027 417 nec
1066 380 1175 418 vides
1220 392 1338 417 sensu
1383 380 1584 428 corporali
1629 392 1775 428 corpus

470 438 616 476 Christi
639 438 680 474 in
703 440 779 475 hoc
801 448 1071 486 sacramento,
1105 440 1173 475 sed
1200 438 1306 474 fideli
1339 450 1457 475 sensu
1493 437 1648 484 mentis,
1682 437 1778 486 quia

469 505 628 545 oportet
648 497 710 533 vel
742 509 812 545 per
844 509 884 533 se
916 497 976 533 vel
1008 510 1078 545 per
1111 496 1296 533 accidens
1327 496 1456 533 visum
1490 508 1574 533 esse
1607 508 1777 544 corpore

468 556 529 592 vel
561 554 757 591 situaliter
788 554 1010 591 distensum
1042 555 1104 591 vel
1136 553 1313 603 positum
1346 553 1601 591 terminando
1641 555 1775 590 basem

468 612 677 662 piramidis
721 612 904 657 radialis3
948 614 1057 661 quod
1090 613 1121 649 si
1155 612 1268 649 multi
1312 611 1521 649 christiani
1566 620 1699 648 errant
1737 612 1809 648 inf>

466 671 555 718 isto,
587 671 745 707 videtur
778 683 868 707 cum
902 670 1121 719 prudencia
1153 669 1303 707 salubri
1336 682 1512 707 errorem
1536 669 1629 706 fidei
1658 669 1776 705 huius

466 731 650 777 detegere
694 738 730 765 et
773 730 913 765 eodem
961 730 1083 765 modo
1117 729 1164 765 de
1197 729 1385 773 fractura,
1432 729 1479 764 de
1512 727 1708 764 divisione
1740 736 1778 764 et

466 787 552 823 aliis
597 786 870 823 accidentibus
914 799 990 835 que
1034 799 1174 823 sensus
1221 787 1343 823 dictat
1386 786 1617 834 contingere
1650 785 1777 822 hostie

466 853 710 882 consecrate.
744 846 792 881 Et
825 844 917 881 hinc
950 843 1097 881 dicitur
1129 844 1169 880 in
1203 845 1342 881 eadem
1376 843 1589 893 sequencia

801 902 920 938 Nulla
955 903 1012 939 rei
1030 903 1084 952 fit
1115 903 1285 938 scissura
1797 915 1836 936 10

859 961 976 1011 Signi
1005 968 1152 996 tantum
1173 961 1227 1010 fit
1247 961 1451 1009 fractura.

523 1021 611 1055 Non
656 1018 761 1055 enim
806 1019 956 1055 lacerat
1001 1031 1101 1060 mus,
1146 1031 1218 1055 nec
1258 1017 1385 1066 tangit
1425 1019 1520 1053 dens
1559 1017 1668 1053 canis
1705 1028 1778 1053 nec

465 1077 608 1125 digerit
630 1077 862 1113 stomachus
886 1089 1032 1125 corpus
1057 1076 1218 1119 Christi,
1252 1088 1324 1112 nec
1358 1084 1415 1112 est
1446 1075 1504 1111 vis
1537 1075 1653 1111 nobis
1677 1074 1773 1123 quid

466 1135 515 1171 sit
537 1144 850 1179 sacramentum,
876 1136 944 1171 sed
969 1144 1026 1171 est
1049 1134 1144 1170 satis
1168 1134 1283 1171 nobis
1309 1145 1475 1170 noscere
1508 1133 1626 1181 quale
1658 1133 1708 1168 sit
1741 1141 1777 1168 et

466 1202 628 1241 propter
651 1193 760 1241 quid.
786 1193 930 1229 Pocius
955 1192 1059 1229 enim
1083 1193 1231 1229 laceret
1256 1191 1405 1229 heresis
1425 1204 1546 1240 quam
1566 1192 1778 1227 doceretur
1798 1194 1834 1226 15

465 1251 611 1288 veritas
645 1251 737 1287 fidei
772 1263 842 1299 per
877 1251 1131 1287 mendacium
1155 1256 1212 1293 (ut
1236 1251 1351 1287 docet
1369 1249 1614 1297 Augustinus
1639 1257 1779 1285 contra

467 1308 750 1348 mendaciuml.
798 1310 912 1345 Unde
945 1310 994 1345 ad
1029 1308 1338 1356 concipiendum
1379 1309 1586 1356 quomodo
1633 1319 1778 1354 corpus

467 1367 614 1404 Christi
648 1367 698 1403 sit
733 1367 1093 1411 sacramentaliter,
1132 1379 1212 1403 non
1245 1366 1590 1403 dimensionaliter
1628 1365 1668 1401 in
1704 1366 1778 1401 hoc

465 1425 683 1463 venerabili
729 1434 997 1470 sacramento,
1041 1425 1197 1462 videtur
1236 1425 1417 1461 conferre
1455 1423 1657 1460 sentencia
1690 1436 1778 1471 per-

467 1483 737 1532 spectivorum
783 1483 1007 1520 dicencium
1055 1484 1161 1531 quod
1207 1483 1369 1531 speculo
1416 1483 1566 1518 mundo
1610 1494 1778 1530 propor—
1795 1495 1836 1516 20

468 1541 679 1578 cionaliter
712 1541 826 1577 faciei
860 1541 1018 1578 obiecto
1053 1550 1110 1577 est
1143 1542 1191 1577 ad
1227 1553 1388 1577 omnem
1423 1549 1616 1588 punctum
1657 1540 1775 1575 talem

468 1599 621 1648 speculi
666 1600 784 1647 plena
828 1599 1050 1635 similitudo
1096 1599 1224 1643 faciei,
1278 1599 1370 1635 licet
1415 1611 1517 1634 unus
1562 1598 1694 1634 videat
1738 1596 1778 1632 in

470 1671 548 1694 uno
581 1659 670 1694 loco
704 1666 741 1693 et
774 1657 873 1693 alius
906 1657 944 1692 in
978 1657 1055 1693 alio
1095 1658 1315 1693 secundum
1361 1656 1631 1692 diversitatem
1679 1654 1779 1691 radii

470 1715 688 1752 incidencie
714 1725 749 1751 et
773 1715 919 1752 reflexi.
954 1715 994 1751 Si
1029 1727 1122 1763 ergo
1155 1724 1296 1751 natura
1330 1723 1463 1751 creata
1486 1723 1618 1762 potest
1650 1714 1778 1750 facere

469 1773 773 1810 similitudinem
820 1786 932 1809 suam
977 1774 1034 1809 vel
1081 1773 1209 1809 verius
1255 1785 1295 1809 se
1340 1773 1466 1820 ipsam
1517 1785 1601 1808 esse
1650 1770 1836 1807 multi-25

470 1831 659 1879 plicatam
695 1833 742 1867 ad
789 1843 948 1867 omnem
997 1840 1189 1879 punctum
1236 1831 1317 1867 dati
1365 1830 1483 1866 medii
1527 1831 1587 1866 vel
1631 1828 1781 1877 speculi

470 1891 691 1926 secundum
727 1902 813 1925 esse
846 1889 1169 1935 intencionabile‚
1206 1889 1318 1925 facile
1353 1897 1410 1924 est
1443 1897 1585 1924 nature
1608 1888 1781 1924 increate

471 1948 601 1984 facere
634 1960 782 1995 corpus
816 1947 875 1983 sui
909 1947 1105 1995 suppositi
1141 1960 1224 1983 esse
1257 1946 1599 1983 sacramentaliter
1644 1958 1782 1982 secun-

470 2007 564 2041 dum
599 2015 728 2041 totum
764 2006 813 2042 ad
847 2018 1006 2041 omnem
1047 2015 1239 2053 punctum
1287 2004 1483 2041 sensibilis
1529 2003 1780 2040 sacramenti.

471 2066 517 2099 Et
550 2063 606 2100 sic
641 2076 789 2110 corpus
823 2063 972 2099 Christi
1006 2072 1064 2099 est
1098 2072 1134 2099 et
1166 2071 1463 2099 sacramentum
1499 2062 1591 2111 quia
1625 2061 1780 2110 signum
1799 2064 1840 2096 30

471 2121 603 2169 gracie
655 2120 913 2160 insensibilis,
962 2130 999 2157 et
1046 2133 1108 2158 res
1156 2121 1394 2157 sacramenti
1441 2120 1535 2169 quia
1579 2120 1780 2167 signatum

471 2179 600 2216 hostie
646 2188 891 2224 consecrate,
937 2191 1013 2227 que
1058 2187 1213 2215 tantum
1249 2188 1307 2215 est
1339 2187 1649 2223 sacramentum,
1683 2177 1784 2213 sicut

473 2237 607 2285 gracia
639 2245 794 2273 tantum
831 2245 888 2272 est
921 2249 983 2273 res
1017 2236 1275 2273 sacramenti.

532 2297 580 2331 Et
613 2295 713 2331 sicut
746 2294 1014 2331 communiter
1058 2294 1217 2340 dicitur,
1263 2303 1320 2330 est
1366 2295 1460 2330 dare
1503 2293 1579 2329 tria
1624 2291 1662 2327 in
1708 2292 1782 2328 hoc

476 2353 692 2389 venerabili
724 2362 990 2393 sacramento,
1036 2352 1189 2389 scilicet
1221 2360 1517 2388 sacramentum
1551 2359 1704 2387 tantum
1740 2358 1781 2386 ut
1799 2352 1838 2385 35

477 2410 648 2447 hostiam
673 2420 946 2447 consecratam
973 2423 1092 2459 quam
1117 2412 1299 2446 doctores
1323 2409 1460 2445 dicunt
1483 2417 1780 2445 sacramentum

541 2542 561 2561 1.
582 2533 626 2561 H:
655 2534 743 2561 oculo
764 2533 934 2568 corporali.
1077 2531 1102 2560 3.
1125 2533 1167 2559 A:
1196 2532 1346 2568 corporis.
1489 2539 1518 2563 4.
1540 2530 1584 2558 H:
1612 2530 1660 2558 vel
1685 2530 1780 2557 deest.

471 2577 504 2596 ιι.
526 2569 570 2596 A:
588 2568 735 2604 factura.
811 2575 848 2595 12.
870 2567 975 2595 ADG:
1003 2568 1088 2595 canis
1108 2567 1201 2594 deest.
1276 2566 1313 2594 13.
1335 2567 1380 2594 A:
1405 2566 1530 2601 dirigit.
1605 2573 1646 2599 14.
1667 2565 1710 2592 A:
1739 2567 1783 2592 est

470 2604 573 2642 dees13
601 2604 641 2630 ib.
662 2602 768 2630 ADG:
796 2610 923 2629 noscere
942 2602 1044 2642 deest:
1070 2603 1110 2629 ib
1132 2603 1176 2629 A:
1204 2602 1312 2637 qualis.
1414 2609 1454 2639 ¹†=
1477 2600 1512 2627 15.
1535 2600 1577 2627 H:
1606 2603 1636 2626 et
1649 2602 1784 2638 propter

470 2638 753 2699 ιθὶζῖλέῗιέεὸνξὶεηεὶα
767 2636 875 2699 'rietes-is
905 2637 1328 2707 ’,εζὲαέἰοὶῗι-ᾱῐεεηᾱιιιῖὶ.Α·
1348 2637 1464 2698 2637711)ίὸ
1473 2634 1780 2698 :rlszcssg-tocci'bfi'igt

471 2707 564 2733 talem
585 2706 679 2733 deest.
759 2705 801 2733 23.
823 2705 897 2733 DG:
924 2707 989 2733 alio
1009 2707 1087 2734 loco.
1166 2714 1212 2739 24.
1236 2705 1308 2732 l)G:
1337 2706 1448 2741 igitur.
1528 2711 1572 2739 27.
1596 2703 1639 2730 G:
1666 2711 1781 2734 messe:

472 2741 512 2768 ib.
542 2741 646 2768 DGH:
677 2741 892 2768 intencionale.
1001 2740 1038 2768 31.
1070 2740 1113 2767 G:
1143 2740 1391 2778 t'nvixzkilfisrib.
1420 2740 1461 2766 D:
1491 2739 1563 2774 quia
1583 2737 1783 2773 figurativa:

473 2775 517 2803 G:
537 2776 715 2811 signancia.
787 2774 830 2803 33.
853 2776 895 2803 H:
917 2776 1031 2810 gracia
1052 2775 1146 2802 deest.
1219 2774 1259 2802 3).
1282 2776 1309 2802 Α
1328 2782 1358 2801 ιη
1381 2782 1495 2809 marg:
1516 2781 1539 2801 1.

547 2846 596 2879 15.
628 2849 661 2879 S.
686 2848 881 2889 Augustini,
921 2848 1048 2879 Contra
1086 2847 1304 2878 Mendacium
1343 2846 1385 2876 ad
1424 2845 1651 2876 Consentium
1690 2844 1781 2885 Opp.

473 2900 557 2924 tom.
583 2894 639 2932 VI⁷
667 2903 744 2935 pag.
769 2893 848 2933 463.
946 2894 998 2933 34.
1027 2893 1078 2924 Cf.
1097 2892 1313 2934 Triangum,
1341 2901 1418 2933 pag.
1447 2890 1522 2932 248.
