2062 3276
245 252 381 280 samio
402 241 470 299 m]
729 257 918 295 QUARTA
949 258 1074 289 mas,
1795 264 1844 301 27

248 364 347 398 Nam
382 362 459 398 Vas
505 361 717 398 eleccionis
763 371 977 411 propterca
1023 364 1237 401 confitetur
1282 378 1321 402 se
1373 365 1557 412 ignorare

247 419 341 467 quid
376 419 415 455 in
450 419 595 456 talibus
629 420 941 467 particularibus
975 431 1109 470 petere
1142 423 1287 459 debent
1320 422 1557 471 simpliciter

249 486 413 525 propter
437 476 711 525 ignoranciam
737 479 954 516 voluntatis
977 479 1130 525 divine3
1164 481 1232 517 sed
1256 494 1327 517 nos
1352 480 1557 518 luciferinc

249 534 518 582 presumimus
563 548 684 584 supra
724 536 793 573 Dei
846 537 1175 574 omniscienciam
1228 547 1264 575 et
1308 539 1555 576 voluntatem

215 599 319 630 §nos
355 593 461 630 clare
494 606 736 641 cognoscere
771 603 807 630 et
840 596 940 632 velle
979 608 1024 632 ac
1063 595 1119 632 sic
1151 595 1282 632 nisum
1317 596 1488 633 sciencie
1522 606 1557 633 et

245 650 464 687 voluntatis
497 664 701 700 apponere
733 651 817 689 sine
850 652 976 701 priori
1009 652 1282 691 instruccione
1314 654 1409 703 quid
1441 656 1558 691 debc-

248 721 334 744 mus
367 721 388 745 a
423 709 597 746 Domino
631 710 848 758 postulare.

304 767 385 803 Nec
433 767 613 816 sequitur
662 780 704 804 ex
752 767 828 804 isto
881 770 989 816 quod
1044 770 1235 805 debemus
1288 769 1455 806 omnino
1508 772 1557 807 ab
1598 779 1831 808 Wemustnot

246 824 435 861 oracione
469 837 624 862 cessare
657 834 693 862 et
728 825 857 862 labori
891 826 1109 873 intendere,
1146 839 1235 863 cum
1262 827 1444 864 Christus
1469 840 1556 876 per—
1608 815 1820 884 'fffssocgffiffises

195 899 231 919 10
246 882 424 919 noctavit
463 883 503 919 in
542 883 744 929 oracione,
792 893 827 920 et
874 885 1097 933 exemplum
1146 886 1339 922 habemus
1380 887 1429 922 ab
1469 885 1557 934 ipso

247 939 340 988 quid
367 949 403 977 et
426 940 598 989 qualiter
622 942 814 978 debemus
837 941 1075 991 simpliciter
1098 944 1315 991 postulare.
1351 944 1556 981 Generalis

246 998 351 1034 enim
385 999 521 1035 oracio
555 999 708 1036 inclusa
740 999 780 1035 in
813 1000 1019 1049 evangelio
1052 1002 1267 1040 Matth.V1
1294 1010 1352 1039 est
1385 1001 1553 1050 optima.

245 1055 478 1104 Tripliciter
512 1057 618 1093 enim
654 1057 800 1094 dicitur
843 1058 1039 1106 generalis
1083 1059 1234 1106 oracio,
1280 1060 1413 1108 primo
1458 1060 1551 1108 quia

245 1115 442 1162 generalis
475 1115 662 1151 dominus
695 1125 893 1162 exoratur,
933 1118 1109 1154 secundo
1142 1117 1235 1166 quia
1267 1131 1341 1167 pro
1374 1118 1550 1166 generali
1594 1126 1677 1163 Why
1697 1129 1822 1167 general

194 1172 413 1210 15ecclesia
447 1182 633 1210 exoratur
672 1182 709 1210 et
746 1174 872 1211 tercio
912 1174 1006 1223 quia
1044 1177 1264 1212 secundum
1303 1176 1546 1224 peticionem
1583 1171 1737 1199 praycris
1760 1163 1837 1191 best.

245 1232 472 1278 generalem
497 1240 533 1268 et
557 1231 877 1269 condicionalem
903 1245 949 1270 ac
973 1233 1259 1271 racionabilem
1286 1236 1391 1270 Deus
1425 1234 1555 1271 humi-

248 1289 337 1325 liter
377 1290 629 1337 deprecatur.
675 1292 724 1326 Et
762 1299 928 1339 propter
966 1291 1039 1328 ista
1080 1291 1217 1329 oracio
1257 1292 1461 1330 dominica
1499 1302 1557 1329 est

247 1346 401 1394 optima
423 1356 460 1383 et
485 1347 656 1384 maxime
678 1348 878 1386 usitanda.
913 1351 961 1385 Et
985 1349 1101 1395 (sicut
1125 1350 1202 1386 dixi
1227 1350 1340 1396 alias)
1371 1361 1557 1399 suspecta

249 1413 305 1440 est
357 1405 505 1442 heresis
559 1419 679 1454 quam
725 1406 994 1444 Antichristus
1039 1408 1210 1445 seminat
1262 1409 1370 1457 quod
1420 1409 1558 1446 oracio

193 1476 233 1497 20
248 1462 434 1511 specialis
468 1472 525 1500 est
558 1463 701 1500 melior
735 1478 854 1513 quam
889 1465 1026 1502 oracio
1058 1466 1266 1514 generalis.
1308 1468 1415 1503 Idem
1452 1467 1554 1504 enim

248 1529 350 1557 esset
396 1522 472 1558 hoc
517 1521 649 1559 dicere
694 1532 731 1559 et
775 1535 953 1560 asserere
997 1525 1105 1572 quod
1150 1524 1420 1562 Antichristus
1467 1538 1555 1562 cum

248 1578 327 1615 suis
380 1579 539 1616 famulis
587 1589 623 1617 et
671 1581 899 1618 famulabus
947 1591 1109 1631 superat
1156 1584 1290 1619 Jesum
1337 1583 1556 1620 Christum.

247 1639 328 1673 Nec
362 1646 419 1674 est
453 1637 569 1675 facile
600 1638 717 1675 nobis
751 1639 929 1688 cogitare
969 1641 1030 1677 vel
1070 1653 1286 1678 numerare
1325 1641 1556 1679 inconveni-

248 1695 360 1732 encia
393 1708 469 1744 que
502 1698 551 1732 ad
574 1696 691 1733 istam
718 1697 888 1734 heresim
915 1708 1231 1747 consequuntur.
1265 1701 1344 1736 Sed
1374 1713 1447 1748 pro
1472 1700 1558 1748 ipsa

190 1753 515 1790 25Antichristus
549 1754 659 1791 rudis
692 1755 822 1804 arguit
856 1756 991 1793 multis
1026 1757 1168 1794 modis.
1209 1757 1345 1794 Primo
1379 1770 1449 1806 per
1482 1759 1557 1795 hoc

249 1813 356 1859 quod
381 1811 497 1849 aliter
519 1813 813 1861 superfluerent
836 1827 976 1851 omnes
1000 1815 1209 1852 oraciones
1234 1815 1400 1853 ecclesie
1423 1825 1557 1864 preter

245 1869 475 1907 oracionem
524 1871 785 1917 dominicam,
835 1885 925 1909 cum
974 1886 1055 1909 non
1100 1873 1359 1910 mediocriter
1402 1884 1554 1923 peccat,

245 1927 312 1976 qui
346 1927 471 1976 magis
505 1930 653 1965 bonum
689 1942 790 1978 eque
835 1930 950 1967 facile
995 1931 1160 1980 negligit
1203 1932 1264 1968 vel
1309 1932 1556 1980 contempnit

245 1994 281 2021 et
326 1985 473 2034 accipit
518 1986 813 2024 irracionaliter
858 1988 989 2025 minus
1034 1991 1198 2026 bonum.
1253 1989 1395 2027 Melius
1434 1990 1555 2038 igitur

188 2048 229 2080 ’.ἑο
244 2043 346 2080 foret
392 2044 601 2082 ecclesiam
649 2045 803 2094 precise
842 2048 889 2083 de
929 2046 995 2084 illa
1028 2047 1220 2085 oracione
1254 2047 1427 2097 simplici
1461 2062 1554 2086 con-

244 2102 402 2138 tentari.

303 2161 379 2196 Sed
420 2170 614 2209 quantum
661 2163 711 2198 ad
753 2162 874 2209 istud,
920 2163 1069 2200 dictum
1118 2173 1175 2200 est
1219 2165 1327 2213 quod
1374 2165 1556 2213 quamvis
1608 2173 1810 2201 Wearcnm

245 2217 383 2254 oracio
417 2219 621 2256 dominica
655 2221 800 2257 habeat
840 2223 1043 2270 quandam
1090 2222 1387 2271 prerogativam
1434 2236 1556 2272 supra
1577 2208 1838 2279 ffgilficsigdpfflytehsc

244 2285 408 2313 cunctas
442 2277 553 2323 alias,
589 2288 784 2315 consonat
817 2288 953 2316 tamen
988 2281 1094 2329 quod
1120 2280 1195 2317 alie
1220 2290 1311 2317 sunt
1335 2281 1556 2318 laudabiles

313 2418 332 2437 1.
352 2410 384 2438 In
407 2419 521 2446 marg:
548 2410 632 2440 Rom.
653 2411 730 2439 VIII.
819 2421 843 2440 2.
868 2414 912 2440 A:
940 2413 1039 2441 debet.
1131 2415 1156 2450 5,
1178 2415 1206 2442 6.
1227 2415 1270 2443 A:
1298 2419 1326 2443 e!
1345 2416 1421 2444 velle
1443 2432 1470 2435 —
1492 2417 1559 2444 sine

242 2444 336 2472 deest.
435 2445 460 2474 5.
481 2446 581 2473 ADE:
607 2454 645 2474 ac
662 2447 699 2474 si.
800 2456 829 2483 9.
850 2448 862 2475 I
883 2448 912 2475 in
935 2457 1050 2484 marg:
1077 2447 1238 2477 Generalis
1257 2451 1366 2478 oracio
1387 2451 1505 2478 inclusa
1526 2452 1555 2479 in

242 2480 404 2520 evangelio
425 2483 471 2507 est
488 2481 601 2516 optima
613 2491 623 2510 .·
647 2481 688 2509 ib.
711 2482 735 2509 D
757 2481 786 2509 in
808 2491 921 2516 marga
953 2483 1067 2511 Oracio
1091 2485 1248 2512 veneratis
1267 2493 1362 2520 quare
1380 2485 1495 2513 dicitur
1514 2486 1554 2520 (in

243 2514 292 2542 red
322 2515 403 2547 mli-13
430 2518 459 2542 et
477 2516 592 2543 dtcitur
611 2516 777 2550 tripliciter
796 2517 836 2551 (in
860 2518 945 2545 black
966 2518 1047 2549 iulo:
1073 2519 1081 2546 i
1109 2540 1113 2545 .
1142 2519 1153 2546 1
1179 2520 1208 2547 in
1236 2528 1352 2555 marg:
1377 2520 1556 2556 Tripliciter

242 2549 355 2576 dicitur
373 2550 481 2577 oracio
500 2551 670 2587 generalis.
770 2560 812 2585 14.
834 2552 908 2579 AD:
933 2553 1069 2580 secundo
1087 2562 1158 2589 pro.
1259 2563 1301 2588 14,
1322 2554 1358 2582 15.
1381 2555 1419 2582 E:
1445 2563 1504 2591 pro
1526 2572 1553 2575 »-

240 2584 337 2611 tercio
357 2584 451 2612 deest.
534 2585 570 2613 15.
592 2585 650 2613 AI:
677 2586 862 2621 deprecatur
881 2590 910 2614 et
928 2588 1035 2615 tercio.
1117 2589 1157 2616 16.
1179 2589 1253 2616 AD:
1280 2597 1318 2617 ac
1337 2590 1555 2618 racionabilem

242 2619 335 2646 deest.
421 2619 461 2646 18.
482 2619 526 2647 A:
553 2620 725 2653 visitanda;
754 2621 794 2648 ib.
816 2621 868 2649 DE
888 2621 917 2649 in
940 2630 1055 2658 marg:
1084 2622 1198 2651 Oracio
1216 2625 1396 2661 generalis;
1424 2625 1464 2652 E:
1493 2626 1557 2652 sive

241 2652 393 2681 dominica
414 2657 459 2681 est
476 2654 609 2690 optima:
640 2655 680 2682 ib.
698 2656 743 2683 A:
765 2660 795 2683 et
812 2660 845 2684 ut
860 2657 906 2684 sic
924 2656 1000 2684 dixi.
1077 2666 1117 2693 ¹9-
1140 2658 1152 2686 I
1173 2659 1201 2685 in
1225 2667 1338 2694 marg:
1360 2659 1492 2687 Heresis
1512 2664 1557 2688 est

241 2687 323 2722 quod
341 2689 449 2716 oracio
469 2689 614 2724 specialis
632 2690 674 2717 sit
690 2690 800 2718 melior
818 2692 972 2727 generali.
1048 2693 1090 2720 25.
1113 2693 1181 2721 DE:
1202 2694 1288 2721 rudis
1309 2694 1408 2725 ἀρθεὶς
1430 2694 1470 2722 ib.
1486 2695 1510 2722 E
1524 2699 1553 2722 in

243 2730 356 2757 marg:
384 2723 605 2759 Argumentum
625 2728 742 2752 contra.
880 2726 925 2753 28.
947 2728 992 2754 A:
1019 2728 1072 2762 qui
1089 2736 1158 2755 non.
1299 2736 1345 2764 29.
1365 2729 1438 2757 AD:
1466 2738 1553 2766 ergo.

241 2756 283 2784 32.
305 2758 329 2786 E
350 2757 380 2785 in
402 2766 517 2793 marg:
539 2758 716 2795 Responsio.

316 2840 341 2861 1.
368 2830 468 2862 Rom.
486 2831 572 2871 VIII,
601 2830 653 2863 26.
777 2833 826 2865 13.
855 2833 906 2865 Cf.
925 2834 1064 2877 Wyc1if,
1090 2835 1140 2867 De
1166 2836 1325 2868 oracione
1353 2843 1385 2867 et
1410 2837 1553 2870 ecclesie

240 2876 460 2919 purgacione.
488 2877 561 2911 Pol.
580 2878 708 2909 Works
734 2879 756 2919 I,
783 2889 861 2922 pag.
889 2881 964 2923 343.
