2062 3276
192 890 229 911 10

192 1171 226 1202 15

188 1472 228 1493 20

187 2040 228 2072 30

247 243 382 272 suamc>
404 233 470 291 xi]
729 247 918 287 QUARTA
948 248 1073 280 mas.

246 364 468 400 pauperum
503 365 623 401 quam
660 352 801 389 merita
846 353 1105 401 superstitum
1151 355 1464 392 confundantur.
1511 360 1557 394 Et

246 422 334 446 cum
373 410 520 446 mortui
555 410 825 447 communiter
858 413 1053 447 dederunt
1092 412 1345 449 occasionem
1391 416 1441 450 ad
1485 414 1558 451 ista

246 467 415 504 crimina
446 468 760 516 terminandum,
806 478 957 505 certum
1003 469 1159 506 videtur
1191 472 1299 518 quod
1333 471 1480 508 mortui
1516 486 1558 509 ex

246 525 336 562 hinc
381 527 430 562 ad
477 527 716 574 paciendum
761 527 943 575 penalius
985 527 1228 575 obligantur.
1284 529 1389 574 Quid
1433 533 1559 578 (rogo)

246 585 450 631 prodesset
484 594 643 621 mortuo
677 593 784 621 extra
817 593 963 621 statum
990 585 1169 622 merendi
1191 585 1270 622 iam
1296 587 1425 634 posito
1450 589 1558 636 quod

245 641 300 678 sic
334 651 450 678 nocet
483 642 615 679 anime
647 642 814 679 viventis
849 643 915 691 qui
949 652 1145 692 quantum
1170 645 1220 680 ad
1243 653 1391 681 statum
1416 646 1558 682 attinet

246 699 387 736 habilis
420 709 477 736 est
511 700 678 737 mereri?
723 703 888 737 Constat
921 701 1082 749 quidem
1124 715 1166 737 ex
1201 702 1276 738 lide
1310 705 1418 751 quod
1464 705 1556 740 dum

246 758 366 793 homo
400 767 457 794 est
503 758 557 795 sic
603 768 798 805 mortuus,
840 772 919 795 non
967 769 1155 806 meretur,
1202 760 1296 808 quia
1341 774 1420 797 non
1465 771 1559 798 tunc

246 815 450 862 dignificat
483 829 522 852 se
555 816 594 852 in
628 817 761 864 gracia
794 818 843 853 ad
877 817 1166 854 beatitudinem
1208 821 1558 867 consequendam·

245 883 403 921 oportet
448 874 552 910 enim
599 876 705 923 quod
750 875 813 911 ille
858 884 1000 911 nature
1045 875 1218 912 uniende
1263 876 1300 912 in
1346 877 1475 925 patria
1520 878 1559 913 in

247 932 388 968 merito
420 932 480 969 vie
514 932 638 969 eciam
673 932 750 969 sint
782 932 905 980 unite,
940 933 1033 981 quia
1067 933 1182 970 aliter
1215 944 1359 971 natura
1382 935 1465 972 sine
1488 949 1560 972 suo

247 989 389 1026 merito
421 990 460 1026 in
496 990 625 1038 patria
658 1000 714 1027 est
748 992 876 1027 beata.
911 991 1023 1028 Sicut
1056 1004 1150 1039 ergo
1173 994 1294 1028 arbor
1317 1007 1395 1029 non
1421 994 1561 1030 crescit

245 1047 317 1083 nisi
352 1049 446 1084 dum
481 1048 573 1085 vivit
606 1049 810 1095 radicitus,
844 1049 899 1086 sic
934 1050 1055 1085 homo
1088 1063 1167 1086 non
1192 1050 1331 1087 crescit
1355 1051 1393 1087 in
1419 1052 1561 1088 merito

245 1106 318 1141 nisi
365 1107 459 1142 dum
506 1108 622 1143 ambe
667 1116 808 1144 nature
853 1107 963 1144 unite
1009 1108 1211 1156 reciproce
1255 1121 1294 1145 se
1339 1109 1476 1146 iuvant
1521 1110 1559 1146 in

245 1164 408 1201 meritis.
434 1166 482 1201 Et
502 1166 575 1201 hoc
592 1166 757 1202 docetur
777 1165 816 1201 in
833 1167 1024 1214 parabola
1040 1166 1256 1203 Salvatoris
1277 1169 1382 1204 Luce
1397 1169 1518 1214 XV10‚
1538 1169 1556 1205 3

244 1223 397 1259 Fodere
429 1236 501 1259 non
525 1224 633 1260 valeo
667 1228 724 1265 (ut
748 1232 856 1272 patet
879 1223 919 1260 in
943 1236 1127 1261 sermone
1151 1256 1159 1263 .
1186 1254 1193 1261 .
1219 1254 1226 1261 .
1252 1225 1380 1273 prime
1403 1226 1559 1274 partis).

300 1280 377 1316 Alii
412 1290 545 1317 autem
580 1281 813 1329 superstites
846 1291 1012 1330 possunt
1047 1282 1189 1319 mereri
1213 1283 1425 1331 defunctis,
1462 1294 1498 1321 et
1522 1284 1559 1320 in

244 1339 319 1374 hoc
359 1339 539 1375 consistit
583 1340 749 1376 fratrum
797 1340 1078 1388 sophisticacio
1122 1340 1292 1378 infinita.
1339 1342 1379 1378 Si
1423 1352 1556 1379 autem

244 1397 419 1433 defuncti
464 1406 556 1433 sunt
600 1397 640 1433 in
685 1397 832 1446 gracia,
880 1400 987 1446 quod
1030 1399 1171 1435 fratres
1220 1399 1419 1447 ignorant,
1464 1410 1559 1437 tunc

244 1464 410 1502 possunt
443 1455 686 1503 participare
721 1456 864 1492 merito
902 1456 1140 1504 vivencium,
1186 1459 1406 1494 secundum
1453 1460 1559 1507 quod

242 1512 283 1548 in
314 1512 394 1549 vita
427 1513 658 1561 superstites
692 1523 943 1556 meruerunt:
983 1515 1190 1551 oraciones
1223 1525 1357 1552 autem
1392 1517 1559 1553 fratrum

243 1584 316 1618 pro
348 1571 493 1608 talibus
528 1571 695 1608 mortuis
729 1582 1090 1621 quantumcunque
1135 1573 1391 1622 singulariter
1435 1575 1561 1623 appli-

244 1638 330 1665 cate
363 1642 443 1666 non
476 1629 613 1666 iuvant
647 1639 826 1667 mortuos
860 1630 933 1667 nisi
969 1632 1016 1667 de
1050 1640 1202 1679 quanto
1236 1644 1279 1668 ex
1312 1632 1454 1669 merito
1478 1633 1562 1669 illo-

243 1700 331 1722 rum
377 1688 636 1736 superstitum
684 1698 796 1725 erant
841 1689 962 1737 digni.
1017 1691 1123 1725 Deus
1169 1689 1273 1726 enim
1328 1690 1562 1728 universalis

211 1745 429 1782 sdominus
463 1746 530 1794 qui
564 1747 685 1783 habet
717 1747 853 1784 omnia
887 1749 992 1784 bona
1026 1748 1173 1784 mortui
1207 1748 1246 1784 in
1271 1749 1350 1785 suis
1376 1749 1561 1786 manibus

243 1804 461 1840 confiscata
495 1804 696 1841 distribuit
730 1806 777 1841 de
810 1805 885 1841 illis
920 1805 1089 1842 mortuis
1133 1815 1175 1842 ut
1219 1816 1311 1843 sunt
1356 1807 1478 1855 digni,
1525 1817 1562 1844 et

243 1861 296 1897 sic
331 1862 600 1899 communiter
633 1863 809 1900 defuncti
843 1876 1040 1911 pauperes
1074 1864 1277 1912 copiosius
1318 1865 1562 1914 participant

245 1919 394 1956 meritis
433 1920 596 1957 ecclesie
631 1921 839 1958 militantis
873 1935 992 1969 quam
1028 1931 1387 1972 quantumcunque
1422 1924 1561 1960 divites

244 1977 311 2025 qui
345 1978 505 2026 copiose
529 1978 716 2015 fratribus
739 1979 978 2027 temporalia
1001 1989 1092 2016 sunt
1116 1980 1264 2028 partiti.
1299 1983 1390 2018 Ideo
1413 1995 1558 2018 vanum

244 2044 300 2072 est
339 2045 375 2072 et
415 2037 579 2073 stultum
621 2039 772 2074 mundo
816 2037 956 2074 divites
1001 2051 1117 2075 avare
1162 2038 1234 2074 niti
1279 2039 1363 2075 istis
1409 2039 1561 2076 diviciis

243 2095 337 2129 dum
373 2094 436 2130 hic
468 2094 616 2142 vivunt,
654 2097 852 2132 credendo
885 2097 993 2144 quod
1026 2109 1094 2133 sue
1118 2096 1250 2133 anime
1274 2106 1389 2134 erunt
1413 2111 1435 2134 a
1458 2111 1562 2146 pena

244 2161 332 2200 post
367 2161 536 2189 mortem
582 2153 809 2201 specialiter
853 2154 1080 2202 suffragate.
1126 2156 1329 2192 Mereatur
1364 2156 1560 2204 (inquam)

244 2210 464 2247 catholicus
498 2212 592 2247 dum
627 2211 691 2248 hic
713 2211 807 2248 vivit
831 2221 867 2248 et
891 2214 997 2248 Deus
1029 2222 1119 2261 post
1145 2222 1314 2250 mortem
1340 2215 1387 2250 de
1412 2214 1562 2251 meritis

243 2268 502 2316 superstitum
537 2269 901 2318 proportionaliter
932 2270 1005 2307 sibi
1040 2271 1253 2319 distribuit,
1294 2271 1389 2320 quia
1421 2272 1562 2309 fratres

211 2327 371 2362 :Deum
406 2326 553 2363 iustum
588 2341 669 2364 non
703 2328 947 2365 necessitant
994 2337 1036 2366 ut
1082 2329 1223 2366 merita
1262 2330 1436 2378 applicet
1469 2344 1562 2378 pur-

244 2384 383 2432 gandis
417 2385 492 2421 nisi
526 2386 887 2434 proporcionaliter
919 2396 962 2424 ut
995 2396 1086 2424 sunt
1119 2387 1243 2435 digni.
1289 2389 1338 2425 Et
1381 2388 1438 2424 sic
1483 2398 1561 2425 tres

313 2543 339 2570 8.
360 2543 404 2570 A:
427 2546 474 2570 est
491 2543 586 2571 deest.
660 2544 701 2571 16.
723 2545 892 2575 Sermone:
910 2545 984 2572 AD:
1007 2545 1145 2581 sequitur
1160 2545 1284 2578 Iacuna;
1306 2545 1346 2572 ib.
1362 2546 1385 2573 E
1400 2546 1429 2573 111
1447 2555 1561 2582 marg:

244 2576 325 2605 Nota
335 2587 345 2610 ‚·
365 2578 390 2605 l)
406 2578 435 2605 111
452 2586 567 2613 marg:
591 2578 696 2614 Quare
715 2580 804 2607 homo
819 2583 1032 2615 postmortem
1047 2588 1107 2607 non
1117 2583 1222 2615 potest
1234 2581 1356 2608 mereri.
1430 2589 1477 2616 29.
1494 2582 1518 2609 E
1532 2583 1561 2609 in

245 2620 331 2673 {staff-⁷,
353 2622 374 2674 {l
381 2612 539 2675 Ραὶῑᾳέεὲἒεῗ
552 2613 675 2641 uberius
683 2615 881 2650 participant
893 2615 1012 2642 meritis
1025 2615 1159 2643 ecclesie.
1227 2614 1273 2649 1⁴4,
1290 2614 1333 2643 35.
1354 2615 1423 2644 DE:
1444 2617 1516 2652 quia
1531 2633 1563 2637 -

254 2655 361 2674 lecessw
376 2655 417 2674 αη
509 2656 522 2674 s
540 2670 545 2675 .

320 2730 369 2762 1⁴3.
402 2732 511 2763 Serm.
539 2732 628 2764 Part.
655 2732 678 2764 I.
712 2734 821 2765 Serm.
847 2733 934 2772 XLI,
968 2744 1046 2775 pag.
1075 2743 1151 2776 272.
1296 2735 1349 2767 33.
1383 2735 1476 2766 Haec
1513 2741 1563 2766 est

246 2777 401 2808 doctrina
419 2778 662 2809 Taboritarum
689 2780 731 2811 de
757 2780 973 2821 purgatorio:
1001 2780 1215 2811 tutissimum
1243 2787 1275 2811 et
1302 2781 1560 2812 securissimum

246 2830 297 2855 est
321 2831 358 2855 ut
385 2824 532 2866 quilibet
557 2825 591 2855 in
616 2827 766 2866 presenti
794 2827 841 2857 sie
867 2827 970 2865 vivat,
1006 2837 1047 2858 ne
1080 2834 1160 2868 post
1193 2826 1282 2857 hanc
1314 2827 1419 2858 vitam
1447 2828 1562 2868 aliqua

246 2871 457 2912 purgacione
484 2871 637 2913 indigeat
664 2871 793 2903 Chron.
820 2872 906 2904 Tab.
935 2873 956 2912 Ι,
984 2882 1058 2915 cap.
1083 2873 1202 2913 XXIV,
1227 2882 1275 2913 12,
1304 2883 1381 2916 pag.
1408 2872 1485 2915 “¹17-

1586 711 1614 738 A
1635 719 1704 738 mau
1726 716 1838 739 cannot

1619 746 1707 773 merit
1728 746 1806 773 after

1581 781 1681 812 death„
1704 781 1787 808 since
1808 781 1844 808 he

1583 817 1636 842 has
1658 816 1717 842 lost
1738 824 1795 842 oue
1815 819 1845 843 ot

1551 850 1559 862 '
1576 850 1622 877 liis
1643 855 1777 881 matures,
1798 851 1848 877 the

1618 885 1720 921 bodily
1741 894 1808 912 oue.

1582 1349 1684 1377 1)cceit
1703 1349 1738 1376 of
1755 1349 1846 1377 friars

1599 1386 1627 1412 111
1651 1384 1834 1419 pretending

1588 1424 1618 1446 10
1638 1419 1838 1455 appropriate

1647 1462 1783 1490 prayers,

1593 1987 1789 2015 Uselessness
1810 1988 1844 2016 of

1617 2023 1749 2057 heaping
1771 2031 1809 2056 up

1603 2058 1703 2084 riclies
1725 2058 1753 2084 iu
1776 2059 1825 2084 the

1589 2093 1667 2127 hope
1689 2093 1759 2129 the)v
1780 2093 1841 2120 will

1587 2128 1675 2162 profit
1697 2128 1746 2154 the
1768 2128 1845 2155 soul.
