2062 3276
271 258 407 289 SERMO
427 248 582 307 xxxnr]
743 263 935 303 QUARTA
962 262 1087 294 PARS.

270 381 352 406 non
385 370 553 418 apponit
586 369 828 406 medicinam
867 378 1085 418 antequam
1129 376 1336 416 peccatum
1371 369 1583 404 vulnerans

272 427 410 464 dolore
442 427 723 465 mollificatum
756 427 887 466 fuerit.

327 485 518 522 Tercium
566 486 792 534 exemplum
839 494 915 522 est:
958 486 1121 521 Frustra
1160 492 1326 532 paratur
1365 483 1527 520 infirmo
1562 496 1583 520 a

272 544 410 591 planta
443 544 554 592 pedis
592 556 718 592 usque
764 545 814 580 ad
854 552 975 592 caput
1019 542 1218 579 medicina
1257 543 1305 578 ab
1348 541 1584 587 extrinseco,

239 602 510 639 5exercicium
550 603 612 639 vel
651 602 771 647 dieta,
817 614 906 638 cum
947 609 1109 650 oportet
1153 599 1285 648 primo
1330 599 1586 647 prescindere

273 672 435 696 causam
478 660 628 706 morbi3
667 672 837 708 peccans
875 673 968 696 vero
1009 658 1233 695 mortaliter
1272 658 1433 705 languet
1467 666 1587 705 caput

273 727 310 754 et
342 719 614 765 stomachum,
648 717 894 767 affeccioque
926 718 1073 766 pedum
1109 725 1146 753 et
1169 716 1300 753 omnis
1333 715 1455 752 virtus
1489 715 1588 752 inte-

273 775 388 812 rioris
423 776 597 813 hominis
629 776 780 824 patitur
813 775 1059 812 discrasiam.
1095 776 1187 811 Ideo
1220 782 1379 822 oportet
1412 774 1586 810 calorem

273 833 456 870 innatum
491 847 583 870 cum
614 834 816 870 iuvamine
839 833 1055 871 influencie
1088 832 1182 869 solis
1215 831 1371 868 iusticie
1395 844 1588 868 evacuare

220 891 502 929 10infectivum
529 892 794 941 principium;
827 893 895 928 sed
928 892 1021 929 licet
1044 891 1227 928 Christus
1260 890 1300 926 in
1332 903 1373 926 se
1406 903 1486 926 non
1518 903 1588 938 po-

272 949 347 986 tuit
374 963 555 998 peccare,
589 959 724 987 tamen
757 949 908 999 planxit
941 958 1108 998 peccata
1133 961 1279 997 sponse
1303 961 1386 992 sue,
1419 949 1587 994 orando,

271 1020 395 1056 opera
417 1008 636 1057 spiritualis
660 1008 935 1045 misericordie
958 1007 1245 1056 impendendo,
1270 1015 1308 1042 et
1330 1006 1588 1054 penalissime

271 1065 506 1113 ieiunando;
549 1067 696 1103 docens
727 1080 800 1104 nos
832 1066 873 1103 in
907 1067 983 1103 hoc
1028 1065 1140 1114 sequi
1178 1065 1312 1113 ipsum
1353 1066 1474 1101 modo
1508 1077 1588 1113 quo

271 1137 502 1172 possumus,
535 1126 642 1161 unde
673 1125 766 1161 licet
799 1124 981 1162 Christus
1012 1122 1215 1160 inchoavit
1244 1122 1437 1159 ieiunium
1471 1135 1588 1158 suum

220 1186 256 1218 15
273 1182 408 1219 statim
449 1192 537 1232 post
576 1182 860 1231 Epiphaniam,
907 1195 979 1219 nos
1017 1191 1153 1219 tamen
1192 1193 1273 1217 non
1314 1189 1498 1229 potentes
1538 1181 1588 1216 ad

272 1240 465 1277 ieiunium
500 1254 617 1277 suum
651 1242 860 1289 attingere,
895 1252 1164 1290 prorogamus
1196 1251 1323 1287 usque
1356 1240 1406 1276 ad
1429 1248 1588 1287 tempus

272 1311 341 1335 sue
374 1299 589 1347 passionis,
622 1308 666 1336 ut
699 1299 824 1336 instar
855 1299 914 1335 sui
948 1299 1145 1347 paciendo
1185 1298 1485 1334 conformemus
1517 1309 1588 1333 nos

271 1357 394 1393 veteri
424 1366 680 1405 testamento,
705 1359 944 1394 celebrando
968 1357 1118 1405 pascha
1150 1356 1190 1392 in
1213 1355 1345 1392 cordis
1369 1354 1586 1391 mundicia.

271 1417 373 1452 Nam
399 1415 468 1452 filii
492 1416 613 1452 Israel
647 1415 779 1452 statim
810 1424 900 1464 post
923 1414 1193 1464 penitenciam
1215 1413 1348 1462 Egipti
1381 1422 1586 1461 peractam

216 1487 258 1509 20
272 1474 527 1510 celebrarunt
559 1475 712 1510 Pascha
745 1478 802 1512 (ut
835 1482 944 1523 patet
977 1474 1100 1510 Exod.
1136 1475 1218 1518 110).

330 1531 418 1568 Fuit
449 1540 584 1568 autem
618 1531 802 1569 Christus
835 1540 1054 1580 temptatus
1087 1544 1109 1567 a
1143 1530 1327 1567 Lucifero
1360 1528 1428 1578 qui
1462 1538 1590 1577 temp-

273 1590 370 1626 tavit
402 1590 554 1638 primos
587 1599 772 1638 parentes
805 1591 852 1627 de
875 1590 1000 1626 tribus
1031 1589 1181 1626 eisdem
1203 1587 1328 1633 viciis,
1362 1587 1454 1624 licet
1487 1588 1587 1623 ordo

275 1657 451 1685 mutatus
475 1648 606 1685 fuerit.
640 1650 741 1685 Nam
777 1648 929 1685 dictum
956 1647 1030 1684 fuit
1053 1647 1126 1683 sibi
1151 1649 1248 1683 Gen.
1273 1648 1357 1691 1110,
1399 1646 1441 1681 15
1480 1646 1589 1694 quod

276 1706 419 1743 mulier
451 1714 666 1743 contereret
699 1715 813 1756 caput
844 1720 969 1753 sunm,
1004 1707 1078 1742 hoc
1112 1714 1181 1751 est,
1223 1706 1445 1741 destrueret
1475 1716 1587 1740 suam

218 1767 258 1798 25
275 1765 520 1813 superbiam,
554 1774 592 1801 et
614 1765 778 1801 Messias
803 1765 1017 1802 redimeret
1046 1777 1169 1812 genus
1193 1764 1430 1799 humanum.
1463 1761 1590 1797 Vidit-

276 1835 353 1871 que
380 1824 505 1859 multa
529 1823 640 1871 signa
666 1823 827 1860 Christo
861 1831 1105 1871 competere.
1140 1823 1187 1858 de
1211 1821 1420 1858 ablacione
1443 1819 1591 1868 sceptri

275 1882 338 1917 (de
377 1894 458 1929 quo
498 1883 597 1920 Gen.
640 1883 818 1927 XL1X0)‚
865 1883 912 1917 de
953 1880 1230 1928 complecione
1270 1879 1589 1915 ebdomadarum

277 1936 345 1987 (de
370 1938 515 1987 quibus
540 1938 718 1975 Danielis
743 1941 828 1985 IX0,
854 1940 935 1984 25),
971 1948 1007 1975 et
1032 1941 1078 1974 de
1109 1947 1249 1974 sancta
1281 1935 1591 1973 conversacione

277 1997 424 2033 Christi
448 1997 709 2033 conformiter
742 1999 791 2034 ad
816 1998 1058 2045 prophetata
1092 1997 1139 2032 de
1163 1996 1261 2044 ipso.
1296 1997 1344 2031 Et
1367 1994 1592 2043 specialiter

220 2057 261 2089 30
277 2067 366 2091 cum
390 2055 542 2091 audivit
565 2056 727 2103 angelos
752 2064 939 2092 canentes
972 2055 1011 2091 in
1035 2067 1106 2091 sua
1130 2054 1337 2091 nativitate
1370 2061 1408 2089 et
1432 2054 1590 2089 Patrem

277 2126 322 2149 ac
356 2113 548 2161 Spiritum
585 2115 776 2150 Sanctum
816 2113 1077 2150 testificantes
1123 2112 1161 2148 in
1194 2125 1266 2148 sua
1299 2110 1590 2159 baptizacione‚

277 2171 416 2207 illusus
450 2181 584 2208 tamen
617 2181 674 2208 est
708 2184 789 2208 non
813 2173 962 2208 habens
1003 2171 1163 2219 plenam
1198 2169 1447 2207 evidenciam
1482 2169 1591 2216 quod

276 2229 350 2265 fuit
383 2231 488 2266 Deus
522 2238 559 2266 et
592 2231 715 2266 homo
749 2242 821 2266 nec
855 2242 897 2266 ex
931 2229 1081 2266 ieiunio
1121 2241 1193 2265 nec
1227 2241 1270 2264 ex
1302 2227 1438 2276 aliquo
1478 2226 1590 2274 signo

276 2288 408 2324 adhuc
441 2287 514 2324 sibi
543 2297 718 2326 ostenso.
752 2288 888 2324 Voluit
912 2300 1005 2335 ergo
1029 2286 1191 2335 aggredi
1215 2287 1437 2323 secundum
1461 2286 1590 2320 Adam

220 2345 260 2378 35
276 2346 421 2391 solum,
471 2345 573 2382 sicut
612 2346 822 2394 temptavit
860 2348 982 2382 Evam
1028 2347 1169 2390 solam,
1215 2354 1252 2381 et
1291 2344 1385 2393 quia
1424 2342 1593 2379 credidit

277 2404 484 2440 Christum
509 2417 552 2440 ex
576 2404 704 2441 esurie
729 2404 852 2440 cicius
876 2417 966 2440 cum
992 2406 1096 2440 Esau
1119 2401 1383 2451 temptacioni
1407 2413 1591 2437 succum-

277 2463 383 2508 bere,
417 2461 507 2498 ideo
540 2462 689 2510 incepit
718 2475 740 2499 a
766 2471 932 2511 peccato
966 2461 1096 2498 carnis
1120 2460 1421 2498 commiscendo
1455 2471 1592 2507 super-

277 2519 398 2555 biam.
446 2520 628 2557 Christus
667 2530 800 2557 autem
845 2520 1065 2557 confutavit
1110 2532 1199 2556 eum
1241 2531 1311 2567 per
1350 2517 1590 2565 scripturam

345 2688 370 2717 3.
393 2689 435 2716 D:
464 2688 586 2725 infirmo
608 2689 701 2716 deest.
809 2699 838 2723 4.
862 2689 905 2716 H:
935 2692 1026 2724 caput
1044 2689 1137 2716 deest.
1246 2688 1269 2715 5.
1287 2688 1410 2723 prima:
1435 2687 1479 2714 H:
1500 2694 1591 2719 ergo.

277 2725 304 2751 6.
327 2725 368 2752 D:
392 2728 561 2759 peccantes.
690 2733 716 2760 7.
737 2724 810 2752 DG:
838 2724 1020 2752 stomachus.
1146 2723 1172 2750 8.
1196 2722 1238 2750 H:
1261 2723 1383 2758 patitur
1402 2722 1591 2750 discrimina.

278 2768 318 2787 10.
341 2760 384 2786 fl:
408 2759 605 2795 putredinem
628 2760 691 2786 sed.
770 2767 809 2787 12.
831 2759 876 2787 H:
902 2759 1118 2795 spiritualiter.
1193 2757 1234 2785 [ὁ.
1255 2758 1329 2785 Do:
1352 2757 1590 2793 prolongamus.

277 2802 322 2821 20.
345 2794 388 2822 H:
416 2794 446 2821 II
463 2793 564 2827 deest:
592 2798 688 2821 recte:
709 2793 772 2821 XII.
899 2801 942 2821 22.
964 2795 1008 2821 A:
1036 2793 1181 2821 eiusdem.
1306 2800 1354 2826 24.
1376 2792 1418 2819 D:
1445 2794 1590 2819 conteret.

277 2831 323 2856 26.
339 2829 382 2856 H:
404 2829 565 2856 ablacione
585 2829 676 2864 capti.
730 2836 777 2863 29.
792 2829 836 2856 D:
852 2828 1099 2864 prophetandum
1108 2838 1118 2860 ‚·
1136 2830 1179 2855 C:
1196 2826 1424 2863 prophetanda.
1479 2826 1525 2854 30.
1546 2828 1590 2853 A:

276 2872 331 2890 sua
353 2864 447 2891 deest.
522 2862 561 2891 31.
584 2863 629 2891 H:
650 2871 707 2891 sua
727 2864 821 2891 deest.
893 2862 939 2891 30.
957 2864 998 2890 b:
1020 2871 1092 2895 esu;
1112 2863 1152 2890 ib.
1169 2863 1192 2889 Ι)
1214 2862 1244 2890 in
1266 2870 1380 2897 marg:
1408 2862 1591 2897 'l'emptacio.

278 2898 322 2926 3⁸.
351 2899 374 2926 l)
397 2900 425 2926 in
449 2907 561 2934 marg:
589 2898 742 2935 Efficacia
762 2899 847 2926 verbi
865 2899 931 2925 Dei.

1610 1536 1715 1564 Christ
1733 1537 1870 1572 tempted

1604 1572 1643 1608 by
1656 1572 1789 1606 Lucifer,
1808 1572 1878 1599 who

1638 1615 1702 1634 was
1724 1612 1776 1634 not
1796 1612 1845 1642 yet

1646 1650 1716 1669 sure
1737 1643 1772 1669 of
1789 1642 1845 1669 His

1667 1677 1819 1712 godhead.
