2062 3276
218 866 255 886 10

214 1448 254 1468 20

214 2311 254 2344 35

273 219 407 247 §namo
430 209 507 266 tx]
756 222 947 261 QUARTA
975 222 1100 253 PARS.

273 327 503 377 quinarium
544 329 759 376 superbum
795 338 907 365 erant
941 329 1038 365 dure
1072 328 1248 376 cervicis,
1291 330 1471 366 carnales
1511 330 1586 366 exi-

273 395 409 435 gentes
442 386 576 422 fenum
611 385 894 423 carnalitatum
929 386 1031 422 inter
1064 387 1172 434 ipsos
1206 396 1243 422 et
1277 387 1468 424 humilem
1494 400 1587 424 con-

273 444 565 481 sideracionem
599 453 703 481 terre
736 456 804 480 sue
838 452 1031 481 materne.
1072 444 1259 493 Quinque
1292 458 1413 493 panes
1446 446 1587 482 ordea-

274 502 331 539 cei
371 502 529 550 signant
569 503 709 539 duram
751 501 996 538 sentenciam
1037 502 1270 538 Pentateuci
1310 502 1450 550 Moysi.
1498 505 1586 539 l)uo

272 573 365 597 vero
405 560 532 608 pisces
571 560 728 607 signant
767 559 943 595 edulium
986 559 1025 595 in
1064 559 1174 595 libris
1208 560 1516 608 sapiencialibus
1551 570 1587 597 et

273 618 591 667 prophetalibus.
626 617 847 654 Duodecim
883 617 1045 666 cophini
1076 618 1394 665 fragmentorum
1428 618 1587 666 signant

273 678 372 713 duas
395 675 672 713 universitates
697 675 951 723 postillarum
975 677 1109 724 quoad
1142 688 1301 712 sensum
1326 676 1524 712 literalem
1549 686 1586 712 et

273 734 473 770 misticum
491 746 610 782 super
625 743 736 771 vetus
751 743 1038 771 testamentum
1054 743 1261 783 tamquam
1279 735 1379 771 duos
1394 734 1585 771 senarios.

329 793 492 840 Septem
532 805 655 840 panes
694 792 858 829 secundi
899 791 1070 829 convivii
1102 792 1260 840 signant
1293 801 1445 841 septem
1480 794 1586 829 dona

271 849 442 898 Spiritus
487 850 636 890 Sancti.
690 850 835 898 quibus
882 859 972 898 post
1023 850 1348 887 incarnacionem
1404 850 1585 887 christia-

271 921 413 945 norum
460 908 697 945 universitas
746 910 892 945 nedum
939 910 986 945 de
1017 908 1152 945 Judeis
1199 910 1268 945 sed
1308 910 1355 945 de
1400 908 1585 956 gentibus

272 975 504 1015 pascuntur,
563 966 733 1003 scientes
791 966 1024 1003 immediate
1077 966 1282 1003 humiliter
1335 967 1587 1004 discumbere

271 1037 391 1073 super
413 1034 575 1062 terram.
612 1024 796 1062 Pisciculi
829 1024 945 1073 pauci
979 1024 1207 1072 significant
1230 1024 1338 1062 varia
1371 1025 1587 1062 carismata

271 1083 310 1119 in
343 1096 447 1132 aqua
487 1082 688 1131 sapiencie
721 1082 899 1120 vivencia
933 1082 1077 1131 quibus
1119 1082 1327 1120 christiani
1366 1092 1587 1131 pascuntur

238 1141 438 1185 5laucius,
462 1151 499 1178 et
518 1150 693 1189 quatuor
717 1141 840 1178 millia
865 1140 1074 1178 hominum
1100 1141 1258 1189 signant
1282 1141 1585 1178 universitatem

273 1199 586 1236 christianorum
639 1212 716 1248 que
767 1212 811 1236 ex
855 1200 941 1247 lege
987 1208 1162 1247 quatuor
1205 1199 1501 1248 evangeliorum
1551 1208 1587 1236 et

271 1267 447 1306 quatuor
497 1258 691 1294 virtutum
745 1257 1011 1294 cardinalium
1071 1267 1290 1306 pascuntur
1343 1258 1381 1293 in
1435 1258 1584 1294 animo.

271 1318 433 1364 Septem
468 1325 603 1364 sporte
636 1316 794 1363 signant
835 1315 1136 1352 universitatem
1177 1316 1476 1364 postillancium
1511 1329 1586 1364 que

271 1384 361 1410 sunt
407 1374 642 1422 grandiores
687 1386 730 1410 ex
769 1383 876 1410 textu
916 1373 1006 1410 novi
1047 1374 1276 1411 testamenti
1317 1374 1470 1422 impleti
1518 1386 1587 1422 per

271 1432 475 1468 Christum
509 1445 630 1480 quam
667 1442 778 1468 erant
802 1431 963 1480 postille
998 1432 1238 1481 multiplices
1262 1434 1309 1469 de
1342 1432 1587 1469 obscuritate

270 1490 415 1527 veteris
448 1490 692 1527 testamenti.

328 1550 405 1585 Sed
438 1548 478 1585 in
510 1548 635 1585 tercio
675 1547 869 1594 convivio,
909 1547 977 1584 ubi
1017 1549 1129 1585 multi
1164 1557 1251 1585 sunt
1292 1549 1430 1595 vocati,
1470 1550 1590 1598 pauci

272 1619 362 1643 vero
406 1607 527 1650 electi,
575 1616 766 1643 notantur
806 1607 1016 1643 duodecim
1064 1608 1112 1644 ad
1159 1608 1434 1644 denotandum
1477 1609 1585 1655 quod

270 1665 398 1701 solum
433 1665 580 1701 Christi
619 1665 803 1713 discipuli
843 1674 1054 1713 sequentes
1089 1665 1293 1702 Christum
1334 1665 1374 1701 in
1408 1665 1587 1701 moribus

237 1723 426 1761 §venient
460 1725 509 1760 ad
543 1724 886 1771 complementum
921 1736 1015 1760 cene
1048 1723 1264 1760 novissime
1298 1723 1338 1760 in
1362 1736 1440 1772 qua
1472 1723 1587 1771 panis

270 1781 349 1818 vite
383 1791 419 1817 et
443 1794 568 1829 agnus
601 1781 810 1829 agniculus
843 1781 926 1818 sine
960 1782 1119 1818 macula
1154 1791 1189 1818 et
1213 1782 1302 1818 vitis
1335 1794 1426 1818 vera
1450 1795 1586 1829 ymmo

270 1839 407 1876 onmia
440 1840 479 1876 in
512 1839 699 1876 omnibus
732 1849 789 1876 est
814 1839 982 1887 ipsemet
1006 1840 1188 1877 Christus
1222 1853 1311 1876 cum
1338 1853 1418 1887 quo
1442 1849 1586 1876 cenant

270 1910 410 1934 omnes
450 1897 564 1935 electi
603 1897 643 1933 in
682 1899 820 1934 eadem
862 1910 998 1934 mensa
1038 1898 1223 1934 circulari
1263 1898 1346 1934 sinc
1381 1898 1585 1946 superfluo

272 1965 507 1992 remanente
539 1957 645 1992 facto
678 1969 837 1992 summo
871 1956 1081 1992 miraculo.

331 2016 558 2051 Locuturus
582 2015 630 2050 de
662 2014 795 2062 primo
829 2023 866 2050 et
889 2015 1067 2051 secundo
1101 2014 1286 2051 convivio
1309 2023 1407 2050 noto
1432 2014 1583 2050 dictum

270 2072 454 2121 Apostoli
487 2075 513 2110 I.
549 2074 642 2109 Cor.
676 2074 798 2119 XIVQ
830 2085 896 2120 19:
937 2073 1015 2108 Sed
1045 2073 1080 2108 in
1114 2073 1286 2120 ecclesia,
1320 2071 1462 2121 inquit,
1499 2073 1584 2108 volo

271 2131 432 2180 quinque
455 2131 572 2167 verba
605 2143 716 2167 sensu
749 2143 831 2167 meo
861 2131 977 2179 loqui,
1011 2138 1050 2166 ut
1082 2138 1116 2167 et
1138 2130 1235 2166 alios
1257 2131 1446 2166 instruam
1470 2143 1583 2179 quam

272 2190 401 2225 decem
433 2189 556 2225 millia
592 2189 796 2225 verborum
830 2189 866 2224 in
906 2189 1053 2239 lingua.
1100 2190 1201 2225 Sunt
1233 2197 1367 2225 autem
1408 2188 1585 2237 quinque

270 2248 391 2284 verba
407 2246 552 2296 quibus
571 2248 745 2295 populus
765 2256 822 2283 est
837 2248 1075 2295 pascendus,
1093 2247 1190 2283 fides
1204 2255 1248 2283 ut
1263 2247 1584 2293 fundamentum,

270 2305 334 2342 via
372 2305 566 2342 virtutum
603 2318 682 2353 qua
715 2305 893 2342 tenditur
926 2307 976 2342 ad
1014 2318 1181 2353 regnum
1221 2314 1257 2341 et
1289 2306 1351 2341 via
1389 2304 1584 2341 viciorum

273 2376 351 2412 qua
375 2363 554 2400 tenditur
577 2364 628 2400 ad
652 2376 870 2409 carcerem,
902 2372 939 2399 et
962 2363 1017 2399 sic
1034 2365 1080 2400 de
1104 2363 1195 2409 fide,
1221 2365 1268 2399 de
1286 2362 1514 2410 virtutibus,
1539 2365 1586 2399 de

271 2421 532 2468 beatitudine,
568 2422 616 2458 de
640 2421 752 2458 viciis
777 2430 814 2458 et
838 2422 886 2458 de
919 2421 1032 2469 penis
1066 2421 1211 2457 inferni
1236 2422 1353 2458 debet
1386 2434 1468 2458 esse
1501 2430 1586 2458 tota

272 2479 501 2528 predicacio
555 2479 750 2528 prepositi
805 2479 1023 2516 christiani.
1085 2481 1142 2515 De
1195 2479 1272 2515 fide
1325 2479 1474 2516 dictum
1528 2488 1587 2515 est

340 2610 361 2629 1.
383 2602 456 2629 DG:
477 2603 620 2636 suwerbi‚-
639 2603 679 2630 ib.
700 2604 746 2630 A:
768 2603 845 2630 dure
865 2603 966 2637 deest3
994 2603 1034 2629 ib.
1058 2602 1100 2629 G:
1122 2603 1196 2629 duri
1213 2602 1356 2634 cervicis,·
1377 2603 1422 2629 A:
1443 2602 1586 2629 cervices.

269 2637 293 2665 5.
309 2636 384 2665 DG:
405 2645 477 2664 vero
521 2643 594 2665 eest.
651 2638 679 2665 6.
696 2637 739 2665 G:
762 2645 795 2665 22
816 2646 850 2665 co
873 2637 949 2664 ln'ni.
1006 2645 1035 2673 9.
1051 2638 1096 2664 A:
1116 2640 1229 2672 septem
1249 2637 1334 2664 deest
1353 2637 1430 2664 after
1447 2637 1585 2673 signant.

271 2671 307 2699 15.
328 2672 372 2699 A:
394 2672 549 2699 hominum
570 2672 664 2699 deest.
739 2681 777 2708 ¹7·
799 2672 824 2699 D
867 2682 872 2699 ς
893 2672 1010 2699 anima.
1081 2680 1129 2706 μ).
1151 2673 1195 2699 A:
1217 2671 1255 2698 de
1272 2675 1365 2699 textu.
1445 2679 1490 2698 20.
1512 2671 1585 2698 DG:

269 2706 415 2745 quoniam
435 2710 535 2743 erant.
615 2707 660 2734 28.
684 2706 727 2733 G:
748 2715 851 2734 omnes
870 2707 965 2734 deest.
1043 2705 1081 2734 31.
1102 2704 1176 2734 DG:
1198 2706 1214 2733 I
1230 2706 1324 2734 deest.
1403 2705 1446 2734 33,
1469 2705 1584 2734 Codd.:

270 2749 300 2768 tn
322 2741 422 2773 deest;
442 2741 484 2768 ib.
505 2740 578 2768 DG:
600 2742 710 2778 lingua
732 2741 826 2769 deest.
901 2741 946 2775 31⁷.
968 2743 1012 2769 A:
1030 2742 1164 2777 populus
1183 2741 1277 2768 deest.
1349 2739 1394 2767 36.
1412 2740 1529 2768 Codd.:
1550 2741 1587 2768 de

272 2776 357 2802 deest
377 2775 480 2803 before
499 2776 672 2804 virtutibus.

343 2856 395 2878 22.
423 2847 541 2878 nauh.
567 2848 667 2878 xxti.
693 2858 742 2888 14.

1793 217 1874 262 469

1619 807 1644 827 2.
1666 799 1748 827 Tnat
1768 800 1855 834 given

1601 840 1631 861 to
1652 835 1703 861 the
1719 834 1873 861 Christian

1671 869 1806 896 Church.

1620 1554 1644 1581 Β.
1666 1553 1746 1581 Tlmt
1768 1554 1856 1589 giren

1611 1593 1640 1616 to
1662 1590 1710 1616 the
1732 1590 1861 1616 blessed.

1600 2015 1678 2043 How
1695 2017 1744 2043 the
1766 2018 1874 2052 people

1612 2051 1723 2079 should
1747 2052 1782 2079 be
1804 2052 1862 2079 fed.
