2062 3276
256 255 391 284 SERMO
411 245 492 303 mn]
733 259 923 299 QUARTA
951 259 1078 291 PARS.
1777 262 1859 300 429

256 366 416 412 electos,
455 365 550 414 quia
592 377 635 402 ex
668 366 822 403 defectu
857 365 1093 402 certacionis
1126 365 1302 413 legitime
1338 366 1455 415 pauci
1484 374 1571 402 sunt

256 424 366 460 electi
396 425 444 460 ad
480 423 661 471 gloriam.

314 484 366 517 Ex
401 481 476 517 isto
510 482 714 530 evangelio
737 481 894 518 elicitur
917 482 1124 529 quomodo
1155 480 1321 517 ecclesia
1345 494 1384 517 se
1410 481 1570 518 habebit
1637 489 1704 517 The
1726 491 1809 530 three

255 539 293 575 in
327 539 506 588 quolibet
537 540 657 576 trium
692 548 867 576 statuum
902 548 939 575 et
972 540 1177 587 quomodo
1205 539 1378 586 quelibet
1402 552 1571 587 persona
1586 527 1860 591 ⁸¹³¹'fii›i-1iii1¹='1¹t¹.³m’

223 597 421 634 5ecclesie
454 599 570 634 debet
602 610 642 634 se
676 599 821 634 habere
854 610 925 645 pro
958 605 1064 633 statu
1103 596 1458 645 peregrinacionis,
1499 611 1570 645 pro
1621 595 1825 629 ¹¹'i¹¹¹¹¹1‘¹¹³¹¹1·

255 665 359 692 statu
393 655 654 692 dormicionis
688 664 725 692 et
757 668 830 704 pro
863 664 967 692 statu
999 654 1271 702 evigilacionis
1305 663 1341 691 et
1378 655 1572 691 mercedis

258 713 516 762 recepcionis.
570 716 668 750 Nam
705 726 775 761 per
817 714 887 749 hos
926 721 1007 749 tres
1045 721 1171 749 status
1210 721 1369 760 oportet
1408 726 1570 749 omnem

254 784 467 820 personam
513 772 730 808 humanam
782 773 1008 808 decurrere.
1062 773 1102 807 In
1149 771 1280 819 primo
1326 784 1419 819 ergo
1466 781 1571 808 statu

253 838 410 878 oportet
443 842 621 877 pugnare
654 829 831 875 viriliter,
872 829 911 865 in
950 831 1127 866 secundo
1166 838 1327 877 oportet
1363 838 1571 877 expectare

201 900 239 921 10
254 888 515 928 confidenter,
540 897 576 924 et
600 887 639 923 in
662 887 787 924 tercio
809 896 970 935 oportet
994 900 1160 935 regnare
1184 887 1363 924 feliciter.
1391 887 1569 925 Primum

254 954 363 994 patet
396 958 442 982 eo
466 947 573 994 quod
607 959 679 982 non
702 946 952 982 coronabitur
975 946 1048 981 nisi
1067 946 1131 994 qui
1152 946 1324 995 legitime
1346 947 1566 983 certaverit.

254 1005 346 1040 Ideo
361 1012 522 1052 oportet
539 1003 705 1040 militem
723 1003 870 1040 Christi
886 1004 1017 1051 primo
1034 1016 1212 1051 pugnare
1236 1003 1275 1039 in
1299 1003 1442 1040 stadio.
1468 1006 1567 1040 Nam

255 1063 329 1098 hoc
369 1063 546 1098 seculum
583 1070 640 1098 est
673 1062 944 1110 spectaculum
971 1064 1056 1097 Deo
1086 1070 1122 1097 et
1146 1061 1297 1109 angelis
1320 1061 1569 1098 intuentibus

253 1133 428 1168 pugnam
464 1129 500 1157 et
534 1120 727 1156 desidiam
760 1119 1070 1156 christianorum
1114 1119 1152 1155 in
1191 1119 1364 1156 exercitu
1405 1120 1568 1157 diaboli.

201 1180 235 1212 15
253 1181 332 1214 Nec
357 1186 413 1214 est
437 1178 626 1226 possibile
650 1179 783 1226 lapsos
806 1178 1002 1226 attingere
1025 1179 1074 1214 ab
1103 1177 1265 1214 instanti
1292 1178 1569 1226 copulaeionis

253 1249 343 1272 curn
389 1248 560 1284 corpore
604 1237 654 1272 ad
698 1236 850 1272 instans
894 1235 1166 1284 separacionis
1211 1235 1285 1271 nisi
1330 1238 1568 1284 pugnandm

251 1303 410 1342 oportet
425 1294 530 1330 enim
550 1295 774 1330 membrum
792 1306 875 1331 esse
889 1295 1032 1342 penale
1051 1293 1088 1329 in
1109 1293 1243 1341 lapsis.
1268 1295 1454 1341 Magnam
1475 1307 1568 1342 ergo

251 1352 513 1400 prudenciam
538 1361 697 1400 oportet
721 1352 850 1400 ipsum
875 1364 1078 1400 apponere
1108 1352 1174 1400 qui
1198 1352 1281 1388 vult
1304 1364 1442 1389 secure
1467 1354 1567 1389 hanc

250 1410 354 1447 viam
379 1418 666 1448 transcurrere.
701 1412 873 1459 Oportet
907 1423 1001 1458 ergo
1034 1410 1144 1458 sequi
1170 1410 1373 1447 Christum
1409 1411 1474 1459 qui
1511 1420 1568 1448 est

195 1481 236 1502 20
251 1470 327 1505 dux
350 1476 384 1505 et
407 1469 552 1519 legifer
574 1476 704 1505 noster
725 1472 782 1513 (ut
805 1468 951 1505 dicitur
966 1468 1064 1504 Isaie
1080 1470 1272 1515 XXX1110‚
1292 1472 1371 1511 22).
1398 1470 1568 1517 Oportet

251 1539 344 1574 ergo
368 1527 631 1564 christianum
649 1526 705 1573 (in
721 1535 915 1575 quantum
942 1526 1189 1571 huiusmodi)
1213 1526 1324 1574 sequi
1342 1527 1566 1573 Christum3

250 1584 335 1633 ipse
369 1585 472 1622 enim
498 1594 555 1622 est
580 1586 653 1630 τίἀ,
677 1586 820 1621 veritas
844 1592 878 1621 et
902 1585 978 1620 vita
1003 1588 1059 1629 (ut
1084 1584 1231 1621 dicitur
1253 1585 1340 1621 ι1011.
1366 1586 1486 1631 X1V⁰‚
1514 1587 1566 1629 (ἶ),
1583 1592 1689 1620 Christ
1710 1593 1758 1620 the
1778 1602 1859 1630 way,

251 1644 310 1679 via
335 1652 578 1692 supportans
603 1655 672 1691 per
703 1656 822 1692 quam
856 1644 1048 1680 debemus
1078 1642 1275 1687 incedere,
1301 1644 1422 1680 Hebr.
1448 1645 1496 1689 10,
1525 1644 1566 1680 3:
1606 1628 1838 1690 ¹¹¹011¹12¹¹1¹1¹}»0{³¹¹d

251 1701 381 1749 primo
409 1709 576 1751 portans
607 1702 733 1738 omnia
768 1702 882 1738 verbo
918 1701 1094 1743 virtutis:
1131 1710 1169 1738 et
1201 1702 1287 1737 Act.
1318 1702 1457 1747 XV110,
1494 1703 1565 1738 28:

193 1761 232 1794 25
250 1760 291 1795 In
324 1760 406 1809 ipso
440 1760 615 1803 vivimus,
648 1772 850 1796 movemur
878 1767 910 1795 et
942 1771 1087 1795 Sumus.
1121 1761 1203 1796 Nec
1237 1758 1384 1795 sufficit
1420 1760 1566 1796 habere

249 1817 546 1866 quantumlibet
570 1818 751 1865 pulcram
777 1817 881 1854 viam
907 1817 1049 1853 viatori
1074 1817 1248 1863 errabssi,
1280 1817 1354 1853 nisi
1383 1818 1566 1854 habuerit

154 1855 234 1944 {3⁰ss
249 1875 405 1923 signum
437 1873 440 1929 Ι
470 1876 599 1924 ipsum
632 1875 818 1922 dirigens.
853 1876 945 1911 Ideo
974 1884 1031 1911 est
1062 1875 1205 1911 veritas
1234 1874 1408 1923 ¹dirigens
1442 1877 1565 1912 corda

154 1930 187 1934 ‘⁵
248 1943 385 1970 nostra
419 1933 458 1970 in
492 1933 659 1970 caritate
692 1933 763 1970 Dei
798 1942 835 1970 et
868 1933 1075 1981 paciencia
1109 1932 1270 1969 Christi.
1305 1936 1386 1970 Nec
1419 1934 1565 1970 sufficit

250 1993 396 2029 habere
412 1991 516 2029 viam
534 1991 829 2040 quantumlibet
847 1992 1028 2039 pulcram
1055 2000 1092 2027 et
1115 1992 1292 2039 regulam
1312 1991 1564 2039 dirigentem,

192 2055 234 2086 30
248 2049 323 2086 nisi
357 2051 478 2086 homo
512 2050 698 2087 habuerit
720 2050 922 2086 obiectum
948 2050 1240 2096 consolantem,
1275 2049 1364 2086 ideo
1398 2058 1456 2086 est
1490 2051 1565 2086 vila

248 2117 385 2145 nostra
419 2121 496 2156 que
529 2120 685 2144 summe
708 2107 926 2156 appetitur.
961 2109 1180 2144 Cum-amus
1205 2121 1299 2156 ergo
1322 2107 1424 2144 viam
1451 2121 1563 2145 suam

249 2166 376 2215 ipsum
395 2168 612 2215 sequendo,
631 2167 738 2214 quod
764 2166 805 2202 fit
828 2179 910 2203 non
933 2166 1089 2202 incessu
1114 2167 1259 2213 pedum
1285 2167 1350 2202 sed
1376 2166 1564 2214 gradibus

249 2224 398 2261 amoris
439 2226 613 2262 amando
654 2224 785 2272 ipsum
828 2224 1012 2270 dulciter,
1046 2223 1140 2273 quia
1174 2237 1364 2272 supremo
1398 2224 1564 2261 domino

249 2291 409 2330 oportet
441 2284 661 2320 secundum
696 2295 925 2331 supremam
960 2281 1188 2330 potenciam
1224 2282 1434 2319 deservire.

192 2343 231 2377 35
306 2343 386 2377 Nec
418 2340 565 2377 sufficit
597 2353 733 2377 amare
761 2340 931 2377 dulciter
962 2339 1037 2376 nisi
1072 2349 1107 2377 et
1141 2350 1298 2377 ametur
1331 2342 1561 2388 prudenter,
1608 2346 1675 2386 Onur
1695 2347 1761 2375 Iove
1782 2347 1829 2374 sor

248 2398 341 2447 quia
385 2399 552 2435 Matthei
591 2401 712 2445 XVIO,
760 2399 808 2435 23
863 2407 1027 2435 vocatus
1079 2407 1136 2434 est
1177 2401 1316 2435 Petrus
1365 2400 1561 2441 sathanas,
1587 2383 1847 2453 Sfflsg'sfffssssfffdffit

248 2455 343 2505 quia
406 2456 653 2505 imprudenti
718 2456 936 2493 affeccione
1000 2456 1129 2492 noluit
1193 2456 1398 2493 Christum
1464 2457 1561 2505 pati.
1601 2453 1660 2480 ‘¹¹¹³
1681 2458 1832 2480 constant.

249 2516 419 2562 Oportet
453 2515 558 2551 enim
599 2528 673 2552 nos
715 2514 911 2552 voluntati
953 2527 1022 2551 sue
1069 2514 1328 2560 conformari,
1374 2523 1416 2551 ut
1453 2524 1563 2563 patet

316 2649 340 2683 5,
369 2649 397 2677 6.
427 2649 469 2677 G:
495 2650 774 2685 peregrinaciont’s
799 2666 832 2669 —
859 2653 888 2677 et
908 2658 969 2685 pro
999 2652 1080 2678 statu
1111 2650 1203 2677 deest.
1322 2650 1348 2678 8.
1379 2650 1422 2678 D:
1452 2650 1560 2687 igitur.

248 2716 282 2735 11.
297 2708 341 2735 A:
383 2707 435 2734 uia
450 2707 596 2741 legitime.
659 2707 696 2736 15.
711 2709 938 2742 copulacionis:
957 2710 1001 2736 A:
1023 2693 1156 2737 effla—onis.
1212 2715 1250 2740 17.
1267 2708 1340 2736 DG:
1362 2708 1470 2736 nedum
1485 2717 1561 2736 esse.

248 2751 288 2776 17,
304 2750 346 2775 10.
394 2742 436 2769 G:
459 2743 565 2783 igilur.
593 2777 598 2782 .
621 2743 913 2783 22>A:'u·td1'citur
932 2744 1033 2777 ἀρκεῖς
1055 2744 1095 2771 ib.
1115 2743 1184 2770 Joh.
1200 2743 1248 2770 IX.
1312 2743 1352 2771 31.
1375 2743 1448 2770 DG:
1470 2751 1560 2778 quam

246 2785 360 2804 summe
377 2780 567 2812 appetmzzcs‚·
592 2778 632 2805 1b.
654 2778 696 2805 D:
723 2780 833 2812 zgztur.
925 2778 966 2806 32.
991 2779 1062 2806 [Νὴ
1089 2778 1145 2805 sed
1163 2778 1256 2805 deest.
1347 2777 1390 2806 32.
1413 2779 1459 2805 A:
1487 2786 1561 2813 gra-

248 2812 334 2839 dibus
353 2812 416 2839 sed.
491 2811 531 2839 35.
552 2812 598 2840 G:
615 2812 765 2848 prudens.
838 2812 882 2840 38.
903 2815 947 2840 A:
970 2813 1125 2840 voluntati
1141 2814 1271 2840 vacanti.

323 2894 371 2915 11.
400 2884 436 2915 11.
455 2883 546 2915 Tim.
574 2884 611 2924 11,
641 2885 670 2916 5.
