2062 3276
190 261 263 294 104
767 257 990 288 „IOHANNIS
1008 257 1192 288 WYCLIF
1213 257 1467 289 SERMONUM
1531 243 1683 301 [SERMO
1705 255 1785 283 Xlll·

472 363 646 412 peccatis
679 376 755 412 que
789 363 962 399 limitant
995 364 1254 400 absolvantur
1286 372 1322 399 et
1356 363 1394 399 in
1428 363 1503 400 isto
1536 365 1683 400 nedum
1717 366 1785 401 ad—

471 421 637 470 quirunt
669 423 827 458 lucrum
860 422 927 457 sed
972 421 1267 458 subieccionem
1313 430 1433 470 atque
1478 422 1701 458 dominium
1748 431 1785 459 et

471 488 599 517 totum
633 481 824 517 fundatur
855 479 894 516 in
928 479 1137 517 luciferina
1169 479 1369 528 superbia,
1414 493 1494 516 non
1526 479 1566 516 in
1600 480 1676 517 fide
1710 489 1782 518 etc.

956 603 1153 644 SERMO
1186 604 1293 644 XIII.

886 670 1368 706 (Serm.MixtiX1X.>
1802 669 1817 700 5

528 736 691 785 Frange
724 734 909 771 esurienti
934 746 1074 783 panem
1109 741 1226 769 tunm.
1264 736 1310 770 Is.
1346 735 1499 780 LV1110‚
1536 747 1571 782 7.

181 786 455 848 Ἐξῖῐξῐξῗθξὲῑὲξῑξὲ
532 795 621 828 Post
653 793 878 840 generalem
913 791 1156 828 sentenciam
1191 793 1238 828 de
1272 791 1496 840 penitencia
1535 793 1595 828 vel
1635 793 1785 828 confes-

261 855 376 883 Christ.
433 853 438 857 “
470 850 580 886 sione
613 850 827 886 dicendum
862 859 918 886 est
950 849 1160 897 specialius
1194 851 1241 886 de
1274 849 1461 886 remediis
1494 863 1542 886 ne
1571 849 1575 897 Ι
1604 850 1785 898 penitens
1802 831 1884 908 {gi-‘¹

471 908 665 945 reincidat
710 907 749 944 in
796 917 1018 956 peccatum.
1073 910 1120 943 Et
1164 907 1267 944 inter
1310 908 1406 944 alias
1452 907 1670 944 medicinas
1709 905 1810 945 ista„

469 966 626 1002 videtur
658 965 851 1014 precipua
883 967 990 1014 quod
1024 965 1206 1013 penitens
1239 966 1424 1002 exercitet
1468 978 1507 1002 se
1552 966 1591 1001 in
1636 966 1785 1014 duplici
1806 980 1843 1001 10

469 1023 700 1060 elemosina.
736 1026 783 1060 Et
816 1024 942 1071 tangit
975 1025 1171 1071 propheta
1204 1024 1461 1060 elemosinam
1493 1023 1784 1072 quintuplicem

469 1082 508 1118 in
542 1095 621 1130 qua
654 1082 780 1118 fidelis
813 1083 928 1118 debet
963 1081 1127 1129 provide
1160 1081 1344 1118 exerceri.
1390 1084 1438 1118 Et
1482 1090 1573 1118 sunt
1618 1091 1696 1118 tres
1737 1084 1784 1118 de

470 1149 619 1188 septem
654 1139 843 1188 operibus
872 1139 1143 1176 misericordie
1177 1153 1254 1187 que
1278 1139 1458 1176 Christus
1492 1149 1784 1176 commemorat

470 1198 609 1234 Matth.
635 1199 751 1241 XXV,
785 1211 858 1245 pro
882 1197 1026 1245 quibus
1051 1197 1322 1234 remunerabit
1346 1198 1637 1245 predestinatos
1661 1197 1784 1234 beati-

469 1255 607 1292 tudine
654 1265 690 1292 et
735 1269 807 1303 pro
852 1269 989 1292 earum
1034 1255 1250 1292 omissione
1304 1255 1539 1303 dampnabit
1591 1255 1840 1304 prescitosi5

470 1323 663 1362 perpetua
696 1313 1002 1361 dampnacione.

181 1376 346 1412 1.Togive
363 1376 453 1403 bread
529 1371 662 1407 Primo
708 1385 800 1419 ergo
844 1371 1013 1419 precipit
1057 1374 1162 1407 Deus
1207 1371 1460 1419 omnipotens
1505 1373 1613 1419 quod
1658 1371 1785 1408 viator

193 1416 222 1439 ¹⁰
243 1412 292 1438 the
314 1412 441 1448 hungry.
471 1431 689 1477 prudenter
729 1431 905 1479 frangat
957 1429 1140 1465 esurienti
1184 1442 1324 1478 panem
1385 1443 1522 1475 suum,
1583 1431 1782 1477 pascendo

201 1501 227 1520 2.
249 1492 297 1520 To
319 1493 432 1519 shelter
471 1487 688 1524 esurientes
721 1487 922 1535 proximos
945 1486 1046 1523 sicut
1071 1488 1206 1531 debet:
1239 1489 1415 1523 secundo
1439 1488 1546 1524 debet
1568 1488 1603 1523 in
1628 1488 1781 1524 domum

203 1529 253 1555 ὼε
273 1527 437 1554 homeless.
471 1546 644 1594 recipere
675 1558 817 1595 egenos
849 1553 882 1581 et
917 1558 1038 1595 vagos
1081 1547 1301 1581 secundum
1348 1545 1609 1593 prudenciam
1644 1559 1782 1593 supra-
1800 1559 1841 1580 20

179 1608 203 1636 3.
220 1608 268 1637 To
285 1609 385 1636 clotho
406 1609 455 1635 the
471 1603 631 1645 dictam,
678 1603 800 1639 tercio
844 1616 928 1639 cunt
970 1603 1108 1639 viderit
1146 1604 1288 1639 nudum
1324 1604 1430 1640 debet
1463 1603 1586 1652 ipsum
1633 1603 1782 1640 miseri-

256 1643 384 1671 nacked.
470 1661 642 1698 corditer
693 1663 912 1697 secundum
966 1660 1189 1708 predictam
1242 1661 1502 1709 prudenciam
1549 1662 1702 1710 operire
1746 1670 1783 1697 et

195 1733 225 1759 4-
247 1724 295 1753 To
315 1724 437 1759 despise
470 1728 614 1767 quarto
654 1721 769 1755 debet
813 1721 1032 1755 secundum
1078 1732 1200 1767 opera
1243 1718 1461 1767 spiritualis
1510 1719 1782 1755 misericordie

274 1768 366 1787 '¹⁰⁸⁰'
469 1778 529 1813 vel
563 1777 780 1825 corporalis
814 1778 960 1813 nullum
995 1777 1203 1826 despicere,
1248 1777 1472 1824 specialiter
1517 1790 1605 1813 cum
1642 1790 1781 1814 omnes

469 1835 650 1871 homines
683 1835 758 1870 sint
793 1836 934 1871 fratres
967 1844 1003 1871 et
1036 1835 1214 1883 singulus
1248 1848 1340 1871 caro
1373 1835 1548 1881 alterius,
1596 1835 1669 1871 hoc
1709 1839 1836 1881 est,25

469 1892 647 1929 eiusdem
671 1902 825 1929 nature.
861 1895 908 1929 Et
931 1905 1069 1929 omnes
1092 1892 1352 1940 predestinati
1383 1902 1473 1929 sunt
1497 1894 1596 1929 alter
1618 1892 1780 1929 alterius

470 1952 650 1987 membra
695 1960 731 1987 et
775 1950 919 1999 singuli
964 1952 1144 1987 membra
1177 1950 1337 1988 Christi.
1384 1951 1494 1987 Sicut
1539 1964 1630 1999 ergo
1675 1964 1780 1999 aqua

469 2008 661 2056 extinguit
684 2008 829 2056 ignem,
855 2008 908 2045 ita
931 2009 1149 2045 elemosina
1172 2009 1364 2057 extinguit
1387 2018 1610 2057 peccatum,
1627 2018 1669 2045 ut
1685 2008 1779 2045 dicit

469 2066 636 2114 Sapiens
671 2076 707 2103 et
741 2076 783 2102 ut
817 2066 913 2102 dicit
947 2066 1128 2102 Christus
1163 2068 1268 2103 Luce
1291 2068 1377 2113 X10‚
1412 2080 1485 2113 41:
1510 2068 1613 2103 Date
1636 2068 1774 2103 elemo-

469 2125 607 2163 sinam.
640 2131 675 2160 et
707 2137 790 2160 ecce
822 2124 948 2160 omnia
982 2125 1124 2160 munda
1157 2132 1243 2160 sunt
1277 2125 1393 2160 vobis.
1796 2129 1837 2161 30

210 2186 269 2214 We
290 2191 372 2225 must
393 2187 451 2234 bc⁸
529 2183 605 2218 Sed
639 2191 795 2230 oportet
827 2181 998 2219 viatores
1031 2194 1113 2218 esse
1142 2183 1357 2230 prudentes
1379 2181 1597 2230 prudencia
1621 2195 1780 2230 serpen-

192 2221 373 2291 prudkessnssgii
395 2230 444 2248 ⁰¹¹¹
471 2239 566 2283 tina,
601 2239 694 2287 quia
727 2239 767 2276 in
790 2239 864 2276 ista
888 2239 1105 2276 elemosina
1129 2239 1307 2276 consistit
1331 2253 1475 2288 magna
1498 2239 1779 2288 sophisticacio

471 2306 508 2333 et
552 2297 776 2344 specialiter
819 2297 859 2334 in
905 2297 1124 2334 elemosina
1169 2298 1379 2346 corporali.
1432 2300 1533 2334 Nam
1578 2299 1780 2346 pascendo

471 2354 717 2403 proditorem
752 2364 789 2391 et
821 2356 948 2391 furem
972 2355 1193 2403 publicum,
1227 2357 1429 2392 noscendo
1452 2355 1582 2404 ipsum
1608 2356 1778 2392 multum

471 2425 614 2448 nocere
639 2412 816 2459 ecclesie,
841 2426 921 2449 non
944 2413 1100 2449 videtur
1123 2426 1205 2450 esse
1229 2413 1445 2450 elemosina
1461 2427 1581 2462 quam
1599 2413 1780 2451 Christus
1796 2417 1836 2449 25

471 2469 651 2518 precipit,
677 2471 847 2507 consulit
870 2471 948 2507 sive
973 2472 1156 2518 mandat3
1191 2481 1226 2508 et
1250 2471 1351 2508 sicut
1373 2471 1548 2519 sophiste
1572 2471 1779 2520 replicant,

540 2590 612 2619 1—3.
627 2591 726 2619 ADE:
748 2595 778 2618 et
796 2592 825 2619 in
846 2593 904 2619 isto
928 2608 956 2612 -
977 2596 1007 2620 et
1024 2596 1117 2620 totum
1138 2593 1231 2621 deest.
1286 2603 1316 2628 4.
1338 2595 1367 2622 Α
1386 2595 1414 2622 in
1438 2603 1552 2634 marg:
1572 2595 1680 2623 Sermo
1695 2595 1778 2626 XIII:

470 2627 494 2653 Ι)
517 2626 544 2653 iu
567 2634 680 2662 marg:
703 2635 759 2659 m;
785 2627 808 2654 E
828 2627 857 2654 in
880 2636 993 2661 marg:
1015 2627 1049 2655 X.
1124 2628 1159 2655 15.
1181 2629 1223 2656 D:
1249 2636 1375 2661 eorum,-
1400 2629 1440 2656 ib.
1461 2629 1485 2657 E
1505 2638 1535 2657 ln
1556 2638 1670 2665 marg:
1699 2630 1779 2658 Nola

470 2661 554 2696 quod
572 2661 751 2696 quintuplex
769 2665 816 2688 est
832 2662 1009 2689 elemosina
1071 2670 1112 2694 ιο.
1134 2662 1158 2690 E
1178 2663 1207 2690 in
1231 2672 1343 2698 marg:
1365 2672 1393 2691 2.
1456 2671 1495 2692 21.
1515 2664 1539 2691 E
1560 2664 1589 2692 in
1611 2673 1725 2701 marg:
1745 2674 1778 2700 3.

471 2694 512 2722 23.
534 2695 558 2722 E
579 2704 607 2721 in
630 2704 743 2722 marsa:
770 2703 802 2729 4.
945 2697 988 2725 25.
1010 2697 1036 2724 I:
1065 2697 1194 2732 singuli.
1340 2706 1384 2733 27.
1405 2700 1434 2726 1:
1461 2699 1560 2727 initur
1579 2701 1618 2733 (et
1639 2700 1778 2734 passim).

471 2737 517 2764 29.
538 2729 608 2757 AE:
629 2729 672 2757 XI
689 2715 783 2770 deest.
807 2765 812 2770 ‘
875 2730 920 2758 30.
942 2733 985 2758 A:
1007 2740 1074 2759 ecce
1093 2733 1193 2766 deest;
1223 2732 1262 2760 ib.
1284 2734 1328 2760 A:
1357 2734 1439 2761 vobis
1459 2720 1552 2761 doeest.
1643 2734 1680 2762 31.
1704 2736 1727 2762 E
1748 2737 1777 2763 in

472 2772 538 2791 mar
562 2774 584 2791 .:
606 2764 778 2792 Prudenczcz
799 2774 829 2792 ιη
850 2766 1070 2793 elemosimznte
1088 2767 1175 2794 debet
1192 2775 1258 2794 esse
1276 2769 1464 2803 serpentina.
1556 2767 1596 2796 35.
1618 2769 1645 2797 1:
1673 2774 1780 2803 nocet,-

470 2799 511 2826 ib.
560 2798 598 2826 E:
627 2800 840 2834 elemosynam.
921 2799 966 2827 30.
987 2801 1015 2828 1:
1042 2801 1206 2836 sophistice
1225 2802 1364 2837 replicat.

541 2871 572 2903 5.
598 2871 729 2913 Epistle
756 2870 807 2903 for
831 2871 1163 2916 Ash-XVednesday.

2059 117 2062 136 A.
2055 53 2062 110 2⁶-—
