2062 3276
204 274 285 308 444
785 267 1008 299 JOHANNIS
1027 266 1211 298 WYCLIF
1232 265 1487 297 SERMONUM
1538 249 1690 307 [SERMO
1713 261 1804 289 Lvn.

492 379 540 412 Et
574 375 604 412 si
639 374 805 411 ulterius
839 382 1031 422 queratur
1065 385 1187 421 quare
1212 374 1317 408 Deus
1350 370 1406 407 sic
1439 379 1547 407 amat
1581 369 1806 416 ecclesiam,

493 433 639 470 dicitur
678 433 787 482 quod
825 440 990 480 propter
1029 432 1224 468 honorem
1266 438 1303 466 et
1341 429 1562 465 bonitatem
1601 441 1730 474 suam,
1771 436 1808 463 et

493 505 563 541 per
596 503 844 539 consequens
877 490 966 538 plus
1000 498 1109 526 amat
1142 489 1337 525 honorem
1372 496 1409 524 et
1438 485 1660 523 bonitatem
1694 498 1807 522 suam

494 563 614 599 quam
650 548 860 586 ecclesiam
896 560 1083 596 sponsam
1118 559 1245 592 suam,
1287 554 1324 582 et
1363 557 1433 594 per
1473 556 1720 592 consequens
1753 543 1808 580 sic

494 610 684 645 debemus
729 620 801 643 nos
847 607 988 643 facere.
1042 608 1090 641 Et
1134 605 1224 641 ideo
1268 603 1472 652 signanter
1521 602 1842 650 premittuntur5

495 675 574 703 tres
608 665 825 714 peticiones
859 664 898 700 in
932 664 1076 712 quibus
1110 665 1239 699 honor
1273 662 1344 698 Dei
1378 661 1587 709 expetitur.

207 729 480 778 luseclxi-ngflodss
552 727 633 761 Nec
678 732 770 760 sunt
814 723 887 758 iste
925 721 1136 770 petitiones
1176 720 1328 757 steriles
1368 733 1388 756 a
1422 721 1527 755 bono
1559 717 1674 755 nobis
1711 717 1808 763 utili,

216 766 472 834 ιιᾟῖιῖἷηᾚςάιω
496 796 541 819 eo
575 783 682 831 quod
716 782 755 817 in
788 789 983 829 quantum
1018 780 1105 827 plus
1139 779 1313 815 zelamus
1353 791 1425 826 pro
1466 779 1617 813 honore
1651 775 1736 821 Dei,
1771 775 1810 811 in

496 850 609 877 tanto
644 840 732 887 plus
764 838 880 875 nobis
913 837 1106 874 accrescit
1139 838 1186 872 de
1220 837 1451 873 commodo.
1487 837 1599 872 Patet
1632 846 1678 870 eo
1702 835 1809 882 quod

497 908 537 935 ut
577 898 632 935 sic
673 900 777 933 Deus
818 897 904 945 plus
944 908 1016 931 nos
1053 894 1194 943 diligit,
1242 894 1352 931 cuius
1397 893 1565 929 dileccio
1605 901 1662 928 est
1694 890 1810 928 nobis
1830 903 1868 924 10

497 956 668 993 maxime
685 954 944 1001 eomodifera,
965 955 1069 990 unde
1093 953 1195 989 sicut
1211 953 1403 989 Salomon
1421 950 1541 999 peciit
1563 949 1809 998 sapienciam

498 1024 535 1051 et
568 1022 760 1051 venerunt
792 1012 865 1048 sibi
898 1011 1034 1049 omnia
1068 1013 1173 1048 bona
1207 1010 1357 1059 pariter
1391 1023 1481 1046 cum
1514 1009 1595 1054 illa,
1630 1007 1685 1044 sic
1719 1020 1811 1044 ama

497 1072 743 1121 sapieneiam
790 1071 1010 1107 increatam
1057 1082 1132 1118 que
1176 1076 1231 1105 est
1276 1081 1440 1119 regnum
1474 1068 1561 1111 Dei,
1606 1074 1641 1102 et
1684 1066 1809 1101 omnia

497 1130 737 1179 temporalia
776 1127 1001 1165 necessaria
1039 1135 1150 1164 erunt
1182 1127 1330 1162 adiecta
1370 1129 1426 1170 (ut
1466 1124 1612 1161 dicitur
1644 1123 1811 1160 Matthei

497 1192 582 1235 ΧΨ),
610 1189 688 1233 33).
729 1188 946 1236 Quomodo„
976 1185 1106 1234 inquit
1128 1185 1357 1233 Apostolus,
1393 1196 1464 1219 non
1488 1196 1572 1219 cnm
1597 1183 1662 1218 illo
1686 1182 1810 1218 omnia
1833 1184 1868 1215 15

499 1247 605 1283 nobis
638 1245 823 1282 donavit?
875 1247 931 1281 De
965 1252 1116 1292 quanto
1157 1256 1250 1290 ergo
1283 1255 1398 1279 amor
1431 1250 1566 1277 noster
1599 1241 1685 1288 plus
1719 1253 1811 1276 con-

499 1306 695 1342 formatur
726 1302 921 1340 voluntati
956 1302 1099 1343 divine,
1139 1302 1313 1338 amando
1354 1301 1503 1336 bonum
1542 1307 1684 1335 nature
1725 1299 1812 1346 plus

499 1377 618 1412 quam
653 1365 801 1399 bonum
836 1362 993 1397 fortune
1016 1370 1053 1396 et
1076 1361 1225 1396 bonum
1252 1358 1383 1407 gracie
1407 1358 1493 1406 plus
1517 1370 1637 1406 quam
1662 1357 1811 1392 bonum

500 1421 723 1470 corporalis
748 1428 902 1465 nature,
939 1421 986 1455 de
1009 1427 1121 1455 tanto
1144 1418 1287 1454 caritas
1311 1423 1443 1452 nostra
1468 1416 1596 1466 magis
1618 1427 1662 1450 ac
1686 1415 1813 1464 magis

499 1480 706 1517 habundat.
761 1479 878 1524 Quod
923 1485 1010 1514 orat
1055 1476 1270 1524 Apostolus
1320 1483 1528 1523 tamquam
1579 1472 1809 1509 oracionem
1830 1483 1871 1503 20

499 1538 633 1575 omnia
668 1536 847 1586 petibilia
871 1533 1270 1583 compendiosissime
1304 1533 1591 1578 includentem,
1625 1530 1718 1579 quia
1743 1529 1811 1578 qui

501 1596 642 1632 crescit
688 1595 727 1631 in
773 1594 938 1631 caritate
983 1606 1059 1641 que
1105 1601 1162 1628 est
1201 1591 1280 1628 vita
1321 1589 1552 1638 spiritualis,
1599 1588 1740 1625 crescit
1774 1588 1811 1624 in

498 1655 578 1690 vita
612 1654 695 1690 sine
729 1666 808 1701 qua
831 1653 952 1688 homo
979 1654 1061 1687 Deo
1087 1650 1268 1686 moritur.
1304 1650 1418 1685 Unde
1443 1650 1484 1684 ΙΙ,
1511 1649 1601 1684 Cor.
1628 1648 1711 1687 1V1’,
1744 1647 1811 1682 16:

501 1713 607 1748 Licet
645 1712 675 1748 is
713 1712 777 1759 qui
801 1711 912 1760 foris
950 1717 1005 1745 est
1043 1710 1156 1744 homo
1195 1715 1325 1744 noster
1357 1713 1650 1755 corrumpatur,
1688 1712 1813 1740 tamen

499 1772 531 1806 is
562 1770 627 1819 qui
657 1770 757 1805 intus
789 1776 843 1805 est
877 1769 922 1804 de
955 1768 1014 1803 die
1046 1768 1081 1802 in
1116 1767 1213 1802 diem
1246 1772 1468 1802 renovatur.
1504 1765 1618 1799 Unde
1643 1762 1814 1799 maxima
1832 1762 1870 1794 25

503 1828 642 1865 abusio
676 1836 733 1864 est
767 1827 1019 1863 retrocedere
1052 1825 1092 1861 in
1125 1826 1287 1860 decreto
1315 1819 1320 1875 Ι
1349 1822 1455 1858 illius
1489 1822 1705 1869 profectus.
1833 1809 1913 1869 59¹1)

228 1900 248 1917 1-
269 1890 328 1938 We
349 1891 402 1928 asi<
419 1890 470 1937 for
561 1886 665 1922 Finis
711 1886 844 1933 itaque
889 1893 925 1920 et
972 1883 1311 1931 complementum
1358 1880 1561 1928 religionis
1600 1866 1896 1916 christiane³³9

232 1926 468 1987 xxiiiiiss‘ssfiilixss„
504 1954 559 1980 est
606 1945 712 1992 quod
759 1945 880 1979 homo
920 1942 1142 1978 conformet
1181 1942 1427 1977 voluntatem
1467 1951 1579 1975 suam
1618 1935 1815 1974 voluntati

212 2000 487 2065 gssl¹ff¹¹sssl¹1gJJg1¹¹l¹l¹h¹⁹
503 2002 632 2039 dix-inc
665 2003 772 2050 quod
806 2009 965 2049 oportet
1010 2012 1152 2047 capere
1192 2012 1234 2035 ex
1267 1997 1479 2045 scriptura.
1533 1998 1580 2031 Et
1613 1995 1680 2031 ubi
1714 1994 1815 2030 iacet

436 2058 440 2064 ⁸
503 2060 743 2108 ambiguitas
776 2058 992 2096 voluntatis
1026 2057 1156 2093 divine
1189 2064 1350 2104 oportet
1383 2054 1589 2091 consulere
1628 2052 1812 2101 spiritum
1832 2054 1873 2085 30

504 2118 671 2164 consilii,
696 2126 731 2154 et
754 2118 829 2154 ista
853 2118 910 2153 lex
935 2129 1004 2165 per
1026 2129 1066 2152 se
1089 2115 1301 2160 sufficeret,
1327 2126 1415 2150 cum
1442 2125 1523 2149 non
1547 2109 1814 2148 committitur

505 2185 714 2224 peccatum
760 2175 833 2211 nisi
879 2188 921 2211 ex
966 2174 1049 2210 eius
1092 2173 1219 2209 devio.
1274 2173 1375 2208 Cum
1415 2179 1547 2207 autem
1588 2167 1815 2205 necessitati

505 2247 642 2270 sumus
677 2247 747 2282 pro
790 2242 894 2269 statu
929 2232 987 2268 vie
1022 2231 1204 2267 incedere
1250 2242 1374 2277 usque
1419 2230 1468 2264 ad
1521 2235 1696 2263 montem
1744 2224 1814 2261 Dei

505 2294 611 2328 Oreb
646 2292 683 2327 in
717 2291 991 2336 solitudinem,
1036 2298 1193 2337 oportet
1233 2289 1339 2336 quod
1379 2296 1562 2334 petamus
1606 2296 1747 2332 panem
1794 2296 1815 2319 a

506 2359 619 2398 patre
651 2358 804 2395 nostro,
838 2349 982 2385 virtute
1017 2347 1129 2383 cuius
1162 2358 1374 2394 possumus
1408 2343 1563 2380 fortiter
1596 2342 1716 2379 viare.
1832 2342 1871 2375 35

236 2413 420 2474 ᾗκχιὶῑιμίἰίζὶ
437 2417 476 2473 13⁵¹,
564 2411 644 2444 Nec
689 2407 834 2443 sufficit
867 2407 1059 2444 viatorem
1107 2406 1252 2441 habere
1297 2402 1530 2465 alimentum
1577 2400 1651 2436 nisi
1701 2398 1817 2435 fuerit

234 2483 282 2509 m„-
306 2482 420 2509 bul-dc„
442 2482 476 2508 01*
506 2467 747 2502 deoneratus
781 2478 801 2501 a
834 2464 990 2501 sarcina
1022 2464 1265 2508 retardante,
1306 2461 1394 2497 ideo
1434 2469 1606 2509 petlmus
1638 2458 1816 2494 secundo

327 2517 384 2543 Ἦ·
507 2523 837 2561 exoneracionem
862 2536 883 2559 a
908 2522 1041 2558 debito
1066 2529 1339 2569 peccatorum,
1369 2528 1409 2554 ut
1433 2516 1660 2566 expedicius
1683 2528 1816 2552 curra-

507 2594 594 2618 mus
626 2581 730 2618 viam
764 2590 963 2617 nostram:
998 2581 1049 2616 Et
1083 2579 1229 2615 dimitte
1260 2578 1365 2613 nobis
1397 2577 1521 2613 debita
1555 2582 1699 2611 nostra.
1736 2574 1816 2609 Nec

576 2703 604 2728 (i.
629 2703 668 2729 ΙΝ
690 2702 881 2737 competitur·
958 2702 996 2728 16.
1022 2701 1093 2727 bG:
1114 2700 1214 2735 igitur
1235 2700 1273 2727 (et
1295 2698 1433 2732 passius).
1510 2705 1550 2729 ιο.
1568 2696 1612 2722 G:
1633 2695 1818 2729 corporale:

507 2738 548 2764 1›:
570 2737 787 2772 c0›·r11peil³1le,-
806 2737 846 2764 ib.
864 2737 906 2763 G:
930 2738 1041 2763 nature
1060 2736 1159 2767 deest;
1182 2734 1221 2760 ib.
1238 2734 1279 2760 li:
1299 2736 1402 2759 nostra
1424 2732 1517 2758 deest.
1590 2738 1629 2757 21.
1652 2730 1724 2757 DG:
1746 2737 1816 2756 con-

507 2772 683 2798 cludentem.
758 2771 801 2798 23.
822 2771 862 2797 l):
885 2771 916 2797 II
933 2771 1025 2797 deest.
1101 2768 1142 2796 33.
1164 2768 1238 2795 DG:
1259 2767 1317 2794 Dei
1335 2767 1429 2794 deest.
1503 2764 1546 2800 37.
1568 2766 1612 2792 A:
1633 2767 1662 2791 el
1679 2763 1815 2791 sarcina.

508 2805 551 2833 38.
572 2808 615 2834 A:
638 2806 924 2841 exponerczcionem.

582 2889 630 2922 ιε’).
657 2889 759 2920 Rom.
779 2888 863 2928 VIII,
893 2889 944 2921 32.
1043 2888 1095 2930 39.
1121 2884 1240 2918 Matth.
1259 2885 1316 2924 Vl,
1340 2894 1390 2917 12.
