2062 3276
231 251 367 280 SERMo
391 241 457 299 vr]
712 255 902 294 QUARTA
933 256 1058 287 PARS.

232 360 427 397 confessio
461 361 563 397 facta
597 360 762 409 proprio
795 361 1006 408 sacerdoti,
1041 374 1134 409 ergo
1168 361 1234 398 illu
1258 363 1468 410 superfluit
1493 366 1541 400 ad

231 420 415 455 salutem.
450 418 647 455 Ordinare
681 431 773 467 ergo
806 420 935 467 legem
970 420 1075 468 quod
1099 419 1232 456 omnis
1255 420 1539 457 discrecionem

234 486 431 513 maturam
479 476 676 524 attingens
722 477 959 514 confiteatur
997 477 1120 513 semel
1159 477 1199 513 in
1238 491 1343 515 anno
1377 488 1542 526 peccata

231 547 302 571 sua
335 534 492 582 singula
532 534 696 582 proprio
735 535 945 582 sacerdoti,
990 534 1148 572 videtur
1187 549 1270 572 esse
1310 537 1540 584 blasphema

199 592 497 641 fipresumpciO.
545 594 622 629 Sed
655 592 750 641 quia
790 606 899 630 error
932 606 1024 641 sepe
1063 595 1226 641 prodest
1260 607 1329 641 per
1358 594 1543 631 accidens

178 894 216 914 10

179 1173 213 1205 15

176 2046 192 2077 '3'
197 2056 218 2075 ο

231 660 267 686 et
301 650 529 698 specialiter
561 650 754 688 contricio
787 664 832 688 ac
867 651 1064 688 confessio
1097 651 1200 687 facta
1233 652 1432 688 sacerdoti
1467 652 1543 688 dis-

231 718 352 754 creto,
405 707 494 744 ideo
545 708 754 756 supposito
807 711 914 757 quod
961 708 1051 746 talis
1099 709 1294 746 confessio
1342 709 1391 746 sit
1436 710 1543 746 utilis

230 768 473 814 quandoque
505 766 659 807 viatori,
693 769 915 804 notandum
952 776 1009 803 est
1042 768 1150 815 quod
1183 776 1262 803 tres
1296 777 1429 815 partes
1452 778 1544 804 sunt

231 823 499 860 communiter
531 823 571 860 in
604 824 833 861 huiusmodi
867 824 1093 873 penitencia
1134 824 1346 873 assignate,
1393 825 1544 862 scilicet

231 881 360 918 cordis
393 881 600 924 contricio,
634 883 713 919 oris
748 883 943 920 confessio
977 892 1013 919 et
1036 883 1167 931 operis
1192 883 1429 920 satisfaccio.
1464 886 1543 920 Nec

230 939 395 975 dubium
429 939 525 988 quin
557 940 687 988 prima
720 941 864 977 sufficit
898 942 1142 989 quandoque
1176 943 1309 990 quoad
1342 943 1485 978 Deum.

289 997 397 1034 Licet
436 1007 569 1034 autem
611 1007 691 1034 tam
732 1012 837 1047 papa
878 1012 999 1048 quam
1039 1011 1179 1035 omnes
1217 998 1277 1035 sui
1319 999 1543 1036 cardinales

229 1055 408 1092 nesciant
441 1055 726 1093 contricionem
763 1057 989 1094 describere
1022 1056 1102 1093 sive
1125 1070 1378 1105 cognoscere,
1414 1067 1544 1106 potest

230 1124 365 1150 tamen
398 1113 474 1150 dici
509 1114 771 1162 probabiliter
804 1117 911 1163 quod
950 1115 1137 1151 differunt
1178 1115 1336 1152 attricio
1376 1125 1413 1152 et
1453 1129 1544 1152 con-

231 1171 358 1214 tricio,
394 1184 483 1208 cum
519 1171 677 1209 attricio
709 1172 758 1209 sit
792 1174 904 1209 dolor
937 1173 1090 1221 primus
1125 1183 1161 1209 et
1194 1173 1439 1210 insufficiens
1472 1187 1544 1222 pro

230 1239 395 1278 peccato
440 1238 477 1266 et
521 1230 715 1267 contricio
761 1240 818 1268 est
857 1232 970 1267 dolor
1009 1231 1209 1267 sufficiens
1249 1233 1298 1267 ad
1332 1242 1542 1279 peccatum

231 1288 458 1324 delendum.
495 1290 581 1334 Que
613 1298 708 1325 tunc
742 1289 798 1331 fit,
832 1291 993 1337 quando
1028 1290 1141 1325 dolor
1175 1290 1262 1337 plus
1294 1290 1354 1326 vel
1386 1299 1542 1326 tantum

232 1345 406 1393 disponit
452 1345 655 1383 hominem
704 1348 753 1383 ad
803 1347 1087 1384 dimittendum
1137 1356 1348 1395 peccatum
1396 1358 1544 1396 quante

233 1412 442 1451 peccatum
484 1403 705 1452 indisponit
746 1405 948 1442 hominem
991 1406 1039 1442 ad
1079 1407 1341 1453 peccandum.
1391 1408 1438 1442 Et
1471 1405 1546 1442 isto

233 1463 352 1498 modo
386 1461 562 1498 creditur
594 1464 755 1498 Petrum
791 1475 833 1499 ex
866 1463 1085 1511 negacione
1109 1463 1270 1499 Domini
1302 1463 1422 1500 fuisse
1456 1477 1547 1500 con-

232 1519 392 1563 tritum;
438 1529 474 1556 et
515 1520 695 1556 consistit
735 1520 810 1557 ista
850 1520 1044 1558 contricio
1084 1521 1254 1558 maxime
1288 1520 1327 1557 in
1361 1522 1545 1558 dolorosa

232 1577 513 1625 resipiscencia
554 1578 727 1614 hominis
761 1592 782 1615 a
816 1588 994 1627 peccato.
1042 1581 1133 1615 Ideo
1171 1579 1303 1616 videat
1345 1580 1547 1616 confessus

233 1635 402 1672 discrete
442 1635 538 1684 quid
578 1646 831 1684 promoveret
872 1637 912 1673 in
952 1637 1038 1685 ipso
1077 1639 1125 1674 ad
1165 1637 1489 1685 resipiscenciam
1525 1651 1546 1674 a

232 1703 397 1741 peccato
431 1703 467 1730 et
500 1693 605 1730 istud
639 1694 761 1743 gratis
794 1695 965 1743 accipiat
1006 1705 1043 1731 et
1082 1705 1286 1744 sequatur,
1333 1695 1427 1744 quia
1472 1697 1546 1732 hoc

231 1751 387 1788 videtur
420 1751 516 1788 mihi
551 1753 722 1789 maxime
743 1753 1013 1790 necessarium
1037 1753 1077 1789 in
1101 1753 1349 1790 confessione
1373 1753 1546 1790 hominis

232 1811 280 1846 de
313 1819 491 1858 peccato,
525 1820 568 1846 ut
601 1810 825 1847 consideret
849 1811 976 1848 fidelis
1000 1812 1202 1847 confessus
1227 1811 1544 1860 magnitudinem

234 1867 393 1903 Domini
427 1877 566 1905 contra
599 1881 718 1917 quem
752 1879 954 1916 peccatur,
1001 1869 1225 1906 consideret
1270 1869 1353 1906 eius
1394 1869 1546 1906 miseri-

233 1927 393 1962 cordem
428 1926 713 1974 gratitudinem
748 1927 787 1962 in
821 1927 1053 1963 remissione
1083 1927 1237 1975 peccati
1261 1937 1298 1964 et
1322 1927 1545 1964 consideret

233 1983 357 2020 tercio
392 1983 462 2020 Dei
497 1984 809 2021 beneticenciam
844 1984 1072 2022 beatificam
1113 1985 1350 2033 peccatoris,
1396 1985 1546 2022 scilicet

233 2051 427 2089 quantum
463 2042 655 2090 gaudium
689 2052 746 2079 est
778 2043 818 2078 in
852 2044 936 2079 celo
959 2056 1078 2091 super
1101 2057 1180 2080 uno
1203 2053 1413 2091 peccatore
1437 2043 1546 2091 peni-

233 2099 405 2136 tenciam
451 2110 605 2148 agente.
655 2103 702 2136 Et
748 2100 823 2137 ista
862 2100 938 2137 tria
980 2111 1147 2149 possunt
1182 2115 1272 2138 cum
1307 2101 1378 2138 Dei
1412 2101 1546 2149 gracia

234 2170 392 2194 movere
437 2159 661 2195 confessum
707 2160 757 2195 ad
803 2160 1006 2196 fructuose
1051 2161 1098 2196 de
1138 2173 1210 2195 suo
1249 2159 1415 2196 crimine
1455 2172 1546 2196 con-

234 2217 457 2252 terendum.

302 2380 327 2407 7.
343 2372 384 2399 E:
400 2373 555 2408 confessio
571 2381 648 2408 que;
662 2373 702 2400 ib.
717 2374 761 2401 A:
778 2373 861 2400 utilis
876 2373 980 2403 twice:
1002 2373 1042 2400 ib.
1059 2373 1111 2401 1)ss
1126 2373 1154 2401 in
1172 2381 1267 2409 marg.
1284 2374 1338 2401 inf.
1352 2384 1357 2402 :
1373 2374 1548 2402 Penitencse

233 2410 295 2434 tres
316 2410 444 2442 pantes,-
471 2408 510 2434 ib.
532 2409 577 2435 A:
598 2408 751 2443 quomoda
773 2411 844 2435 tres.
903 2416 943 2441 ¹4·
972 2408 996 2434 1⁷)
1025 2416 1053 2434 m
1078 2416 1191 2442 marga
1212 2407 1353 2441 Attricio,
1369 2409 1527 2437 contricio
1539 2420 1549 2439 ,-

233 2442 273 2468 ib.
288 2443 316 2469 A
337 2442 365 2468 in
388 2450 502 2477 marg:
526 2441 717 2479 Dffl'erencia
738 2443 818 2470 inter
836 2443 1057 2470 contricionem
1078 2446 1108 2469 el
1126 2443 1333 2471 attricianem.
1417 2452 1455 2479 17.
1477 2444 1545 2472 DE:

233 2484 291 2510 qne
310 2476 438 2511 cumfit.
575 2477 614 2504 18.
636 2477 677 2504 E:
704 2478 747 2504 ad
765 2477 961 2511 millendlmz;
987 2477 1027 2504 ib.
1050 2477 1278 2513 1J131peccata.
1413 2487 1455 2514 19.
1477 2479 1545 2507 DE:

235 2511 429 2546 indisposuil.
532 2519 576 2538 22.
599 2513 642 2539 A:
664 2513 876 2547 re.x·p1'.s·ce11cia.
978 2520 1025 2545 24.
1048 2511 1117 2539 DE:
1137 2513 1275 2549 gradus,
1375 2513 1417 2548 32,
1438 2513 1471 2541 33
1505 2515 1545 2542 b:

235 2546 453 2573 remerendam
474 2550 503 2574 et
526 2547 665 2582 sequitur
684 2548 714 2574 in
734 2546 942 2574 Pomm-celtes:
962 2547 1000 2574 13:
1023 2547 1252 2574 conterendum.
1274 2549 1431 2584 Sequitur.

1782 250 1829 295 57

1615 1007 1783 1034 bitscrencc

1631 1042 1763 1069 between

1588 1077 1723 1104 attrition
1746 1078 1805 1104 aud

1612 1112 1788 1139 contrition.
