2062 3276
250 269 385 297 SERMO
408 259 500 318 rix]
744 270 933 310 QUARTA
964 269 1088 302 PARS.

250 382 345 416 tudo
379 379 707 416 concurrencium
750 379 789 414 in
823 380 984 413 domum
1022 389 1141 425 quam
1177 375 1358 412 Christus
1398 375 1561 411 intravit

250 440 355 487 quod
390 451 468 474 non
502 437 695 485 superfuit
730 438 837 473 locus
878 448 947 483 per
987 448 1104 482 quem
1140 443 1344 481 portantes
1383 433 1561 481 paraliti-

251 509 339 532 cum
387 504 661 544 presentarent
705 507 793 530 eum
829 493 1002 529 Domino
1042 494 1092 529 ad
1132 493 1368 528 sanandum.
1418 493 1463 527 lit
1507 491 1561 526 sic

250 564 422 603 quatuor
455 562 680 601 portatores
715 552 798 588 eius
832 552 1096 588 ascenderunt
1136 558 1285 586 tectum
1329 551 1471 585 domus
1505 558 1562 585 at-

218 614 451 648 §trahentes
484 611 557 647 sibi
590 610 845 659 paraliticum
880 609 917 645 in
952 610 1131 657 grabato.
1178 610 1328 643 Domus
1373 607 1476 643 enim
1524 607 1563 642 in

199 915 234 935 10

249 671 373 706 judea
406 671 533 706 solent
567 668 767 716 cooperiri
800 669 921 716 plano
954 676 1073 703 tecto.
1129 665 1386 702 Confidentes
1425 674 1562 701 autem

251 728 289 764 in
322 727 508 776 potencia
541 735 578 763 et
612 725 891 762 misericordia
922 723 1139 761 Salvatoris
1173 724 1350 760 fecerunt
1384 723 1565 759 foramen

251 786 289 821 in
324 795 428 822 tecto
463 794 499 821 et
532 784 802 821 submiserunt
840 783 1096 832 paraliticum
1137 783 1185 818 ad
1220 781 1367 818 Christi
1401 793 1562 829 presen-

251 844 352 880 ciam
388 845 436 880 ad
476 844 714 880 sanandum.
761 844 846 891 Ipse
884 854 977 878 vero
1016 841 1153 877 videns
1193 840 1311 876 fidem
1354 852 1491 875 eorum
1527 847 1564 874 et

251 902 463 938 scintillam
512 901 603 937 fidei
657 900 696 936 in
742 900 903 936 infirmo
949 908 1136 935 monente
1181 898 1333 934 amicos
1377 910 1469 933 suos
1514 898 1562 933 ad

252 960 564 1008 presentandum
598 972 638 996 se
671 958 830 995 Christo
865 957 960 993 dixit
995 966 1035 993 ut
1069 959 1195 993 bonus
1229 956 1392 1004 angelus
1425 968 1563 992 conso-

251 1020 391 1055 lando:
442 1018 600 1068 (Imzfide
630 1017 708 1067 fili,
757 1017 1007 1053 remittuntur
1050 1016 1117 1051 tibi
1152 1022 1312 1064 peccata
1356 1022 1433 1050 tua.
1479 1015 1564 1050 Mos

251 1076 355 1113 enim
391 1085 448 1112 est
482 1075 574 1112 boni
608 1074 737 1123 angeli
772 1074 970 1111 consolari
1005 1082 1041 1110 et
1075 1072 1209 1120 magni
1243 1072 1399 1109 concilii
1433 1071 1562 1119 angeli

251 1135 608 1182 correspondentes
647 1135 695 1170 ad
730 1133 894 1169 divicias
939 1144 1007 1168 sue
1048 1130 1340 1167 dominacionis
1385 1130 1563 1167 conferre

218 1193 424 1229 §maxima
457 1201 500 1228 ut
533 1193 637 1228 dona
671 1191 816 1240 gracie,
850 1191 1118 1227 ammovendo
1147 1198 1332 1237 peccata:
1367 1197 1403 1224 et
1427 1200 1563 1224 conse<

250 1261 419 1298 quenter
452 1251 693 1287 declarando
727 1249 865 1285 scribis
899 1261 942 1285 ex
975 1247 1310 1295 compensacione
1349 1247 1480 1295 operis
1514 1247 1563 1282 ad

251 1311 369 1345 verba
404 1310 511 1356 quod
545 1321 625 1344 non
659 1308 912 1355 blasphemat
945 1308 1066 1343 verbo
1099 1305 1323 1353 imperandi
1358 1305 1397 1341 in
1420 1305 1563 1341 virtute

250 1367 414 1415 propria
459 1366 589 1402 subito
634 1367 749 1414 plene
802 1364 956 1402 sanavit
1006 1364 1224 1400 infirmum.
1278 1366 1325 1399 Et
1377 1376 1465 1399 cum
1521 1375 1564 1399 ex

251 1438 387 1461 eorum
427 1437 521 1460 vero
566 1424 716 1460 iudicio
762 1423 834 1460 fuit
878 1433 959 1460 tam
1006 1422 1168 1459 difficile
1216 1421 1316 1458 sicut
1361 1421 1563 1457 remittere

253 1492 475 1532 peccatum,
501 1482 595 1530 quia
618 1481 832 1530 utrobique
857 1481 1135 1530 requirebatur
1157 1479 1343 1528 potencia
1372 1481 1563 1516 excedens

254 1550 378 1578 totam
431 1549 618 1577 naturam
673 1549 849 1577 creatam
895 1539 1116 1588 perfectum
1163 1538 1362 1585 sensibile,
1411 1537 1564 1574 induxit

252 1613 318 1636 eos
362 1601 411 1636 ad
457 1600 701 1636 credendum
747 1599 853 1647 quod
898 1597 1030 1645 potuit
1074 1596 1359 1633 insensibiliter
1398 1605 1563 1644 peccata

253 1658 469 1705 remittere,
524 1667 560 1694 et
604 1657 659 1693 sic
704 1658 919 1693 laudarunt
963 1655 1202 1692 Trinitatem
1250 1668 1326 1703 que
1371 1654 1479 1690 dedit
1525 1654 1562 1689 in

252 1716 395 1753 Messia
428 1724 667 1764 potestatem
702 1716 824 1751 talem
857 1715 907 1751 ad
940 1713 1148 1750 hominum
1183 1713 1410 1750 utilitatem.

310 1774 448 1822 Signat
493 1783 626 1811 autem
673 1773 747 1809 ista
792 1772 958 1809 historia
1003 1773 1052 1808 ad
1098 1784 1255 1808 sensum
1302 1771 1562 1819 allegoricum

252 1834 358 1881 quod
393 1834 558 1869 verbum
593 1831 666 1868 Dei
700 1830 805 1879 cepit
838 1830 1131 1867 humanitatem
1166 1839 1208 1866 ut
1241 1830 1459 1865 naviculam
1493 1842 1563 1877 per

251 1904 371 1938 quam
418 1890 618 1939 navigavit
663 1902 732 1937 per
786 1901 895 1925 mare
941 1888 1057 1924 huius
1109 1888 1233 1924 seculi
1277 1889 1327 1924 ad
1372 1887 1560 1936 pusillum

251 1962 408 1997 gregem
445 1948 667 1994 ecclesiam,
702 1947 853 1984 seilicet
881 1946 1143 1995 primitivam,
1177 1958 1255 1994 que
1286 1954 1393 1982 recte
1418 1945 1563 1982 dicitur

251 2008 534 2055 Capharnaum
588 2006 643 2053 (id
693 2015 750 2042 est
797 2018 891 2053 ager
939 2004 1221 2053 pinguedinis),
1267 2004 1361 2052 quia
1406 2005 1563 2041 Psalmo

194 2069 208 2101 T
252 2067 423 2112 LXV110,
456 2067 501 2102 16
537 2064 702 2101 dicitur:
738 2065 850 2100 AIons
872 2064 959 2109 Dei,
994 2075 1102 2099 mons
1120 2062 1292 2113 pinguis.
1327 2064 1404 2098 Ista
1427 2072 1561 2099 autem

249 2123 416 2160 ecclesia
449 2132 533 2160 erat
565 2123 671 2159 iuxta
697 2123 896 2159 Nazareth
929 2121 983 2166 (id
1017 2130 1074 2157 est
1106 2121 1263 2165 florem)
1288 2120 1491 2156 Christum
1526 2129 1561 2157 et

249 2181 431 2228 Mariam,
449 2181 541 2230 quia
557 2180 715 2229 cognati
732 2180 892 2216 Domini
909 2179 1198 2216 constituerunt
1214 2178 1321 2215 illam
1340 2179 1562 2215 ecclesiam.

250 2242 433 2285 Quatuor
455 2253 547 2276 vero
571 2239 800 2287 patriarche
823 2239 1041 2284 Abraham,
1076 2240 1198 2283 Isaac,
1231 2238 1352 2273 Jacob
1377 2246 1413 2273 et
1438 2237 1562 2274 David

249 2307 409 2345 portant
432 2298 590 2334 Christo
623 2299 843 2334 secundum
879 2309 1016 2333 eorum
1041 2308 1164 2344 opera
1188 2296 1344 2331 fidelem
1370 2296 1562 2344 populum

194 2360 226 2392 [³.
249 2355 458 2392 Judaicum
492 2369 563 2404 per
586 2356 789 2392 Christum
813 2354 1074 2403 spiritualiter
1097 2355 1339 2399 sanandum3
1373 2353 1440 2402 qui
1465 2355 1564 2390 bene

250 2414 396 2450 dicitur
427 2414 672 2461 paraliticus,
707 2413 800 2461 quia
824 2426 965 2450 avarus
989 2426 1033 2449 ex
1056 2413 1211 2449 defectu
1234 2424 1447 2448 nervorum
1473 2412 1564 2448 fidei

251 2485 273 2508 a
306 2474 425 2508 verbo
460 2473 529 2509 Dei
563 2472 694 2520 capite
728 2471 892 2508 ecclesie
933 2472 1219 2519 regulatorum.
1259 2472 1361 2507 Nam
1401 2479 1565 2518 propter

322 2619 349 2645 u.
372 2620 416 2657 A:
444 2617 632 2655 confitentes.
714 2626 754 2645 ιο.
777 2617 850 2645 DG:
880 2620 909 2645 et
928 2617 1060 2649 infirmo.
1144 2625 1182 2644 12.
1205 2616 1248 2644 G:
1274 2615 1352 2649 fllii,·
1377 2616 1417 2643 ib.
1438 2617 1482 2643 A:
1513 2617 1569 2644 tibi

251 2654 351 2685 deest:
380 2655 421 2680 ib.
443 2653 516 2681 DG:
544 2656 597 2680 tua
618 2653 712 2680 deest.
788 2651 825 2680 13.
847 2653 924 2680 AG:
952 2653 1031 2679 enim
1051 2652 1146 2679 deest.
1221 2652 1256 2679 15.
1279 2652 1322 2679 G:
1350 2652 1563 2679 ammovenda.

252 2697 290 2724 17·
313 2688 386 2715 bG:
407 2696 465 2724 que
483 2696 544 2715 non
565 2688 764 2723 blasphemat.
834 2689 872 2715 ιδ.
895 2687 968 2714 DG:
993 2687 1082 2722 Quod
1101 2695 1178 2714 cum.
1246 2693 1290 2720 27.
1311 2687 1356 2713 A:
1379 2686 1563 2713 huiusmodi.

250 2724 296 2751 23.
328 2724 368 2750 li:
399 2731 457 2759 que
485 2723 579 2749 deest.
715 2721 761 2750 30.
791 2723 864 2749 AD:
895 2722 1002 2749 LXVII
1029 2722 1123 2748 deest.
1267 2720 1310 2748 32⁷
1343 2721 1415 2748 lm:
1447 2721 1562 2748 Maria.

250 2757 292 2786 33.
314 2758 430 2786 Codd.:
455 2757 586 2793 Quarto.
659 2756 705 2791 34.
728 2757 799 2785 bG:
821 2765 926 2784 corum
948 2757 1069 2784 merita.
1142 2755 1182 2783 35.
1205 2755 1277 2784 DG:
1299 2756 1486 2791 specialiter.

322 2853 374 2885 213.
402 2853 505 2884 Math.
533 2853 586 2893 lx,
611 2864 635 2884 1.
740 2855 792 2886 31.
820 2853 987 2885 Nazareth
1017 2853 1182 2884 Custodia
1210 2853 1263 2884 rel
1293 2852 1432 2883 Florida
1461 2853 1563 2882 inter-

251 2908 411 2942 pretatur.

1769 263 1842 305 4131

1592 844 1694 871 Christ
1715 844 1845 878 justified

1596 879 1653 906 His
1674 881 1779 907 words
1801 881 1837 908 [η’

1641 915 1697 942 His
1719 920 1792 942 acts.
1821 913 1827 916 '

1596 2182 1664 2210 The
1684 2184 1830 2219 paralyiic

1615 2219 1749 2253 signities
1771 2219 1819 2245 the

1590 2254 1703 2281 Jewish
1727 2255 1844 2289 people.
