2062 3276
188 890 226 910 10

188 1170 222 1202 15

247 248 382 276 senno
406 237 501 295 xum]
728 252 919 292 QUARTA
947 253 1073 286 PARS.

246 368 318 392 non
351 357 632 393 credideruntf>
663 358 775 406 quasi
801 359 948 396 diceret
983 373 1061 395 non
1085 369 1251 407 possunt
1276 373 1346 397 nec
1372 371 1560 409 poterunt

247 416 329 450 Deo
363 416 523 451 credere
556 417 614 452 vel
648 416 687 451 in
723 419 848 452 Deum
900 417 972 453 nisi
1020 417 1151 465 ipsum
1196 418 1410 456 audierint.
1459 423 1558 456 Nam

245 484 334 508 cum
370 472 459 508 talis
494 473 708 510 credulitas
741 474 791 510 sit
824 484 1007 511 creatura
1041 475 1111 512 Dei
1152 485 1189 512 et
1230 478 1379 512 honum
1414 478 1559 525 gracie,

245 539 353 577 patet
386 532 492 579 quod
527 541 685 579 oportet
721 535 845 568 Deum
882 533 1065 569 fidelibus
1100 534 1230 581 ipsum
1267 536 1372 571 dare.
1411 537 1457 571 Et
1487 536 1560 572 ista

245 587 360 624 dacio
406 598 462 624 est
507 589 728 626 locucionis
775 591 844 626 Dei
890 604 981 627 vera
1026 591 1198 628 audicio.
1254 594 1368 629 Unde
1415 595 1558 630 Psalm.

247 647 470 691 LXXXIV&
506 660 527 693 9
564 647 726 684 dicitur:
774 649 937 684 Audiam
983 650 1073 697 quid
1117 651 1299 698 loquatur
1331 651 1366 686 in
1401 664 1460 688 me
1492 653 1559 688 do-

244 704 368 739 minns
399 703 517 741 Deus.
560 707 606 741 Et
641 705 732 742 hinc
766 706 860 742 dicit
893 708 1128 754 Apostolus:
1169 708 1372 757 Quomodo
1405 710 1561 745 credent

243 762 278 797 ei
308 774 416 810 quem
450 775 522 798 non
555 764 792 799 audierunt?
837 767 883 800 Et
929 778 1018 801 cum
1053 766 1181 813 placet
1217 768 1300 802 Deo
1334 767 1558 803 communi-

244 831 333 855 care
368 821 617 857 locucionem
653 821 769 857 istam
805 822 1164 859 instrumentaliter
1197 825 1404 871 apostolis,
1452 834 1559 873 patet

243 879 350 925 quod
385 891 545 915 necesse
579 888 635 915 est
670 882 718 915 ad
753 880 1006 916 audicionem
1042 881 1157 917 istam
1183 883 1386 929 apostolos
1410 884 1559 931 populo

242 936 389 971 Christi
422 937 545 985 loqui.
586 939 676 973 Ideo
711 939 856 974 Paulus
889 938 1047 975 intuens
1080 940 1381 976 ordinacionem
1417 941 1486 976 Dei
1521 941 1559 977 in

241 993 421 1041 graciosa
454 995 827 1032 communicacione
873 996 1148 1033 ministrorum
1184 998 1363 1043 ecclesie,
1409 999 1559 1035 scilicet

241 1053 348 1099 quod
383 1055 487 1089 Deus
520 1053 678 1090 ordinat
712 1063 753 1090 ut
787 1054 1098 1091 instrumentum
1134 1069 1250 1091 suum
1275 1069 1398 1092 unum
1424 1057 1559 1093 iuvare

242 1110 439 1158 reliquum
466 1120 506 1147 ut
530 1111 732 1159 reciproce
758 1122 999 1159 mereantur,
1034 1113 1165 1161 querit
1190 1116 1380 1162 quomodo
1403 1116 1559 1151 audient

241 1168 321 1204 sine
350 1170 589 1217 predicante.

299 1228 558 1264 Extendendo
591 1237 723 1264 autem
759 1228 1081 1276 predicacionem
1116 1230 1164 1265 ad
1200 1230 1449 1266 locucionem
1486 1230 1556 1266 Dei

242 1283 510 1321 insensibilem
560 1295 617 1322 est
665 1287 867 1322 notorium
914 1289 1021 1334 quod
1071 1301 1150 1323 non
1194 1297 1378 1335 possunt;
1426 1298 1463 1324 et
1508 1290 1557 1325 ad

241 1341 360 1377 istum
415 1354 573 1379 sensum
627 1343 861 1392 intelligitur
912 1345 1139 1393 proposicio
1193 1346 1303 1382 Pauli
1364 1359 1555 1394 sequens:

246 1400 463 1448 Quomodo,
497 1401 639 1449 inquit,
668 1403 925 1451 predicabant
958 1404 1031 1438 nisi
1058 1404 1291 1439 nzittantztr?
1324 1405 1423 1440 Cum
1449 1404 1555 1441 enim

240 1467 397 1506 oportet
443 1461 570 1495 Deum
616 1460 736 1496 istum
791 1460 972 1496 ordinem
1027 1474 1192 1509 operum
1246 1462 1557 1499 architectonice

240 1517 432 1563 regulare,
475 1526 583 1565 patet
615 1519 723 1566 quod
757 1527 914 1566 oportet
959 1518 1088 1567 ipsum
1134 1521 1183 1555 ad
1228 1519 1333 1555 istud
1377 1520 1555 1556 officium

241 1574 396 1611 mittere
419 1575 682 1623 predicantes,
714 1585 750 1613 et
774 1576 866 1612 hinc
891 1576 1078 1613 dicuntur
1101 1577 1271 1625 apostoli
1294 1578 1407 1626 quasi
1434 1578 1555 1615 missi.

239 1635 286 1669 Et
319 1633 433 1670 istam
469 1634 713 1671 sentenciam
748 1635 960 1671 confirmat
982 1636 1198 1683 Apostolus
1222 1648 1292 1683 per
1314 1636 1555 1684 scripturam

240 1691 337 1727 Isaie
363 1693 460 1737 LII‘T,
488 1705 530 1740 7:
561 1692 686 1741 Quam
710 1693 874 1742 speciosi
888 1694 1008 1742 pedes
1031 1694 1385 1746 evangeliqancium
1406 1708 1558 1744 pacem,

237 1750 592 1802 eva›zgeliqancium
616 1750 766 1787 bonum.
804 1752 879 1787 Sed
905 1751 997 1799 quia
1021 1752 1248 1799 predicator
1271 1764 1402 1789 errare
1426 1762 1557 1800 posset

239 1806 279 1842 in
305 1808 424 1843 modo
439 1808 750 1855 evangelizandi,
776 1809 865 1845 ideo
884 1811 1103 1845 secundum
1130 1810 1398 1846 intencionem
1424 1811 1556 1858 predi-

240 1865 356 1901 candi
391 1878 529 1913 pacem
564 1866 728 1903 ecclesie
762 1876 798 1903 et
832 1869 937 1903 bona
970 1867 1101 1915 gracie
1146 1867 1374 1916 predicator
1419 1869 1554 1905 huius-

241 1923 348 1959 modi
390 1926 715 1966 commendatum
761 1925 929 1973 speciosi
970 1925 1091 1973 igitur
1135 1935 1225 1962 sunt
1264 1928 1384 1974 pedes
1424 1927 1554 1963 taliter

239 1981 493 2029 predicantis.
528 1984 576 2018 Et
608 1991 716 2030 patet
749 1984 856 2031 quod
892 1983 1073 2019 moderni
1106 1984 1356 2031 predicantes
1380 1986 1429 2021 ad
1453 1986 1555 2022 bella

239 2049 276 2075 et
309 2040 588 2076 contenciones
620 2041 682 2076 vel
713 2054 785 2089 pro
831 2043 1110 2089 congreganda
1155 2042 1323 2090 pecunia
1368 2043 1416 2078 ad
1461 2043 1556 2079 talia

239 2098 532 2134 defendendum
567 2111 646 2134 non
691 2098 730 2135 in
775 2100 848 2135 hoc
893 2099 1144 2147 pulcrificant
1189 2101 1307 2148 pedes
1351 2113 1443 2136 suos
1487 2102 1555 2137 sed

238 2165 394 2204 oportet
427 2156 465 2192 in
498 2156 608 2192 omni
648 2157 991 2205 evangelizacione
1036 2170 1173 2194 verum
1220 2160 1426 2194 doctorem
1472 2171 1555 2195 esse

239 2213 404 2250 interius
437 2222 473 2250 et
507 2223 679 2250 mentem
714 2215 915 2252 audientis
946 2215 1182 2252 illustrando
1206 2218 1254 2252 ad
1277 2216 1553 2253 obedienciam

239 2271 443 2309 inclinare.
480 2274 571 2308 Ideo
605 2273 805 2321 sequitur:
847 2274 933 2309 Non
967 2286 1095 2310 omnes
1128 2274 1306 2310 obediunt
1338 2275 1555 2325 evangelio,

183 2333 214 2365 s'.
239 2342 322 2366 cum
348 2331 445 2367 [saie
467 2331 593 2374 Llllo,
623 2341 639 2366 l
671 2332 876 2368 scribitur:
900 2330 1068 2368 Domine
1097 2332 1178 2381 quis
1210 2333 1376 2368 credidit
1407 2333 1558 2368 auditui

239 2389 402 2424 nostro?
453 2388 492 2424 Si
546 2401 640 2436 ergo
692 2389 747 2426 ita
799 2389 878 2426 rari
928 2390 1088 2426 fuerunt
1140 2390 1207 2438 qui
1257 2390 1386 2426 verbis
1437 2390 1553 2426 huius

239 2445 364 2482 sancti
397 2447 591 2494 prophete
625 2447 877 2484 crediderant
916 2460 993 2497 que
1034 2461 1055 2484 a
1089 2450 1172 2484 Deo
1216 2448 1411 2492 audierat,
1456 2448 1552 2496 quid

241 2504 385 2540 mirum
419 2513 475 2540 est
508 2504 539 2540 si
573 2514 761 2553 regnante
794 2514 905 2542 tanta
941 2505 1099 2542 malicia
1143 2506 1261 2554 pauci
1300 2506 1554 2542 crediderunt

239 2562 491 2598 sermonibus
524 2562 676 2611 indigni
710 2572 746 2599 et
780 2563 914 2600 miseri
949 2564 1065 2600 hodie
1098 2564 1368 2612 predicantis?

310 2726 329 2746 1.
352 2718 419 2746 1213:
462 2718 523 2745 uod
542 2726 622 2751 mm,-
647 2719 687 2747 ib.
709 2721 753 2747 A:
781 2728 836 2748 nec
849 2723 989 2755 possunt.
1064 2729 1090 2756 7.
1106 2722 1151 2748 A:
1174 2721 1213 2748 Et
1231 2721 1287 2748 liic.
1336 2756 1339 2757 V
1362 2730 1402 2748 10.
1424 2722 1493 2758 DE:
1513 2722 1556 2748 ad

239 2752 332 2782 deest.
394 2761 425 2780 11.
458 2753 516 2781 JE:
537 2753 609 2781 Ideo
628 2754 803 2789 Apostolus.
867 2757 908 2783 16.
930 2757 959 2783 A
978 2756 1007 2782 in
1030 2763 1143 2789 marg:
1166 2755 1257 2783 Nota.
1314 2758 1358 2783 28.
1374 2757 1419 2784 A:
1441 2757 1557 2792 Sponsi

239 2787 346 2824 igitur.
420 2786 460 2815 35.
482 2790 527 2816 A:
554 2788 622 2816 LIII
639 2791 740 2823 (ἱερεῖς
767 2790 807 2818 ib.
829 2790 853 2817 E
873 2791 902 2817 in
925 2798 1039 2826 marg:
1067 2790 1159 2819 Nota.

315 2881 364 2916 ις).
390 2872 491 2904 Rom.
517 2873 556 2914 X,
580 2872 630 2905 15.
729 2874 781 2916 34.
810 2873 854 2906 ib.
878 2873 927 2906 16.

1774 251 1844 286 115

1645 487 1728 515 Need
1750 488 1786 516 of

1623 523 1800 558 preaching.

1611 1648 1639 1674 A
1661 1648 1808 1682 preacher

1585 1687 1667 1709 must
1690 1688 1734 1710 set
1755 1684 1838 1711 forth

1594 1718 1643 1744 the
1664 1719 1771 1753 gospel
1794 1720 1828 1746 of

1660 1761 1762 1787 peace.
