2062 3276
248 252 384 282 SERMo
406 241 500 299 Lm]
728 254 920 293 QUARTA
948 254 1074 286 PARS.

245 361 374 410 diligit
408 361 491 398 eius
523 362 666 410 legem,
714 370 822 409 patet
867 362 975 409 quod
1021 370 1251 408 peccatores
1284 360 1356 397 Dei
1390 370 1427 397 et
1459 361 1556 409 legis

244 432 314 457 sue
337 429 635 468 contemptores
659 420 852 456 debemus
875 419 1095 455 secundum
1121 419 1278 466 regulas
1293 419 1390 466 legis
1409 418 1556 455 Christi

244 480 365 514 verbo
398 487 435 514 et
468 491 590 526 opere
624 477 875 525 impugnare.

303 537 381 574 Sed
415 536 509 584 quid
545 537 592 572 de
625 548 738 572 servo
782 533 979 583 superiori
1013 534 1082 583 qui
1115 534 1321 571 uberiores
1365 546 1557 582 expensas

212 596 293 631 §de
326 593 476 631 Christi
517 592 763 642 patrimonio
796 592 980 629 vendicat
1014 601 1050 629 et
1084 601 1220 629 tamen
1253 592 1293 628 in
1327 604 1397 628 sua
1436 593 1558 629 domo

245 652 437 701 peculiari
490 651 668 688 defendit
721 651 840 696 fures,
894 650 1125 687 meretrices
1170 659 1208 687 et
1251 650 1363 686 omni
1416 662 1558 697 genere

246 710 474 759 proditores
507 711 555 746 de
588 709 779 757 impensis
811 708 1010 757 propriis?
1055 709 1154 754 Quis
1187 720 1312 757 queso
1345 708 1433 756 plus
1469 721 1560 757 pro-

246 769 391 805 fundus
423 767 607 816 proditor
641 780 761 815 quam
798 776 854 804 est
888 767 978 803 talis
1002 766 1185 815 proditor
1208 779 1381 815 nequam
1407 766 1560 803 domini

245 826 319 867 sui,
353 825 537 874 proditor
577 825 687 873 regni
720 825 779 861 sui
813 835 851 862 et
884 824 1067 873 proditor
1100 825 1173 862 sibi
1207 824 1308 873 ipsi?
1352 825 1430 861 Sed
1471 833 1563 861 sunt

193 898 230 919 10
245 884 312 921 alii
347 883 576 932 proditores
608 883 817 920 inferiores
849 883 889 919 in
922 883 1070 926 seculo,
1105 892 1148 920 ut
1182 883 1235 919 hii
1268 882 1336 931 qui
1370 882 1409 918 in
1433 882 1561 919 domi-

246 944 318 979 bus
341 942 421 978 suis
445 942 578 978 fovent
612 941 843 987 maledicos,
878 941 1071 988 ebriosos,
1104 941 1295 986 latrones,
1331 940 1562 978 meretrices

246 1010 283 1037 et
328 1009 687 1049 quantumcunque
733 999 973 1036 criminosos
1017 999 1200 1036 notorios
1249 998 1376 1036 eciam
1421 999 1563 1047 pocius

246 1071 366 1107 quam
415 1071 573 1095 servum
619 1058 777 1094 fidelem
824 1059 871 1094 de
916 1057 1116 1106 probabili
1162 1057 1315 1094 domini
1363 1057 1562 1106 capitalis.

244 1116 375 1153 Tercii
408 1129 501 1153 vero
534 1116 762 1165 proditores
795 1125 887 1152 sunt
919 1115 1046 1152 infimi
1081 1116 1149 1164 qui
1183 1128 1264 1155 non
1288 1116 1437 1152 audent
1460 1115 1563 1152 blas-

194 1179 228 1210 15
245 1176 415 1223 phemos
449 1184 486 1211 et
519 1174 618 1211 alios
643 1174 682 1211 in
705 1187 745 1211 se
770 1183 982 1222 peccantes
1011 1174 1233 1224 corripere.
1270 1173 1449 1220 Quilibet
1472 1172 1564 1210 talis

245 1242 375 1281 potest
409 1232 487 1269 dici
520 1246 655 1270 servus
688 1245 877 1281 nequam,
910 1232 1115 1281 negligens
1139 1241 1207 1269 aut
1230 1231 1355 1281 piger,
1391 1232 1562 1268 multum

246 1292 455 1339 elongatus
489 1292 537 1327 ab
571 1291 640 1327 illo
673 1303 787 1327 servo
822 1292 928 1328 bono
952 1300 990 1327 et
1015 1290 1121 1327 fideli
1155 1303 1274 1340 quem
1308 1290 1561 1327 incedentem

246 1361 315 1397 per
360 1349 734 1386 excellentissimam
776 1348 881 1386 viam
930 1349 1110 1386 caritatis
1155 1348 1343 1386 dominus
1392 1347 1563 1385 fideliter

246 1407 461 1444 constituet
495 1419 615 1455 super
647 1407 786 1444 omnia
820 1409 926 1443 bona
959 1420 1043 1444 sua.

191 1561 232 1582 20
737 1543 930 1584 SERMO
965 1544 1069 1585 LllI.

311 1639 425 1683 Quod
445 1647 499 1675 est
523 1639 747 1674 mandatum
773 1651 958 1689 magnum
978 1639 1014 1675 in
1031 1640 1128 1690 Iege.
1153 1638 1475 1685 MattheiXX110‚
1496 1638 1560 1677 38.

305 1698 472 1733 Constat
506 1709 549 1733 ex
581 1696 682 1733 serie
706 1696 899 1745 evangelii
933 1699 1139 1746 quomodo
1170 1696 1345 1746 pharisei
1378 1697 1560 1743 subdole,

248 1754 441 1792 derisorie
475 1764 511 1791 et
544 1754 741 1791 inutiliter
773 1764 1023 1803 temptarunt
1057 1755 1262 1792 Christum
1297 1757 1345 1792 de
1378 1754 1562 1792 doctrina

247 1812 488 1861 evangelica.
534 1815 619 1861 Ipse
659 1822 790 1850 autem
833 1825 944 1850 more
982 1826 1055 1849 suo
1094 1815 1265 1850 reddens
1299 1815 1448 1850 bonum
1488 1825 1562 1862 pro

191 1874 230 1906 25
248 1872 355 1908 malo
379 1871 665 1919 compendiose
698 1870 883 1907 instruxit
906 1872 942 1907 in
977 1872 1124 1907 duobus
1147 1872 1340 1908 mandatis
1371 1872 1406 1907 in
1430 1872 1563 1920 quibus

247 1937 325 1966 tota
349 1930 415 1965 lex·
432 1930 573 1978 pendet
596 1937 631 1966 et
648 1929 853 1978 prophete,
887 1931 1051 1978 quando
1081 1929 1176 1966 dixit
1200 1931 1333 1978 quoad
1363 1929 1561 1978 primum:

248 1987 402 2038 Diliges
423 1987 618 2023 dominum
643 1988 768 2023 Deum
803 1995 909 2023 tuum
933 2000 984 2024 ex
1006 1995 1084 2024 toto
1106 1989 1238 2034 corde,
1272 1988 1307 2023 in
1331 1995 1409 2024 tota
1434 1988 1563 2023 anima

246 2053 281 2082 et
313 2053 391 2081 tota
416 2050 549 2082 mente.
586 2048 627 2082 In
651 2044 726 2082 ista
749 2045 913 2094 quidem
939 2045 1162 2082 dileccione
1186 2045 1258 2082 Dei
1282 2054 1319 2082 et
1343 2045 1564 2082 dileccione

247 2102 417 2152 proximi
433 2104 611 2140 universa
628 2104 840 2153 [expendet
854 2103 1202 2154 etproplzete‚quia
1219 2104 1424 2140 conclusio
1436 2103 1565 2140 finalis

191 2165 232 2196 30
246 2161 383 2209 gracia
422 2161 533 2198 cuius
567 2170 658 2198 sunt
690 2161 828 2198 omnia
866 2162 1017 2210 scripta
1050 2161 1260 2198 hominum
1302 2171 1360 2198 est
1394 2161 1565 2198 dileccio

249 2219 320 2256 Dei
345 2229 382 2256 et
400 2219 584 2267 proximi,
610 2233 699 2256 cum
725 2221 946 2256 secundum
965 2221 1205 2269 Apostolum
1223 2222 1336 2257 Rom.
1354 2221 1477 2265 X1110‚
1500 2232 1564 2256 10:

249 2278 451 2314 Plenitudo
475 2279 575 2328 legis
606 2286 662 2314 est
685 2278 854 2314 dileccio.
890 2279 989 2315 Illud
1014 2288 1148 2315 autern
1173 2280 1282 2327 quod
1306 2280 1448 2315 doctor
1469 2277 1566 2326 legis

249 2335 417 2384 quesivit
441 2349 462 2372 a
482 2336 642 2373 Christo
664 2335 860 2373 inutiliter
879 2338 995 2373 debet
1019 2336 1187 2385 quilibet
1202 2336 1384 2373 subditus
1401 2348 1567 2385 querere

250 2407 271 2430 a
310 2394 520 2442 proposito
560 2407 630 2431 suo
670 2394 710 2430 in
749 2394 913 2430 nomine
954 2394 1103 2431 Christi
1142 2394 1361 2441 humiliter,
1404 2403 1568 2443 propter

193 2453 233 2485 35
249 2451 527 2489 necessitatem
553 2452 735 2489 doctrine
768 2465 890 2501 quam
922 2453 1087 2501 capiunt
1120 2452 1194 2490 soli
1221 2453 1392 2489 humiles
1428 2461 1465 2489 et
1498 2464 1568 2500 per

250 2522 500 2558 consequens
534 2510 597 2558 pie
630 2523 676 2547 ac
708 2510 871 2547 utiliter.

309 2651 346 2706 (Ξ.
376 2643 400 2670 D
431 2643 462 2671 in
489 2651 605 2683 marg:
635 2643 993 2684 PrOditoreshtriplices.
1119 2643 1146 2672 8.
1173 2644 1218 2684 Af
1247 2644 1279 2671 in
1308 2652 1400 2680 quam
1431 2644 1566 2672 Domini.

252 2686 285 2705 ιι.
346 2688 351 2706 :
380 2677 568 2706 maledictos.
644 2679 682 2706 15.
704 2679 746 2707 D:
774 2679 847 2706 talis
865 2687 982 2706 servus.
1058 2679 1098 2707 16.
1119 2680 1164 2707 A:
1193 2687 1224 2706 m
1245 2681 1363 2707 tantum
1385 2679 1564 2714 elongatus

251 2721 290 2748 17.
302 2714 346 2741 A:
363 2713 553 2740 incidentem.
627 2721 673 2741 20.
689 2713 714 2741 D
729 2714 760 2741 in
776 2722 890 2750 marg:
914 2714 960 2741 De
974 2714 1089 2741 eodem.
1157 2721 1195 2741 21.
1208 2713 1234 2741 D
1247 2713 1277 2741 in
1293 2722 1408 2750 marg:
1429 2713 1507 2742 Doca
1518 2713 1566 2741 18.

250 2747 295 2775 28.
316 2748 359 2776 D:
381 2748 435 2775 illa
446 2757 456 2779 ,·
482 2748 521 2775 ib.
545 2749 587 2775 A:
609 2747 748 2776 diceione
767 2753 804 2776 et.
889 2747 931 2776 32.
954 2748 1028 2775 DG:
1050 2748 1086 2775 Id
1104 2752 1215 2776 aulem.
1300 2757 1339 2783 ¹7·
1360 2751 1406 2776 A:
1429 2749 1566 2784 rapiunt.

322 2840 374 2864 20.
408 2830 539 2872 Gospel
573 2831 627 2862 for
657 2830 723 2862 18⁰¹
749 2833 890 2874 Sunday
917 2832 1003 2863 after
1029 2832 1174 2874 Trinity.
1308 2832 1347 2865 25
1383 2839 1415 2863 et
1448 2842 1565 2874 seqq.:

251 2876 371 2908 Matth.
396 2877 517 2917 XXlII,
541 2888 599 2919 40,
627 2878 680 2919 37.

1763 258 1843 292 409

1613 541 1755 568 Traitors
1776 546 1806 568 to

1655 576 1769 603 Christ.

1602 1703 1685 1731 Love
1705 1704 1740 1731 of
1757 1703 1827 1730 God

1622 1738 1680 1765 and
1703 1738 1734 1766 of
1753 1746 1810 1765 our

1594 1773 1767 1808 neighbour
1787 1775 1837 1800 the

1600 1808 1779 1835 conclusion
1801 1808 1836 1835 of

1629 1843 1679 1870 the
1703 1843 1802 1870 whole

1656 1882 1777 1905 matter.
