2062 3276
230 255 365 284 SERMo
387 243 484 301 x111.]
705 255 897 296 QUARTA
925 255 1051 288 PARS.

286 366 333 400 Et
366 365 437 400 hec
471 363 578 400 racio
611 376 734 411 quare
769 362 950 399 Christus
985 361 1118 398 dilexit
1152 361 1319 397 Paulum
1355 370 1391 397 et
1424 360 1542 397 Nico-

1762 258 1836 292 109

1600 376 1632 395 as
1654 376 1733 395 were
1753 369 1803 395 the

1611 402 1782 433 Pharisecs,

227 423 389 458 demum
423 423 472 458 ad
506 420 795 458 beatitudinem
829 430 866 456 et
898 429 1033 456 tamen
1066 428 1215 455 sectam
1262 431 1400 454 eorum
1447 420 1542 466 pha-
1560 438 1708 471 although
1724 445 1837 472 among

226 479 411 516 risaicam
445 492 570 528 usque
604 480 653 516 ad
687 478 1006 515 destruccionem
1039 476 1273 525 simpliciter
1304 473 1641 524 1·eprobavit,¹¹¹cm
1659 474 1742 499 there
1757 480 1837 499 were

226 537 282 574 illi
314 537 419 573 enim
460 546 572 574 erant
604 536 778 585 pharisei
824 541 881 582 (ut
918 544 1028 584 patet
1059 536 1145 571 Joh.
1179 536 1226 570 111
1261 543 1298 570 et
1332 534 1430 570 Phil.
1466 536 1541 578 111).

193 597 318 632 5Ideo
352 596 585 643 blasphema
618 604 676 631 est
708 594 783 631 ista
813 593 1016 630 sentencia
1038 592 1269 629 introducta
1292 593 1400 640 quod
1424 593 1545 628 homo

130 646 210 708 {³0¹3
226 662 356 701 potest
388 653 481 690 istas
523 665 714 702 personas
758 665 925 700 arguere
955 648 958 704 Ι
987 652 1055 688 sed
1099 651 1209 686 nullo
1255 651 1374 686 modo
1420 658 1545 687 status

130 703 192 726 ³⁰²
226 724 318 748 suos
351 712 412 747 vel
443 710 605 747 ordines
639 712 868 759 reprobare.
904 708 1111 757 Contingit
1144 717 1278 745 autem
1311 716 1475 744 econtra
1498 709 1545 744 de

227 769 380 806 cunctis
413 769 581 806 statibus
615 768 693 805 sive
726 768 935 805 ordinibus
968 767 1036 816 qui
1070 780 1149 803 non
1180 766 1339 803 fuerant
1362 775 1547 814 patenter

226 840 269 864 ex
292 827 531 864 auctoritate
557 826 717 863 Domini
740 825 974 872 introducti,
1000 834 1037 862 et
1061 824 1292 861 huiusmodi
1316 833 1408 860 sunt
1430 823 1545 860 indu—

172 901 211 921 10
227 885 288 922 bie
320 894 425 922 secte
458 885 648 931 fratrum3
683 893 720 921 et
753 884 808 921 sie
840 884 997 921 videtur
1031 882 1129 919 mihi
1162 883 1269 931 quod
1302 882 1394 918 licet
1416 881 1546 919 fratri-

227 945 299 980 bus
342 943 521 980 tribucre
575 943 804 992 corporales
857 941 1094 978 elemosinas
1149 942 1196 977 de
1249 949 1400 988 quanto
1453 949 1544 976 sunt

225 1001 380 1050 private
413 1014 595 1050 persone,
631 1003 888 1038 observantes
923 999 1094 1036 fideliter
1116 1000 1243 1047 legem
1269 997 1430 1046 Christi,
1465 1011 1544 1034 non

226 1069 361 1096 autem
395 1061 443 1096 de
476 1068 628 1108 quanto
662 1068 755 1096 sunt
787 1059 1032 1107 professores
1064 1058 1124 1094 vel
1157 1056 1278 1093 emuli
1312 1056 1402 1093 talis
1426 1065 1544 1092 secte.

227 1118 290 1154 Sic
335 1117 441 1154 enirn
485 1117 685 1154 ordinavit
725 1117 906 1155 Christus
952 1129 1043 1153 cum
1089 1116 1212 1152 Paulo
1258 1114 1357 1151 fieri.
1412 1116 1546 1161 Quare

172 1182 209 1214 15
227 1188 320 1224 ergo
354 1189 435 1212 non
468 1176 584 1212 debet
617 1175 672 1212 sic
705 1188 788 1212 esse
823 1188 914 1211 cum
947 1183 1029 1211 tarn
1064 1174 1278 1222 nephanda
1318 1182 1355 1210 et
1388 1172 1545 1209 notoria

226 1244 335 1271 secta
367 1235 550 1280 fratrum,
585 1233 810 1282 specialiter
844 1246 934 1270 cum
969 1232 1044 1281 ipsi
1077 1244 1169 1280 sepe
1202 1231 1376 1280 spoliant
1399 1243 1545 1279 egenos

226 1292 440 1341 simplices,
493 1292 732 1329 defraudant
776 1291 925 1329 Christi
976 1302 1173 1339 pauperes
1224 1299 1261 1326 et
1310 1291 1545 1326 subvertunt

226 1352 353 1399 legem
388 1350 581 1398 evangelii
614 1363 685 1399 per
708 1363 798 1387 suas
822 1349 1064 1398 multiplices
1087 1349 1246 1384 hereses
1269 1347 1545 1385 introductas?

226 1422 319 1446 nam
353 1407 500 1445 Christi
537 1421 733 1457 pauperes
767 1409 912 1444 debent
946 1420 1016 1456 per
1060 1408 1165 1443 bona
1210 1406 1451 1454 temporalia
1485 1418 1545 1442 ec-

169 1482 211 1503 20
227 1467 344 1504 clesie
377 1478 454 1515 que
486 1467 606 1503 frates
641 1475 884 1503 consumunt
928 1465 1050 1503 foveri
1091 1473 1127 1501 et
1160 1466 1381 1501 secundum
1417 1465 1544 1512 legem

226 1524 417 1574 evangelii
462 1525 690 1562 sustentari.
745 1527 793 1561 Et
842 1537 933 1561 cum
978 1522 1144 1560 ecclesia
1188 1532 1326 1560 nostra
1370 1522 1419 1559 sit
1462 1531 1544 1559 tam

225 1584 392 1621 fundata
425 1582 466 1619 in
500 1582 652 1620 diviciis
675 1582 884 1620 assistente
908 1583 982 1619 hac
1004 1582 1144 1619 fraude
1167 1581 1350 1628 fratrum,
1384 1592 1545 1617 necesse

227 1651 284 1679 est
316 1653 512 1690 pauperes
544 1641 792 1689 evangelicos
826 1640 1020 1689 deperire,

288 1702 508 1749 Paupertas
541 1709 675 1736 autem
709 1699 937 1747 evangelica
970 1712 1050 1735 non
1084 1697 1263 1735 consistit
1307 1697 1348 1733 in
1392 1696 1546 1745 sophis-

170 1763 209 1795 25
228 1757 403 1795 matibus
437 1757 697 1794 mendacibus
731 1770 808 1806 que
841 1757 882 1793 in
914 1756 989 1794 ista
1019 1756 1187 1794 materia
1210 1756 1366 1804 fingunt
1389 1756 1543 1801 fratres,

228 1816 404 1853 dicentes
437 1817 546 1865 quod
578 1816 701 1852 nichil
733 1817 880 1853 habent
924 1815 964 1851 in
1008 1814 1195 1864 proprio,
1217 1815 1277 1851 vel
1322 1813 1543 1860 communi,

226 1875 318 1911 licet
350 1875 455 1912 ultra
488 1874 671 1911 dominos
716 1875 888 1911 habeant
933 1873 1114 1910 maneria
1158 1873 1217 1909 vel
1262 1872 1423 1909 castella
1467 1884 1544 1920 que

229 1942 415 1970 eructant
448 1934 494 1969 de
527 1932 641 1968 bonis
674 1945 911 1981 pauperum,
952 1945 1029 1980 que
1062 1931 1311 1968 mendaciter
1343 1930 1546 1966 mendica-

228 2000 334 2038 runt,
383 2004 477 2028 nam
521 1991 582 2027 vel
626 1999 718 2027 sunt
762 2003 899 2027 acares
944 2003 1025 2026 non
1070 1998 1283 2038 querentes
1329 2000 1406 2037 que
1454 1997 1545 2024 sunt

171 2053 213 2086 30
229 2049 406 2086 caritatis
450 2050 518 2085 sed
562 2050 668 2085 bona
711 2048 875 2097 propria
918 2049 978 2085 vel
1022 2049 1169 2085 habent
1213 2046 1350 2084 omnia
1394 2046 1460 2083 illa
1505 2045 1545 2082 in

228 2107 447 2154 communi,
481 2116 519 2143 et
550 2106 605 2144 ita
637 2116 729 2143 sunt
762 2106 897 2143 multis
931 2106 1179 2154 simplicibus
1213 2105 1397 2151 diciores,
1444 2117 1544 2152 quos

227 2167 301 2203 hac
333 2166 472 2202 fraude
505 2164 678 2213 spoliant
710 2166 771 2202 vel
804 2173 940 2202 carent
972 2165 1138 2201 omnino
1183 2163 1298 2201 bonis
1342 2162 1474 2211 gracie
1508 2171 1544 2198 et

226 2232 381 2261 nature.
437 2223 476 2260 Si
522 2223 628 2260 enim
671 2225 819 2260 habent
863 2224 1045 2260 membra
1089 2222 1288 2260 naturalia
1330 2221 1392 2258 vel
1439 2222 1544 2257 bona

227 2281 372 2330 gracie,
419 2282 566 2318 habent
612 2294 702 2318 cum
743 2281 907 2330 paribus
940 2282 1045 2318 bona
1077 2282 1236 2317 fortune
1269 2292 1346 2328 que
1380 2278 1543 2327 rapiunt

171 2345 211 2378 35
228 2341 276 2376 de
322 2340 519 2386 fidelibus,
565 2352 656 2377 cum
703 2341 930 2388 expendunt
974 2339 1042 2376 illa
1086 2340 1191 2376 bona
1236 2335 1357 2392 (sicut
1403 2337 1470 2374 alii
1502 2337 1543 2373 in

227 2395 382 2451 seculo)
415 2407 452 2434 et
485 2407 740 2435 consumunt.

285 2458 334 2493 Et
365 2456 421 2493 sic
453 2465 650 2505 quantum
685 2457 735 2493 ad
768 2455 1123 2493 confirmacionem
1158 2457 1205 2491 de
1238 2454 1442 2503 apostolis,
1488 2452 1543 2489 vi-

227 2515 344 2551 detur
375 2514 474 2551 mihi
497 2523 706 2563 tamquam
730 2514 850 2551 fidem
873 2515 1197 2563 supponendum,
1232 2514 1342 2561 quod
1371 2510 1542 2560 apostoli

226 2585 435 2621 nunquam
487 2582 577 2621 post
628 2572 859 2610 missionem
907 2571 1080 2621 Spiritus
1125 2570 1262 2608 Sancti
1315 2571 1543 2608 habuerunt

297 2750 324 2777 9.
346 2743 390 2770 A:
412 2741 497 2769 modi
515 2741 608 2769 deest.
684 2743 726 2769 16.
746 2742 791 2769 A:
812 2749 883 2777 sepe
903 2741 996 2769 deest.
1071 2749 1110 2775 21,
1127 2748 1170 2768 22.
1185 2740 1285 2768 ADE:
1307 2742 1424 2768 tantum
1437 2739 1541 2772 finita.

226 2785 270 2813 27.
292 2779 336 2805 A:
358 2777 473 2804 domm.
529 2777 576 2811 28,
590 2784 638 2812 29.
653 2777 698 2804 A:
719 2777 934 2804 mendicarunt
951 2776 1044 2804 deest.
1107 2784 1155 2809 20.
1176 2783 1304 2809 acares;
1323 2776 1382 2803 AI:
1402 2777 1544 2805 actores,-

226 2817 266 2845 E:
286 2825 432 2849 accares;
451 2817 492 2844 ib.
513 2817 538 2844 D
555 2817 584 2844 in
602 2825 717 2852 marg:
737 2817 771 2844 id
789 2819 836 2844 est
852 2817 918 2844 sine
937 2817 1072 2844 caritate
1091 2811 1264 2856 (ἄχαρες).
1336 2815 1378 2844 33.
1400 2815 1469 2842 DE:
1492 2815 1544 2842 Sic

227 2858 317 2885 enim.
389 2856 434 2885 38.
455 2858 467 2884 I
488 2857 517 2884 in
540 2866 653 2892 1narg.:
674 2857 818 2893 Apostoli
834 2857 1008 2885 habuerunt
1025 2857 1104 2885 bona
1126 2857 1251 2885 mobilia
1272 2857 1441 2884 moderate.

226 2892 273 2926 39.
294 2892 319 2921 E
338 2892 368 2920 in
390 2900 504 2928 marg:
526 2892 670 2928 Apostoli
687 2900 744 2929 que
763 2892 944 2919 habuerunt.

1607 508 1687 541 good
1710 515 1790 535 men.

1602 1704 1669 1732 The
1689 1704 1792 1732 friars·

1579 1744 1706 1776 poverty
1726 1740 1751 1766 is
1773 1745 1825 1766 not

1659 1775 1739 1810 truly

1602 1810 1799 1844 evangeflcah

1584 2459 1651 2488 The
1672 2460 1807 2496 apostles

1620 2495 1680 2522 had
1702 2495 1773 2531 only

1588 2530 1708 2557 needful
1730 2530 1802 2557 food

1582 2564 1640 2592 and
1662 2564 1808 2600 clothing.
