2062 3276
253 288 388 320 senno
412 277 532 337 mur]
738 294 928 336 QUARTA
957 297 1082 329 PARS.

254 400 377 436 voluit
410 413 432 437 a
455 401 576 438 servis
610 401 689 438 suis
712 401 890 439 debitum
916 403 1069 451 exigere
1093 412 1128 440 et
1152 404 1278 440 oblato
1301 404 1373 441 sibi
1394 405 1564 441 maxime

252 458 471 505 indebitam,
510 460 595 508 qnia
635 460 670 496 in
711 461 838 497 decem
879 461 1048 497 millibus
1086 462 1333 509 talentorum,
1373 475 1457 498 cum
1491 475 1563 499 non

163 516 409 570 F01.'¹‘²l'0’'‘'“
447 518 546 554 unde
584 518 778 566 redderet,
816 518 923 554 iussit
963 531 1037 555 rex
1069 521 1172 568 quod
1202 521 1296 569 ipse,
1336 533 1452 568 lavor,
1483 521 1567 570 filii

154 586 234 625 340··
252 581 286 609 et
315 570 319 626 Ι
348 574 443 610 bona
483 582 610 612 cetera
650 577 981 613 venumdarentm·
1023 578 1073 613 ad
1118 577 1443 615 satisfaciendum
1490 592 1562 627 pro

219 632 405 680 5dcbit03
446 633 510 669 ille
541 641 666 670 autem
694 635 903 683 procidens
929 635 1166 685 pacienciam
1201 648 1349 687 rogans
1381 645 1417 672 et
1450 636 1564 672 satis-

250 689 468 726 faccionem
521 691 759 740 promittens
814 693 1037 743 impetravit
1085 707 1106 730 a
1158 707 1253 744 rege
1306 694 1562 730 dimissionem

249 747 308 783 sui
351 757 387 784 et
426 761 591 786 suorum
631 758 668 787 et
705 759 839 799 preter
878 752 953 788 hoc
992 751 1269 789 remissionem
1310 751 1445 789 debiti.
1493 753 1565 789 Ille

251 817 340 842 vero
380 818 518 844 servus
560 817 725 856 propter
771 818 931 846 nactam
976 819 1129 848 tantam
1176 810 1494 848 misericordiam
1540 823 1562 847 a

248 875 319 900 suo
365 864 530 902 domino
568 867 771 915 suffocavit
810 881 924 904 unum
965 869 1012 905 de
1047 869 1173 905 servis
1210 868 1364 906 domini
1407 868 1466 906 sui
1500 869 1565 918 qui

195 933 232 954 10
236 922 321 970 suit
352 923 424 959 sihi
453 923 683 961 indebitatus
715 925 751 962 in
784 934 933 962 centum
968 927 1150 976 denariis,
1183 935 1230 975 et,
1263 927 1355 964 licet
1382 940 1456 976 pro
1479 936 1561 964 tam

247 992 376 1028 pauco
408 981 543 1019 debito
575 992 734 1031 rogaret
765 993 809 1021 ut
840 984 954 1032 alius,
976 985 1062 1034 fuit
1094 994 1229 1023 tamen
1262 985 1474 1023 crudeliter
1505 986 1560 1021 in-

247 1047 485 1076 carceratus.
533 1041 647 1086 Quoa'
678 1054 762 1078 cum
800 1042 870 1078 alii
898 1043 1004 1079 servi
1041 1044 1148 1095 regis
1180 1044 1388 1081 horrerent
1425 1052 1460 1080 et
1491 1043 1564 1080 sibi

247 1098 456 1146 referrent,
504 1099 629 1136 iratus
671 1101 967 1151 condempnavit
1011 1101 1224 1140 tortoribus
1267 1102 1559 1139 custodiendum

246 1167 438 1205 quousque
468 1158 700 1207 satisfecerit
720 1171 797 1208 pro
820 1166 898 1196 toto
931 1160 1066 1196 debito.
1102 1160 1178 1209 Sic,
1210 1160 1340 1210 inquit
1363 1160 1558 1208 Christus,

193 1214 228 1246 15
246 1222 397 1263 oportet
430 1215 619 1252 hominem
644 1230 791 1254 omnem
816 1218 862 1254 de
887 1219 1110 1255 necessitate
1140 1219 1278 1256 salutis
1306 1220 1410 1256 omni
1428 1220 1562 1269 fratri

243 1284 312 1309 suo
336 1273 382 1309 de
403 1274 521 1310 corde
543 1275 752 1314 remittere.
776 1278 877 1312 Nam
902 1276 1056 1314 mistice
1077 1278 1127 1314 ad
1142 1278 1394 1326 propositum
1412 1277 1560 1315 Christi

244 1342 309 1367 rex
342 1340 399 1367 est
423 1334 528 1368 Deus
561 1341 708 1380 noster,
743 1334 806 1370 cui
830 1334 997 1383 quilibet
1029 1335 1117 1384 plus
1150 1337 1267 1373 debet
1299 1349 1421 1386 quam
1455 1350 1559 1373 unus

243 1389 357 1425 alteri
397 1399 592 1438 quantum
632 1393 769 1429 decem
811 1392 921 1429 milia
965 1394 1115 1431 talenta
1160 1396 1354 1432 excedunt
1398 1404 1556 1432 centum

244 1448 443 1485 denarios.
478 1450 546 1486 Est
579 1458 713 1486 autem
747 1451 943 1488 talentum
977 1460 1138 1489 moneta
1172 1462 1332 1490 centum
1361 1453 1556 1491 librarum

186 1505 406 1543 zomaximi
446 1508 636 1556 ponderis
675 1509 779 1546 inter
817 1522 970 1556 omnes,
1017 1510 1122 1548 sicut
1162 1511 1341 1548 debitum
1376 1514 1460 1549 Deo
1500 1521 1557 1549 est

242 1564 425 1601 omnium
460 1566 692 1613 maximum,
740 1576 777 1604 et
815 1567 917 1605 sicut
956 1568 1066 1605 mille
1104 1579 1196 1606 sunt
1229 1571 1366 1607 decem
1400 1570 1556 1608 numeri

241 1623 480 1661 resultantes
513 1638 557 1662 ex
580 1626 703 1662 ductu
736 1625 870 1663 cubito
901 1627 1054 1664 denarii
1087 1627 1127 1664 in
1159 1641 1200 1665 se
1235 1628 1380 1677 ipsum,
1404 1629 1460 1666 sic
1483 1642 1556 1678 pro

240 1680 499 1719 universitate
539 1685 735 1721 bonorum
770 1684 945 1722 hominis
976 1687 1196 1723 secundum
1231 1700 1393 1724 omnem
1427 1687 1557 1725 racio—

240 1751 329 1775 nem
366 1752 503 1777 eorum
537 1750 694 1779 tenetur
726 1745 810 1779 Deo
842 1756 915 1791 pro
948 1743 1057 1792 ipsis.

184 1796 223 1829 25
299 1800 405 1835 Deus
437 1808 571 1850 autem
597 1800 713 1849 exigit
735 1814 842 1838 nunc
865 1804 1086 1839 secundum
1110 1802 1321 1841 interiores
1343 1803 1555 1841 instinctus

241 1855 346 1893 intra
380 1858 676 1895 conscienciam
702 1868 738 1896 et
770 1873 877 1897 nunc
899 1862 1121 1898 secundum
1146 1861 1423 1910 predicatores
1445 1862 1555 1899 verbi

241 1914 301 1950 sui
335 1924 372 1951 et
403 1929 509 1953 nunc
541 1919 762 1954 secundum
796 1919 1010 1956 varietates
1043 1929 1256 1957 eventuum
1291 1920 1553 1967 instabilium,

241 1975 404 2020 quando
442 1988 514 2011 nos
548 1976 807 2023 expendimus
845 1978 906 2014 vel
938 1979 1214 2015 consumimus
1254 1980 1360 2016 bona
1392 1992 1476 2027 sua,
1517 1988 1555 2016 et

240 2030 296 2067 sie
329 2031 573 2070 incurrimus
606 2043 688 2071 tam
721 2035 874 2083 largum
903 2036 1096 2073 debitum.
1131 2038 1246 2074 Unde
1279 2037 1430 2074 conscii
1463 2051 1553 2087 pro-

184 2090 225 2122 30
241 2089 424 2137 cidimus,
459 2093 621 2140 quando
654 2093 858 2130 humiliter
890 2095 1128 2143 profitemur
1161 2095 1329 2132 scientes
1368 2109 1440 2134 nos
1473 2109 1553 2134 non

239 2161 355 2196 posse
379 2162 422 2186 ex
444 2150 559 2187 nobis
582 2151 825 2199 satisfacere,
851 2166 941 2190 cum
965 2153 1088 2190 nichil
1111 2167 1325 2202 possumus
1349 2156 1433 2192 Deo
1457 2157 1552 2193 dare

237 2206 313 2243 nisi
347 2210 455 2257 quod
487 2208 572 2258 ipse
603 2209 713 2258 prius
737 2210 852 2248 nobis
876 2211 1105 2259 donaverit3
1140 2213 1266 2250 immo
1288 2212 1374 2250 sine
1398 2213 1551 2251 miseri-

238 2266 374 2303 cordia
397 2276 434 2304 et
467 2268 673 2316 paciencia
697 2269 768 2306 Dei
801 2269 1051 2319 impossibile
1074 2280 1132 2308 est
1160 2281 1413 2321 peccatorem
1438 2273 1552 2310 satis·

238 2323 386 2372 facere3
419 2327 525 2363 unde
558 2327 775 2375 penitendo
809 2328 982 2376 petimus
1014 2329 1171 2367 veniam
1205 2340 1243 2367 et
1275 2330 1550 2380 promittimus

181 2380 219 2413 '35
238 2393 328 2418 cum
361 2384 495 2431 gracia
529 2398 599 2422 sua
632 2385 978 2435 satisfaccionem;
1012 2385 1120 2437 quod
1145 2388 1188 2426 fit
1219 2389 1251 2426 si
1285 2402 1392 2436 caro,
1426 2402 1550 2439 opera

237 2449 275 2476 et
308 2443 548 2489 temporalia
578 2446 874 2481 venumdamur
913 2459 986 2494 pro
1019 2439 1160 2483 salute'
1180 2443 1326 2494 anime,
1368 2448 1444 2486 hoc
1477 2457 1548 2495 est,

237 2508 538 2538 commutantur
575 2501 615 2538 in
655 2502 763 2539 aliud
803 2503 982 2541 officium
1015 2504 1237 2543 virtuosum
1278 2514 1387 2543 extra
1420 2507 1549 2543 domi·

304 2653 330 2674 2.
351 2646 394 2674 D:
416 2647 593 2676 indelicato.
649 2657 689 2678 10.
713 2649 755 2677 G:
777 2649 933 2679 denarios.
990 2659 1028 2680 12.
1050 2652 1092 2679 D:
1114 2653 1199 2680 servi
1214 2653 1273 2681 sui.
1330 2662 1371 2685 14·
1395 2653 1435 2681 D:
1457 2654 1548 2682 satis—

225 2680 366 2716 faceret.
423 2690 461 2716 17.
478 2683 522 2710 A:
544 2686 591 2711 est
601 2683 696 2711 deest.
754 2684 793 2713 18.
808 2686 853 2713 A:
874 2687 1032 2714 talentum.
1089 2694 1128 2715 21.
1143 2688 1188 2715 A:
1209 2688 1289 2715 sicut
1300 2687 1371 2716 XVI
1381 2688 1477 2716 millia
1493 2693 1546 2716 est.

235 2715 275 2742 25.
293 2716 366 2743 DG:
388 2717 537 2746 internos.
601 2719 647 2747 26.
668 2719 711 2747 D:
733 2720 833 2755 intem
851 2721 892 2748 ib.
908 2722 951 2749 A:
968 2721 1160 2756 predicare-s.
1225 2721 1269 2751 32.
1285 2723 1357 2751 DG:
1379 2724 1449 2751 ideo
1470 2724 1546 2751 sine.

234 2749 280 2783 34.
304 2751 375 2778 DG:
399 2752 509 2786 pocius
527 2753 647 2781 veniam
662 2755 803 2789 petimus.
878 2754 922 2791 37.
944 2756 986 2784 D:
1013 2756 1043 2783 in
1063 2757 1199 2792 aliquod.

307 2845 318 2866 1
343 2841 375 2866 et
393 2845 492 2878 seqq.
519 2836 638 2869 Matth.
655 2838 774 2879 XVIII,
795 2840 940 2880 24—34.
1043 2840 1091 2872 15.
1121 2840 1240 2873 Matth.
1257 2842 1377 2882 XVIII,
1400 2843 1457 2883 34:
1487 2842 1547 2874 Sic

233 2885 267 2913 et
279 2881 389 2915 Pater
409 2892 504 2914 meus
521 2884 808 2926 caelestisfaciet
824 2886 933 2925 vobis,
950 2886 979 2918 si
999 2897 1066 2918 non
1088 2889 1294 2920 remiseritis
1314 2889 1547 2931 unusquisque

238 2928 348 2960 fiatri
371 2938 433 2961 suo
460 2929 504 2963 de
528 2930 695 2962 cordibus
722 2932 859 2965 vestris

1339 3001 1381 3035 29
1389 2993 1409 3011 .χ.

1599 1809 1679 1836 How
1700 1818 1745 1838 we
1766 1818 1815 1838 arc

1610 1845 1753 1873 indebtcd
1774 1851 1805 1873 to

1597 1878 1677 1911 God,
1700 1889 1734 1907 so
1755 1881 1821 1908 that

1575 1922 1620 1941 we
1642 1915 1751 1951 satisfy
1771 1916 1843 1942 Him

1593 1950 1665 1985 only
1685 1951 1819 1985 through

1612 1984 1666 2011 Hls
1688 1993 1800 2021 morey.
