2062 3276
224 239 360 268 SERMO
383 230 460 287 tn]
706 244 896 282 QUARTA
925 244 1050 276 PARS.

223 349 297 386 iste
336 349 463 385 noluit
502 350 634 386 cibum
674 362 831 386 sumere
864 363 954 386 cum
994 351 1139 387 talibus
1172 352 1305 398 quoad
1342 350 1534 387 convicia.

227 408 339 444 Unde
372 408 419 443 de
453 407 528 444 isto
562 416 691 456 potest
724 407 919 444 verificari
952 409 1098 453 thema,
1133 421 1224 444 cum
1257 407 1416 455 scripsit
1450 410 1536 456 plus

224 478 344 513 quam
382 465 488 502 mille
511 466 716 502 volumina
740 466 778 501 in
803 465 946 513 quibus
971 466 1067 502 fides
1090 465 1287 513 scripture
1312 466 1536 513 exponitur.

224 523 378 569 Quibus
413 523 689 560 deficientibus
723 536 867 571 magna
902 536 993 571 pars
1017 524 1110 560 cleri
1137 525 1258 560 surda
1282 533 1537 569 mutesceret3

190 582 330 617 §solus
364 591 498 618 tamen
528 581 706 617 Christus
737 582 828 617 bene
860 582 985 617 onmia
1007 582 1109 630 fecit
1144 591 1180 618 et
1203 581 1243 617 in
1265 581 1430 618 nomine
1455 582 1537 618 eius

222 648 378 686 partem
411 639 650 675 factibilium
686 639 864 675 fecerunt
898 648 1032 676 cetera
1065 641 1247 675 membra
1271 652 1355 676 sua.
1391 642 1536 684 Quoad

222 697 390 733 tercium
427 706 535 745 patet
570 699 673 733 Luce
706 699 813 733 XV10
846 699 956 746 quod
990 696 1130 746 religio
1170 697 1388 735 christiana
1421 699 1539 734 debet

221 767 383 791 omnem
426 756 584 791 laudem
625 767 738 791 suam
778 768 940 803 sperare
980 768 1000 792 a
1041 755 1230 801 Domino,
1277 755 1537 792 considerans

221 814 329 861 quod
363 812 555 861 quicquid
590 813 683 849 boni
717 813 854 850 fecerit
889 814 1007 850 habet
1036 813 1133 849 illud
1156 827 1178 850 a
1203 816 1299 852 Deo.
1335 816 1381 849 Et
1405 815 1538 850 adhuc

168 870 340 906 ionimis
374 871 578 907 modicum
620 871 715 907 facit
748 874 832 908 Deo
871 881 1079 920 tamquam
1119 884 1256 908 servus
1293 872 1365 908 sibi
1395 872 1538 908 inutilis

220 930 278 975 (ut
311 927 457 965 dicitur
492 931 597 965 Luce
629 930 768 972 XV110,
801 931 878 976 10).
924 931 1039 967 Unde
1073 942 1167 977 ergo
1200 930 1286 966 laus
1318 939 1456 966 nostra
1488 932 1537 966 ab

220 986 394 1031 homine,
436 1000 525 1023 cum
566 989 784 1024 secundum
820 988 1081 1036 Apostolum:
1128 988 1171 1023 Si
1206 988 1414 1037 acceperis,
1446 989 1539 1037 quid

217 1045 422 1095 gloriaris.
438 1046 549 1094 quasi
561 1057 633 1081 non
652 1046 860 1095 acceperis.
887 1047 1000 1082 Unde
1023 1045 1310 1093 prudenciores
1334 1046 1537 1082 laudando

220 1102 424 1139 hominem
470 1102 608 1139 dicunt
654 1105 762 1152 quod
807 1113 865 1140 est
912 1104 1082 1140 multum
1124 1106 1208 1140 Deo
1253 1103 1452 1151 obligatus
1493 1117 1537 1140 ex

166 1162 202 1194 15
220 1161 477 1197 multitudine
502 1163 701 1198 donorum
728 1174 803 1210 que
827 1163 876 1198 ab
900 1175 946 1198 eo
970 1171 1188 1210 receperat.
1224 1163 1396 1205 Quando
1431 1162 1535 1198 enim

220 1221 324 1255 Deus
357 1232 429 1255 nos
462 1219 649 1267 premiat‚
684 1220 848 1268 propria
882 1221 987 1257 dona
1021 1229 1189 1257 coronat
1222 1229 1296 1257 etc.

718 1356 914 1397 SERMO
950 1358 1032 1398 LII.

274 1451 472 1501 Alagister
494 1452 585 1500 quid
605 1452 793 1501 faciendo
827 1452 943 1488 vitam
977 1460 1148 1489 eternam
1174 1453 1392 1502 possidebo
1428 1456 1534 1491 Luce

216 1510 284 1555 XO,
319 1509 385 1546 25.

159 1580 201 1601 20
274 1569 394 1604 Istam
424 1567 677 1616 questionem
701 1581 822 1617 quam
847 1567 1017 1616 quesivit
1039 1568 1293 1616 legisperitus
1323 1582 1345 1606 a
1370 1570 1530 1606 Christo

215 1634 348 1673 potest
366 1625 533 1674 quilibet
551 1626 734 1663 subditus
757 1639 779 1662 a
802 1639 874 1663 suo
899 1627 1054 1675 prelato
1078 1639 1246 1675 querere
1269 1627 1529 1675 pertinenter,

216 1693 253 1720 et
297 1684 532 1732 responderi
578 1686 708 1731 debet,
762 1694 804 1720 ut
848 1685 1031 1722 Christus
1077 1685 1297 1733 respondit.
1353 1686 1531 1731 Quilibet

216 1741 321 1778 enim
345 1742 585 1779 naturaliter
608 1742 762 1791 appetit
796 1743 1103 1789 beatitudinem,
1138 1756 1275 1790 ymmo
1309 1746 1528 1781 secundum

215 1800 482 1848 Augustinum
528 1814 610 1837 non
654 1810 786 1849 potest
831 1814 918 1837 earn
966 1814 1047 1837 non
1092 1810 1294 1849 appetere,
1346 1815 1436 1838 cum
1482 1803 1531 1839 sit

159 1859 198 1892 25
217 1857 304 1894 finis
349 1858 545 1895 naturalis
589 1861 639 1896 ad
684 1872 802 1908 quem
858 1860 1035 1896 humana
1089 1859 1240 1907 species
1292 1860 1531 1897 naturaliter

214 1916 438 1963 ordinatur,
478 1916 580 1953 sicut
612 1926 719 1954 terra
751 1917 965 1953 ordinatur
1003 1917 1242 1954 naturaliter
1274 1927 1317 1954 ut
1350 1918 1531 1967 quiescat

214 1973 254 2009 in
289 1974 435 2011 medio.
469 1977 517 2010 Et
552 1975 643 2011 hinc
677 1975 847 2023 insurgit
879 1974 1057 2012 anxietas
1082 1977 1397 2024 dampnatorum
1422 1979 1530 2025 quod

213 2032 439 2069 necessario
484 2042 680 2081 appetunt
719 2033 759 2069 id
799 2035 848 2069 ad
888 2035 995 2081 quod
1043 2033 1176 2070 sciunt
1216 2046 1256 2070 se
1290 2047 1369 2071 non
1414 2048 1529 2082 posse

213 2089 421 2138 attingere.
468 2091 569 2128 Cum
605 2104 698 2139 ergo
739 2091 869 2128 omnis
914 2091 1156 2128 christianus
1202 2093 1427 2129 necessario
1461 2106 1529 2141 ap-

156 2161 198 2183 so
213 2147 312 2196 petit
344 2148 456 2185 illum
492 2149 610 2185 finem
646 2159 683 2186 et
715 2151 832 2186 debet
865 2149 966 2186 scire
1000 2162 1040 2186 se
1072 2163 1153 2187 non
1182 2163 1298 2198 posse
1332 2152 1381 2187 ad
1415 2151 1527 2187 illum

213 2206 421 2254 attingere,
467 2207 543 2244 nisi
588 2207 717 2255 ipsum
752 2208 793 2244 in
825 2207 887 2244 via
923 2207 1081 2254 meruit,
1128 2218 1238 2256 patet
1277 2222 1398 2257 quam
1441 2209 1528 2245 dili-

213 2273 350 2312 genter
394 2267 513 2302 debet
558 2278 725 2313 querere
770 2279 870 2314 opus
904 2279 984 2314 quo
1018 2267 1065 2302 de
1100 2279 1279 2315 congruo
1326 2277 1528 2304 mereatur

214 2322 330 2358 istam
363 2323 500 2369 vitam,
547 2323 777 2372 specialiter
812 2337 902 2361 cum
938 2325 1034 2360 hore
1069 2325 1224 2371 mortis,
1272 2325 1349 2362 diei
1389 2325 1527 2362 iudicii

215 2389 251 2416 et
291 2380 396 2417 illius
445 2381 574 2418 meriti
622 2391 835 2430 propterea
879 2382 928 2418 sit
973 2382 1149 2430 ignarus,
1204 2392 1245 2419 ut
1291 2383 1526 2431 diligencius

157 2439 196 2473 35
215 2438 343 2475 discat
374 2438 478 2475 viam
512 2439 551 2475 in
585 2453 663 2488 qua
697 2440 727 2476 si
762 2440 1102 2477 consummaverit
1136 2441 1297 2477 habebit
1330 2442 1525 2478 bravium.

281 2568 306 2587 2.
323 2560 407 2588 Unde
419 2560 457 2588 de
470 2560 529 2588 isto
538 2571 548 2593 ;
566 2562 610 2588 A:
627 2561 672 2588 De
681 2561 794 2596 primo.
850 2564 876 2589 ὅ.
892 2563 937 2589 A:
958 2571 1044 2589 suam
1058 2571 1247 2597 comparere.
1305 2572 1345 2591 10.
1362 2564 1435 2592 DG:
1457 2573 1527 2591 con-

211 2603 328 2622 servus.
446 2596 486 2623 16.
512 2598 557 2623 A:
586 2604 646 2623 non
669 2596 814 2631 premial.
936 2605 974 2632 17-
1003 2597 1027 2624 l)
1055 2597 1085 2624 in
1112 2606 1226 2633 marg.-
1260 2598 1420 2626 Dominica
1447 2599 1524 2626 XIII.

212 2630 251 2658 18.
272 2632 316 2657 A:
339 2630 475 2666 posside.
548 2638 594 2665 24.
615 2631 658 2658 A:
682 2634 797 2666 posset.
878 2632 924 2663 26,
947 2639 989 2663 27.
1012 2632 1084 2659 DG:
1113 2633 1300 2660 naturaliter
1318 2634 1477 2670 quiescere
1495 2635 1525 2661 in

211 2665 311 2692 medio
341 2668 372 2692 et
393 2665 482 2692 hanc.
626 2665 669 2693 28.
692 2666 736 2693 A:
764 2666 851 2694 scivit
875 2675 935 2694 non
959 2669 1098 2702 possunt.
1242 2675 1288 2702 29.
1310 2668 1383 2695 DG:
1414 2669 1525 2704 igitur.

211 2698 251 2727 31.
272 2699 345 2727 DG:
367 2700 523 2727 meruerit.
596 2698 638 2728 32.
660 2700 732 2728 DG:
754 2702 908 2729 meruerit.
982 2700 1024 2728 33.
1045 2703 1089 2729 A:
1111 2702 1221 2730 iudicii
1239 2703 1338 2737 deest;
1361 2703 1404 2730 G:
1425 2703 1524 2732 Judez'.

285 2771 313 2803 5.
346 2772 449 2803 Marci
477 2772 549 2811 Vll,
575 2782 631 2813 42.
757 2784 806 2805 12.
840 2775 862 2805 Ι.
891 2775 968 2805 Cor.
997 2774 1051 2808 lv,
1079 2785 1109 2816 7.
1235 2774 1284 2806 18.
1319 2776 1447 2817 Gospel
1476 2776 1527 2807 for

217 2817 284 2849 1¹3²h
314 2819 454 2860 Sunda}⁷
481 2818 567 2849 after
592 2819 736 2862 Trinity.
888 2830 939 2860 24.
979 2822 1011 2852 S.
1038 2823 1126 2862 Aug.
1156 2821 1375 2853 Confession.
1401 2823 1459 2853 lib.
1485 2823 1524 2861 X,

213 2875 287 2906 cap.
313 2865 384 2904 XX,
412 2867 504 2906 Opp.
530 2872 614 2896 tom.
641 2865 665 2905 1,
689 2865 744 2897 181
777 2866 826 2906 (et
851 2867 980 2908 passim
1009 2866 1116 2907 alibi).

1744 239 1821 282 405

1574 418 1749 451 Augustino
1769 426 1805 445 an

1575 453 1714 487 example
1735 453 1804 480 how

1582 486 1688 514 Christ
1708 488 1797 514 made

1594 530 1663 549 man
1687 523 1790 557 spcak.

1557 1574 1616 1602 &Vc
1637 1576 1747 1603 should
1769 1576 1805 1604 all

1552 1610 1652 1637 desire
1672 1616 1703 1638 to
1725 1612 1815 1638 know

1570 1645 1640 1671 how
1662 1654 1707 1672 we
1728 1655 1798 1682 may

1606 1681 1640 1707 be
1662 1681 1764 1708 saved.
