2062 3276
249 237 384 267 samio
405 225 459 285 11.]
727 237 918 278 QUARTA
947 237 1071 269 PARS.
1800 240 1810 263 ¹
1827 229 1842 264 5

249 359 328 383 non
350 346 479 392 video,
512 345 588 382 nisi
612 344 705 394 quia
729 343 920 380 deficiunt
953 342 1029 379 illis
1064 342 1257 379 miracula
1290 341 1491 378 sensibilia
1522 351 1559 379 et

248 404 510 453 operaciones
544 402 701 439 insolite
734 403 871 451 quales
904 401 1000 438 olim
1034 399 1310 437 sacerdotibus
1343 400 1557 436 infuerunt.

250 463 420 511 Fingunt
454 463 551 498 false
584 460 829 497 insensibilia
864 459 1072 501 miracula,
1119 467 1162 494 ut
1194 458 1254 494 vel
1288 458 1343 494 sic
1376 471 1456 493 non
1490 460 1559 493 ob-

249 529 378 558 stante
411 533 550 557 eorum
575 518 778 568 apostasia
811 517 888 554 sint
921 525 1018 565 aput
1052 516 1235 552 homines
1269 515 1442 552 exaltati.

218 582 233 613 5
309 580 458 615 Revera
491 577 593 614 sicut
626 577 666 613 in
700 576 774 613 ista
809 575 977 612 materia
1004 575 1157 622 fingunt
1182 573 1406 619 mendacia,
1441 573 1559 610 sicin

251 635 581 673 absolucionibus
625 644 663 671 et
695 633 959 682 indulgenciis
992 645 1091 681 quas
1130 633 1378 677 concedunt3
1413 644 1486 668 nec
1521 632 1559 667 in

250 708 366 731 sensu
398 694 458 731 vel
491 693 655 730 racione
688 692 780 729 fidei
813 704 935 728 unum
971 691 1059 739 plus
1094 703 1214 739 quam
1250 690 1358 726 aliud
1392 699 1450 726 est
1474 690 1559 726 fun-

252 755 404 790 datum.
437 751 595 788 Veritas
629 751 790 800 quidem
826 759 883 786 est
917 758 953 785 et
988 749 1084 785 fides
1117 748 1283 785 ecclesie
1317 749 1423 796 quod
1458 747 1654 793 sicutTne
1675 759 1740 782 true
1762 754 1836 794 saith

252 810 434 848 Christus
467 819 524 847 est
556 809 676 845 simul
701 811 805 845 Deus
840 816 876 844 et
910 808 1045 852 homo,
1079 806 1135 843 sic
1160 807 1235 843 hoc
1258 815 1557 843 sacramentum
1575 788 1853 853 Ῐζὲᾏᾌῐῗῐῗάρὲζζζζῖ

199 884 236 904 lo
252 878 309 906 est
342 868 463 905 simul
497 879 642 916 corpus
677 865 825 903 Christi
859 874 895 902 et
927 864 1067 914 panis3
1106 864 1220 912 panis
1252 864 1490 901 naturaliter
1524 872 1560 900 et
1593 858 1833 922 ςῇἸΞῩῐξΟἏῖξῑοὲἓ

252 939 397 975 corpus
430 925 578 964 Christi
612 924 973 969 sacramentaliter,
1014 932 1051 959 et
1090 922 1192 959 sicut
1225 922 1339 970 panis
1373 921 1412 958 in
1446 931 1560 971 quot·
1622 924 1805 956 Christhud

252 997 408 1034 cunque
431 993 565 1033 partes
589 982 737 1019 divisus
760 982 877 1018 fuerit
902 989 1036 1018 manet
1060 980 1249 1017 continue
1272 980 1378 1017 idem
1399 993 1559 1028 corpus,
1664 963 1766 990 bmd‘

251 1043 306 1080 sic
340 1056 485 1091 corpus
519 1040 666 1079 Christi
701 1041 740 1077 in
773 1049 1032 1089 quotcunque
1065 1047 1199 1087 partes
1234 1038 1402 1075 divisum
1443 1038 1561 1075 fuerit

252 1101 495 1138 informante
528 1099 663 1137 anima
697 1107 831 1136 manet
864 1097 1053 1135 continue
1086 1096 1191 1133 idem
1217 1097 1355 1133 homo.
1390 1098 1437 1132 Et
1460 1096 1562 1133 sicut

199 1163 235 1195 15
252 1159 379 1196 deitas
425 1157 574 1195 Christi
625 1171 707 1194 non
758 1156 982 1193 maioratur
1033 1156 1094 1192 vel
1149 1154 1343 1191 minuitur
1396 1163 1563 1203 propter

251 1217 521 1254 variacionem
574 1215 614 1252 in
662 1214 926 1261 humanitate,
980 1213 1035 1250 sic
1089 1226 1235 1261 corpus
1281 1212 1429 1250 Christi
1481 1225 1563 1249 non

254 1275 476 1313 maioratur
507 1275 568 1311 vel
602 1273 794 1310 minuitur
838 1280 1004 1321 propter
1047 1271 1319 1308 variacionem
1366 1271 1405 1307 in
1445 1283 1561 1319 pane.

254 1336 301 1370 Et
333 1334 458 1370 tercio
492 1332 707 1381 utrobique
752 1340 809 1368 est
854 1329 1116 1368 conformitas
1160 1329 1339 1366 solvendi
1383 1329 1563 1366 obiectus

252 1392 475 1429 infidelium
501 1391 679 1428 cavendo
703 1402 862 1438 semper
894 1401 943 1425 ne
977 1389 1164 1425 credatur
1197 1400 1281 1424 esse
1313 1387 1562 1436 impanacio-

197 1464 239 1485 20
252 1463 343 1486 nem
376 1450 437 1486 vel
469 1448 764 1485 invinacionem
799 1448 1020 1484 secundum
1054 1445 1325 1495 ypostaticam
1348 1445 1562 1491 unionem3

254 1517 310 1545 est
344 1507 448 1545 enirn
482 1507 574 1544 vino
607 1506 772 1543 inferior
805 1505 905 1542 citra
938 1505 1062 1541 illam.
1109 1506 1157 1540 Et
1190 1505 1262 1541 hec
1295 1503 1406 1541 racio
1439 1516 1564 1552 quare

245 1565 422 1603 ‘ecclesia
453 1565 675 1614 Anglicana
707 1573 796 1601 orat
829 1577 851 1601 a
885 1562 1148 1600 similitudine
1178 1563 1285 1611 quod
1321 1562 1418 1598 sicut
1451 1563 1564 1598 homo

252 1625 406 1675 genitus
450 1624 548 1660 idem
589 1622 744 1672 refulsit
786 1620 910 1669 Deus,
953 1621 1007 1657 sic
1045 1621 1112 1657 hec
1152 1628 1309 1657 terrena
1348 1620 1564 1657 substancia

253 1683 359 1719 nobis
390 1683 566 1732 conferat
598 1681 699 1730 quod
731 1680 899 1716 divinum
934 1687 1000 1715 est.

198 1745 238 1776 25
312 1740 417 1776 Dicit
463 1748 596 1776 autern
637 1738 819 1776 Christus
865 1739 972 1787 quod
1017 1737 1067 1773 sit
1112 1735 1358 1773 resurreccio
1405 1745 1441 1773 et
1485 1735 1565 1772 vita
1643 1741 1790 1780 spiritual
1846 1775 1851 1779 ,

253 1800 400 1835 nedum
436 1807 478 1834 ut
511 1797 660 1833 indicet
693 1796 865 1845 logicam
890 1809 1002 1832 suam
1029 1794 1067 1831 in
1092 1794 1301 1843 scripturis
1325 1794 1413 1831 aliis
1439 1793 1564 1842 magis
1590 1778 1847 1838 ¹³251¹22s1=2e22¹3s¹¹1110¹

255 1856 534 1894 absconditam
580 1856 647 1892 sed
694 1864 736 1891 ut
781 1855 917 1891 fideles
962 1854 1094 1902 ipsum
1141 1853 1181 1889 in
1226 1865 1366 1889 amore
1411 1852 1564 1889 avidius
1598 1845 1843 1881 ‘¹¹³¹¹‘²0¹'90¹'³¹·

255 1916 553 1962 amplectantur
600 1926 721 1962 quam
776 1911 1141 1949 transmutaciones
1193 1912 1291 1947 tales
1344 1910 1564 1955 sensibiles,

257 1986 345 2010 cum
382 1971 603 2021 preciosius
636 1971 686 2007 sit
720 1970 874 2007 homini
908 1971 1016 2019 quod
1042 1969 1222 2005 Christus
1256 1968 1521 2017 spiritualiter
1544 1981 1565 2005 a

199 2037 241 2068 30
257 2040 386 2067 morte
419 2029 573 2079 peccati
607 2029 737 2077 ipsum
772 2028 993 2071 resuscitet,
1040 2041 1159 2076 quam
1202 2028 1310 2076 quod
1350 2040 1371 2063 a
1406 2026 1566 2062 Christo

257 2089 524 2137 corporaliter
556 2087 782 2124 suscitetur.
828 2089 876 2122 Et
922 2095 1214 2134 consequenter
1253 2084 1477 2134 preciosius
1511 2093 1567 2121 est

256 2149 364 2196 quod
398 2148 519 2183 homo
558 2145 821 2194 spiritualiter
864 2144 970 2182 vivat
1015 2144 1054 2180 in
1088 2143 1248 2180 Christo
1293 2156 1413 2192 quam
1460 2144 1567 2191 quod

161 2187 241 2268 ‘’321ss
256 2205 492 2242 naturaliter
521 2201 525 2258 Ι
555 2216 625 2252 per
649 2203 852 2240 Christum
887 2203 926 2239 in
960 2202 1039 2239 vita
1072 2201 1248 2239 sensibili
1282 2201 1509 2238 suscitetur.

326 2336 345 2355 1.
362 2328 430 2355 DE:
453 2327 598 2362 deliciunt
612 2327 665 2354 eis.
740 2326 756 2353 8
783 2327 807 2354 D
823 2327 853 2353 in
869 2335 965 2361 marg.
979 2336 983 2353 :
1005 2324 1084 2354 Nota
1100 2326 1138 2353 de
1153 2325 1350 2354 Eulsaristia:
1370 2324 1393 2351 E
1409 2325 1437 2351 in
1455 2332 1567 2359 marg:

255 2362 334 2390 Nola
355 2364 437 2398 quod
455 2364 533 2390 sicut
552 2362 633 2389 Deus
653 2366 695 2389 est
714 2362 805 2389 simul
825 2362 906 2389 Deus
932 2365 962 2388 et
986 2361 1085 2391 homo.
1112 2361 1157 2388 sic
1174 2365 1398 2387 sacramentum
1419 2362 1464 2386 est
1481 2360 1571 2385 simul

256 2406 367 2433 corpus
387 2396 502 2425 Christi
520 2401 550 2424 et
563 2397 665 2432 panis.
765 2404 782 2431 9
815 2396 910 2424 DEF:
937 2397 995 2423 lzoc
1013 2397 1107 2423 deest.
1209 2404 1249 2423 ιο,
1271 2396 1314 2422 A:
1339 2395 1432 2430 panis
1453 2394 1568 2427 isemell

257 2433 350 2460 deest.
425 2441 458 2459 11.
474 2432 574 2459 ADE:
596 2431 711 2458 Christi
729 2431 823 2458 deest.
899 2439 935 2458 12.
951 2431 1051 2458 ADE:
1074 2429 1151 2461 fuit,-
1170 2430 1210 2457 ib.
1227 2429 1295 2457 DE:
1318 2430 1461 2456 continue
1475 2428 1569 2455 deest.

258 2467 294 2495 13.
317 2467 385 2494 DE:
413 2467 454 2494 sil
473 2467 610 2494 divisum.
687 2467 722 2494 15.
744 2465 768 2492 E
788 2466 818 2493 in
839 2474 953 2501 marg:
980 2465 1043 2493 Hic
1062 2469 1147 2493 nota.
1222 2466 1262 2495 16.
1284 2472 1323 2499 17.
1344 2465 1388 2491 A:
1416 2464 1447 2491 in
1467 2464 1570 2490 liuma-

256 2502 353 2530 nilate
372 2518 402 2520 —
420 2509 505 2537 pane
524 2502 617 2529 deest.
718 2509 760 2536 19,
782 2508 817 2527 20
850 2502 889 2529 F:
917 2502 947 2528 in
963 2501 1181 2536 panacionem.
1282 2507 1327 2526 ρο.
1349 2499 1391 2525 D:
1418 2497 1570 2525 Christum

257 2537 464 2570 ypostaticam.
529 2544 568 2564 21.
588 2536 657 2564 DE:
678 2536 732 2562 hec
751 2536 845 2562 deest.
911 2543 952 2563 22.
974 2535 1042 2562 DE:
1064 2536 1152 2562 homo
1173 2535 1274 2567 deest;
1295 2534 1335 2561 ib.
1359 2534 1382 2560 D
1404 2533 1433 2560 in
1456 2541 1569 2567 marg:

255 2571 336 2600 Nota
357 2570 440 2607 quod
463 2571 519 2598 hoc
545 2575 662 2599 secreto
688 2570 742 2597 ll'i.
765 2571 879 2606 decipit
897 2572 1045 2606 legentes.
1067 2570 1140 2606 quia
1161 2569 1240 2596 illud
1258 2572 1304 2596 est
1320 2571 1469 2595 secretum
1490 2568 1573 2603 quod

257 2607 371 2634 dicitur
389 2609 461 2633 ante
487 2607 764 2635 consecracionem,
791 2609 824 2632 ut
845 2608 931 2639 patet
954 2606 984 2632 in
1011 2606 1103 2632 missa
1129 2603 1265 2631 secunda
1290 2603 1329 2630 a'e
1347 2601 1515 2630 Nam-itate
1539 2602 1570 2628 in

256 2649 387 2673 aurora,
402 2641 484 2676 quod
501 2649 556 2668 suo
577 2644 667 2668 mocio
688 2639 824 2675 efficitur
840 2641 902 2667 Deo
921 2640 1083 2667 oblacione
1100 2646 1220 2674 pr1ma;
1238 2646 1298 2666 non
1320 2637 1494 2674 ergofacit
1511 2645 1570 2672 pro

255 2677 347 2711 panis
366 2683 538 2703 remanere.
566 2674 605 2703 Et
623 2676 764 2703 similiter
783 2675 896 2710 decipit
915 2675 1053 2709 legentes
1073 2675 1102 2701 in
1123 2675 1202 2701 libro
1223 2673 1261 2700 de
1280 2671 1451 2707 Apostasia.
1479 2671 1568 2698 Cave

258 2710 300 2738 23.
323 2711 361 2737 F:
390 2709 470 2737 Deus
490 2711 582 2737 deest.
703 2717 749 2743 24.
771 2711 814 2736 A:
843 2709 965 2743 confert
983 2709 1075 2744 quod.
1196 2710 1239 2735 28.
1263 2709 1306 2734 A:
1333 2708 1554 2742 amplectentur
1564 2715 1572 2735 ,·

258 2746 298 2772 ib.
320 2745 359 2772 F:
387 2745 611 2778 amplectantur
629 2745 719 2780 quod.
792 2752 839 2779 29.
862 2740 903 2771 1)':
931 2744 990 2771 iam
1009 2744 1182 2779 preciosius
1201 2743 1249 2770 sit.
1324 2740 1368 2768 30.
1389 2741 1464 2770 AD:
1491 2740 1574 2776 quod

258 2780 351 2807 deest.
425 2778 467 2807 33.
488 2780 557 2807 DE:
585 2780 615 2806 in
636 2780 736 2810 deest:
766 2779 807 2806 ib.
828 2780 872 2806 A:
900 2779 1065 2806 suscitetur
1085 2782 1116 2805 et
1135 2778 1228 2804 deest.

329 2872 382 2894 22.
410 2862 462 2894 Cf.
489 2864 598 2894 Serm.
625 2869 710 2904 part.
736 2862 773 2901 ΙΙ,
801 2872 878 2905 pag.
903 2861 982 2903 454.
