2062 3276
308 259 442 287 senno
464 250 586 307 xxm]
788 265 979 303 QUARTA
1008 265 1133 295 PARS,

307 370 518 406 ostendere
567 371 673 418 quod
723 369 815 406 licet
863 371 1141 406 sacerdotibus
1190 371 1246 406 sic
1295 385 1486 419 pugnare.
1541 375 1618 409 Sed

307 429 552 465 attendendo
585 429 635 464 ad
668 427 974 475 occupaciones,
1009 429 1058 464 ad
1093 428 1316 465 ditaciones
1350 438 1386 465 et
1419 429 1520 466 vitas
1548 443 1618 466 no-

306 496 481 522 strorum
535 486 783 534 prelatorum
838 485 1042 522 evidenter
1094 495 1262 534 apparet
1317 489 1424 535 quod
1479 488 1618 524 relicta

306 543 537 580 imitacione
571 553 608 580 et
640 544 726 591 lege
746 543 895 580 Christi
927 553 1018 580 sunt
1052 544 1177 592 magis
1211 545 1401 580 horrendi
1433 554 1618 593 apostate

272 603 426 651 5quam
460 602 621 638 fuerunt
654 602 883 638 sacerdotes
916 601 1060 638 veteris
1094 602 1337 639 testamenti.

363 660 579 706 Quomodo
628 672 725 707 rogo
771 660 832 696 vel
880 661 1053 708 qualiter
1101 659 1205 708 sapit
1253 660 1511 697 conversacio
1555 661 1616 697 vel

304 720 453 756 factum
479 718 623 766 papale
645 717 921 754 imitacionem
947 717 1095 754 Christi
1127 717 1168 754 in
1202 718 1382 754 moribus
1407 728 1474 755 aut
1504 719 1615 755 edifi-

304 776 511 814 cacionem
546 775 694 812 Christi
735 776 901 812 ecclesie
940 777 1161 812 secundum
1207 777 1364 825 regulas
1410 777 1613 813 caritatis?

303 835 475 871 Evidens
515 846 608 881 ergo
648 842 706 869 est
746 835 853 882 quod
895 834 935 870 in
974 847 1118 882 penam
1167 834 1322 882 peccati
1355 837 1461 871 Deus
1506 835 1615 871 dedit

249 904 286 924 10
302 892 467 941 prelatis
501 891 793 940 disposiciones
827 891 1059 928 huiusmodi
1091 893 1160 929 sed
1194 905 1404 940 perversas
1438 894 1488 929 ad
1522 894 1615 940 dya-

302 952 394 987 bolo
427 950 695 995 serviendum,
730 959 766 986 et
797 950 1045 998 perturbavit
1075 951 1270 998 dyabolus
1303 950 1359 987 sic
1393 950 1615 987 elecciones

302 1011 499 1045 humanas
529 1010 578 1044 ad
601 1007 699 1044 talia
723 1009 905 1045 membra
928 1021 999 1045 sua
1022 1021 1094 1045 suo
1118 1008 1286 1045 servicio
1320 1010 1615 1057 coaptandum3

302 1076 338 1104 et
362 1067 417 1104 sic
451 1068 578 1103 abusu
610 1066 860 1103 naturalium
896 1068 1085 1103 datorum
1111 1066 1165 1103 eis
1188 1079 1211 1103 a
1234 1069 1319 1103 Deo
1342 1075 1432 1103 sunt
1456 1066 1615 1115 gravius

302 1124 642 1173 condempnandi,
689 1137 780 1160 cum
815 1124 1028 1162 Psalmista
1067 1137 1149 1161 non
1187 1125 1333 1173 ligatus
1374 1122 1444 1161 tali
1484 1137 1614 1162 sacer-

248 1182 419 1220 15docio
460 1182 556 1219 dicit
590 1184 693 1218 Deo:
740 1183 1026 1219 Fortitudinem
1066 1195 1189 1219 meam
1229 1184 1281 1219 ad
1318 1190 1354 1219 te
1386 1184 1612 1219 custodiam.

300 1244 412 1278 Bona
457 1253 550 1289 ergo
595 1249 738 1276 nature
783 1242 877 1277 data
909 1253 931 1277 a
965 1243 1048 1277 Deo
1093 1242 1239 1277 debent
1282 1242 1512 1277 sacerdotes
1554 1253 1614 1278 ex-

299 1301 474 1348 pendere
513 1299 553 1334 in
590 1299 812 1335 sacerdotis
853 1299 1078 1335 ministerio
1119 1308 1156 1335 et
1188 1312 1269 1335 non
1307 1299 1540 1348 pompatice
1573 1299 1614 1335 in

300 1357 525 1394 ministerio
559 1356 736 1393 militari.
771 1359 819 1393 Et
852 1357 892 1393 in
925 1357 1081 1405 signum
1116 1357 1233 1393 huius
1265 1357 1450 1405 nequicie
1483 1370 1614 1394 sacer-

298 1417 412 1452 dotes
457 1414 743 1452 insolenciores
778 1424 814 1451 et
847 1415 1060 1463 nequiores
1101 1424 1285 1463 apostate
1319 1423 1411 1451 sunt
1443 1416 1493 1452 ad
1528 1428 1613 1452 exe-

240 1483 282 1504 20
297 1473 506 1511 cucionem
540 1472 654 1509 istius
684 1482 824 1509 vocate
857 1473 1111 1521 indulgencie
1146 1473 1390 1521 congregati.

772 1609 967 1649 SERMO
998 1609 1144 1650 XXIII.

352 1694 466 1730 Hora
500 1701 555 1730 est
578 1693 654 1729 iam
679 1705 745 1729 nos
768 1693 814 1728 de
836 1705 996 1742 sompno
1019 1705 1187 1743 surgere
1210 1695 1379 1732 Roman.
1404 1695 1525 1740 X1110‚
1550 1708 1559 1730 1
1579 1708 1609 1732 1.

352 1751 532 1789 Ecclesia
570 1750 665 1788 facit
705 1751 823 1787 hodie
865 1751 1118 1787 mencionem
1154 1753 1202 1787 de
1235 1753 1411 1788 adventu
1444 1753 1608 1790 Christi.

294 1812 363 1847 Est
415 1819 548 1846 autem
602 1809 745 1857 triplex
799 1810 993 1846 adventus
1046 1809 1148 1845 sicut
1201 1811 1415 1847 descensus
1461 1811 1608 1848 Christi

238 1867 276 1899 25
293 1867 502 1905 notabilis:
558 1867 711 1916 primus
764 1880 843 1915 quo
892 1867 999 1903 venit
1053 1867 1286 1904 humanitus
1338 1868 1378 1904 in
1432 1882 1608 1915 carnem,

295 1927 492 1963 secundus
526 1938 604 1974 quo
637 1925 743 1962 venit
778 1938 848 1973 per
880 1925 1058 1973 graciam
1094 1925 1133 1961 in
1168 1935 1357 1972 mentem,
1393 1936 1429 1963 et
1462 1927 1609 1964 tercius

295 1997 375 2033 quo
419 1983 525 2020 venit
571 1985 619 2020 ad
660 1983 778 2020 finale
818 1983 1032 2028 iudicium3
1079 1992 1115 2020 et
1154 1983 1218 2019 isti
1260 1993 1339 2020 tres
1380 1997 1421 2021 se
1462 1986 1610 2022 habent

296 2055 365 2091 per
398 2041 595 2078 ordinem.
642 2043 743 2078 Nam
783 2041 858 2077 nisi
892 2041 1074 2078 Christus
1106 2041 1258 2078 veniret
1289 2042 1329 2078 in
1363 2055 1524 2080 carnem
1558 2045 1609 2080 ad

294 2099 576 2137 redimendum
623 2112 745 2148 genus
792 2100 1026 2145 humanum,
1080 2113 1288 2148 nunquam
1341 2101 1514 2138 venisset
1566 2102 1606 2138 in

237 2158 278 2190 '30
294 2168 469 2195 mentem
494 2158 733 2194 illustrando
757 2170 827 2206 per
850 2157 1028 2205 graciam
1062 2158 1217 2194 animas
1247 2158 1606 2206 prevaricatorum.

294 2219 406 2253 Patet
439 2229 482 2253 ex
507 2217 582 2253 hoc
606 2217 714 2264 quod
747 2216 863 2252 aliter
893 2225 1023 2252 totum
1058 2229 1182 2264 genus
1216 2217 1436 2253 humanum
1469 2218 1608 2255 fuisset

292 2275 578 2323 dampnatum3
613 2287 706 2310 nam
731 2276 837 2310 Deus
868 2287 911 2311 ex
939 2287 1011 2311 sua
1034 2274 1193 2311 iusticia
1224 2288 1297 2323 pro
1327 2275 1437 2311 omni
1461 2275 1607 2313 iniuria

382 2398 436 2425 .:I
459 2405 530 2425 occu
554 2397 701 2424 aciomm.
774 2406 803 2430 4.
819 2398 863 2424 A:
886 2406 923 2424 ex
942 2398 1030 2434 [εὐνα
1051 2398 1135 2425 ibI:
1157 2398 1322 2425 lior-rende.
1397 2407 1436 2425 10
1459 2399 1504 2426 A.
1527 2399 1611 2426 modi

293 2405 388 2460 deest
462 2440 502 2465 14.
541 2435 708 2467 ριν-θίωιά
728 2440 788 2460 non
809 2433 926 2468 ligatus
1010 2440 1055 2459 2ο
1072 2432 1127 2459 DI:
1149 2433 1339 2468 congmgali
1357 2438 1411 2460 etc.
1551 2434 1608 2460 Hic

293 2475 396 2494 sermo
425 2472 453 2494 et
483 2454 642 2494 sermones
673 2475 757 2502 seqq
789 2476 824 2493 us
828 2475 886 2502 que
916 2468 952 2494 ad
982 2467 1014 2501 L,
1037 2467 1066 2495 in
1089 2467 1178 2494 codd.
1200 2468 1239 2500 A,
1262 2469 1298 2501 l),
1321 2468 1359 2502 G
1380 2468 1408 2495 H
1439 2469 1606 2501 habentur3

293 2502 333 2529 ib.
353 2503 383 2529 A
408 2502 438 2528 in
467 2510 582 2536 marg.
613 2503 722 2529 Sermo
742 2501 844 2534 le
872 2502 897 2529 l)
924 2503 954 2529 in
983 2510 1079 2537 marg.
1091 2512 1096 2528 :
1128 2501 1256 2529 Constat
1281 2503 1419 2530 omnibus
1444 2504 1528 2538 quod
1552 2503 1608 2530 iste

299 2535 430 2572 llycleff
445 2536 658 2572 quadraginta
677 2545 832 2563 sermones
851 2538 874 2563 i
874 2540 926 2564 tos
944 2545 994 2563 εει
998 2522 1082 2563 thetis
1092 2537 1165 2577 'snit
1182 2537 1264 2564 altus
1284 2545 1303 2564 a
1322 2546 1355 2564 se
1375 2538 1440 2573 ipso
1455 2538 1503 2565 llic
1517 2546 1608 2573 quam

293 2572 377 2604 alibi,
398 2574 433 2598 ut
449 2574 583 2610 apparet
606 2572 732 2610 legenti,
761 2579 833 2611 qula
859 2571 989 2607 demptis
1011 2572 1205 2606 iauctssmts
1244 2580 1306 2599 (ne
1331 2573 1361 2599 in
1387 2573 1524 2600 omnibus
1550 2573 1608 2599 lzt'is

292 2606 416 2667 scriptis
435 2606 574 2641 sequitur
593 2606 752 2633 ecclesiam
779 2615 810 2633 ln
828 2605 896 2641 fide
923 2610 953 2634 et
978 2607 1086 2633 ritibus
1113 2610 1143 2633 et
1160 2615 1207 2633 mo
1231 2614 1248 2634 o
1270 2606 1415 2645 loquendi
1434 2608 1608 2640 kathol1c0;

293 2640 334 2667 ib.
362 2642 398 2667 —xt
425 2648 481 2667 nos
499 2640 595 2667 deest.
677 2640 718 2681 25,
740 2641 786 2675 26,
809 2649 853 2676 27.
874 2649 953 2676 quo,-
978 2641 1022 2668 H:
1050 2641 1214 2690 quomodo.
1296 2648 1344 2669 20.
1367 2641 1441 2670 DG:
1463 2645 1494 2669 et
1511 2642 1604 2669 deest.

293 2675 337 2703 28.
360 2675 476 2702 Coddm
505 2683 609 2702 carne.
682 2674 719 2702 31.
742 2675 825 2711 quod
842 2676 952 2704 alzter:
972 2677 1015 2703 A:
1038 2676 1190 2711 qua'litei:
1210 2676 1250 2703 ib.
1272 2677 1315 2703 A.
1336 2679 1430 2703 tolum
1451 2676 1546 2705 dest.

369 2746 417 2779 15.
445 2747 570 2780 Psalm.
601 2747 657 2777 Lx
663 2747 714 2785 ΙΙΙ,
740 2758 788 2779 10.
888 2758 940 2779 21.
967 2748 1099 2789 Epistle
1127 2747 1180 2778 for
1207 2746 1279 2779 first
1305 2749 1446 2791 Sunday
1474 2749 1508 2780 in
1534 2750 1605 2780 Ad-

292 2801 385 2825 vent.
426 2794 614 2824 ..Sermons
646 2794 889 2825 XXIII-LXII
930 2795 1003 2832 (XL
1038 2795 1224 2825 Sermones
1257 2795 1298 2825 de
1326 2794 1516 2836 Tempore)
1550 2806 1605 2826 are

293 2840 468 2881 evidently
487 2838 545 2870 the
564 2849 659 2870 same
678 2839 760 2871 with
779 2839 836 2871 the
856 2841 1044 2871 Sermones
1061 2840 1120 2871 XL
1140 2841 1324 2882 compositi
1344 2842 1427 2872 dum
1454 2842 1546 2872 stetit
1572 2842 1606 2872 in

293 2885 417 2917 scolis’'
435 2885 475 2916 of
488 2885 544 2916 the
565 2885 783 2926 CatalogueS.
804 2886 855 2917 Cf.
875 2886 1020 2928 Shirley.
1043 2889 1066 2917 ,Χ
1090 2887 1291 2927 Catalogue,
1312 2897 1389 2928 pag.
1411 2898 1457 2927 14.
1480 2887 1530 2925 58,
1551 2886 1604 2918 65.

1832 271 1905 306 ¹97

1641 668 1710 695 God
1734 669 1787 695 has
1808 669 1896 703 given

1726 705 1810 730 these

1641 737 1846 772 dispositions
1866 743 1897 766 to

1678 772 1808 806 prelates
1830 774 1858 800 in

1638 807 1838 842 punishment
1860 809 1906 836 for

1743 851 1800 870 sin.

1642 1758 1774 1787 Christ's
1794 1760 1884 1795 triple

1694 1795 1825 1822 advent:

1655 1837 1675 1856 ι.
1697 1829 1762 1856 into
1783 1830 1870 1862 flesh,

1650 1872 1674 1890 2.
1697 1864 1761 1891 Into
1782 1865 1865 1892 man'
1869 1874 1882 1892 s

1714 1899 1811 1934 mind,

1631 1932 1655 1960 3.
1677 1938 1708 1960 to
1729 1921 1897 1969 indgincnt.
