2062 3276
198 584 214 616 5

177 885 215 907 ΙΟ

178 1165 212 1197 15

174 1466 214 1487 20

174 1748 212 1780 25

230 240 365 270 SERMO
387 228 483 287 xm]
710 241 901 280 QUARTA
930 241 1055 272 PARS.

231 363 311 386 non
344 362 390 385 eo
424 348 511 397 ipso
544 361 624 396 quo
657 346 747 395 quis
780 345 986 383 famelicus
1019 358 1058 382 se
1094 345 1223 394 ipsum
1260 347 1399 394 pascit,
1423 350 1544 397 sran-

228 408 287 459 ἒςζίι
319 406 502 443 esurienti
527 418 668 456 panem
701 417 810 441 sunm
857 405 905 441 ad
952 417 1111 440 sensum
1148 403 1331 448 Domini;
1377 414 1413 442 et
1453 420 1546 443 con-

230 467 356 502 forme
390 473 446 501 est
478 463 670 500 iudicium
706 464 753 499 de
786 475 906 511 opere
939 462 1118 510 quolibet
1151 462 1371 510 corporalis
1396 463 1547 500 miseri-

231 523 366 561 cordie
400 521 680 570 consequenti3
725 530 768 557 ut
801 520 1004 568 hospitare
1038 519 1210 556 discolos
1247 529 1547 569 extravagantes

230 581 470 630 generaliter
502 593 583 616 non
616 588 673 616 est
705 591 843 615 sensus
878 577 1040 615 Domini
1086 591 1157 614 nec
1196 577 1339 615 vestire
1372 580 1546 627 prevari-

231 649 385 677 catores
418 638 644 687 precipuos,
690 637 791 674 sicut
825 636 938 673 multi
971 644 1153 685 potentes
1187 637 1456 674 communiter
1494 638 1547 675 ita

232 698 349 734 inane
384 696 534 734 faciunt
567 697 614 732 de
647 707 687 732 se
720 695 829 744 ipsis.
864 696 956 731 Ideo
990 707 1080 731 cum
1106 707 1187 731 non
1210 694 1301 731 licet
1325 695 1545 743 sophistam

231 756 286 792 sic
330 756 369 792 in
415 768 531 791 sensu
576 753 738 790 Domini
789 754 1082 801 blasphemare,
1136 761 1294 801 oportet
1346 753 1548 802 sapienter

232 815 437 851 attendere
470 814 519 849 ad
553 811 814 861 prudenciam
849 810 1134 859 serpentinam.
1170 813 1217 847 Et
1249 810 1408 847 videtur
1452 812 1547 848 mihi

232 873 339 921 quod
373 870 556 908 Christus
591 872 696 906 Luce
719 871 841 915 X1V0,
874 880 934 915 12,
966 869 1007 905 13
1047 868 1208 917 exponit
1241 882 1402 905 sensum
1427 883 1544 918 quem

232 931 350 967 habet
383 929 422 965 in
452 928 574 965 veteri
607 936 866 965 testamento:
905 926 1000 964 Cum
1013 927 1135 976 facis.
1169 926 1314 975 inquit,
1334 929 1545 977 prandium

230 996 296 1024 aut
328 1001 472 1031 cenam,
508 987 586 1023 noli
617 999 756 1023 vocare
788 986 932 1021 amicos
962 986 1030 1021 sed
1063 997 1155 1021 voca
1173 997 1368 1034 pauperes
1390 987 1545 1029 debiles,

230 1047 391 1082 claudos
434 1053 469 1081 et
512 1056 630 1081 cecos.
687 1043 763 1081 Ubi
806 1043 964 1080 videtur
1007 1042 1129 1079 michi
1182 1044 1291 1091 quod
1343 1044 1547 1091 specificat

230 1104 376 1153 quibus
409 1103 606 1151 complete
641 1104 757 1139 debet
801 1101 887 1138 dari
932 1100 1150 1137 elemosina
1195 1101 1435 1149 corporalis3
1480 1102 1547 1138 ubi

230 1172 382 1199 certum
417 1161 575 1198 videtur
607 1162 714 1209 quod
747 1168 905 1208 oportet
937 1171 1134 1207 pauperes
1163 1159 1203 1195 in
1226 1159 1356 1195 verbis
1379 1173 1547 1209 sequen—

230 1220 336 1257 tibus
369 1220 587 1268 triplicare,
622 1228 665 1255 ut
697 1218 829 1267 posito
863 1219 970 1266 quod
995 1217 1102 1254 dives
1129 1217 1339 1265 episcopus
1363 1219 1423 1254 vel
1446 1218 1546 1255 alius

230 1287 460 1327 potentatus
493 1277 615 1314 seculi
648 1276 697 1313 sit
730 1289 846 1313 cecus
879 1289 958 1312 non
992 1285 1049 1312 est
1082 1289 1220 1312 sensus
1243 1275 1405 1312 Domini
1439 1278 1547 1325 quod

232 1338 351 1373 homo
384 1338 501 1373 debet
545 1335 773 1384 specialiter
815 1347 978 1383 pascere
1022 1333 1153 1382 ipsum
1199 1334 1417 1371 elemosina
1462 1348 1547 1371 cor-

230 1395 371 1443 porali,
406 1394 495 1430 ideo
529 1393 712 1430 Christus
745 1392 916 1429 intendit
950 1393 997 1428 de
1030 1405 1207 1440 paupere
1242 1405 1348 1438 ceco,
1384 1402 1421 1429 et
1455 1407 1547 1430 con-

231 1453 349 1489 formi
384 1452 543 1489 racione
576 1450 761 1499 intelligit
795 1452 841 1487 de
870 1463 1046 1499 paupere
1071 1451 1214 1487 claudo
1239 1459 1275 1487 et
1299 1452 1346 1487 de
1371 1464 1546 1499 paupere

230 1511 349 1547 debili
393 1511 527 1559 quoad
572 1523 729 1558 corpus,
776 1511 823 1545 Et
862 1515 919 1552 (ut
958 1508 1114 1545 videtur
1152 1508 1263 1553 mihi)
1302 1510 1431 1545 solum
1471 1509 1547 1545 illis

231 1571 345 1606 debet
363 1569 489 1605 fidelis
505 1568 679 1604 tribuere
695 1567 954 1604 elemosinam
971 1567 1236 1615 corporalem,
1261 1566 1357 1615 quia
1366 1567 1548 1604 Christus

231 1641 386 1664 summe
419 1626 578 1675 sapiens
612 1628 710 1663 dans
743 1625 982 1673 generaliter
1016 1625 1240 1662 doctrinam
1265 1638 1334 1661 sue
1368 1626 1545 1662 ecclesie.

231 1688 277 1722 Et
323 1699 403 1722 non
448 1684 615 1721 dubium
661 1683 757 1732 quin
802 1684 999 1731 complete
1045 1693 1080 1720 et
1124 1682 1450 1731 incorrigibiliter
1492 1684 1546 1720 ita

231 1743 346 1780 dicit:
382 1743 475 1779 Noli
506 1755 645 1779 vocare
677 1743 822 1778 amicos
855 1750 939 1778 tuos
971 1754 1090 1791 neque
1111 1743 1273 1791 fratres
1312 1749 1397 1778 tuos
1429 1754 1547 1791 neque

231 1809 418 1853 cognatos
462 1813 580 1850 neque
624 1800 768 1836 vicinos
811 1812 929 1849 neque
973 1800 1120 1843 divites,
1166 1813 1211 1836 ne
1243 1800 1358 1849 forte
1402 1807 1438 1837 et
1475 1801 1549 1850 ipsi

231 1860 432 1896 reinvitent
464 1867 500 1895 te
531 1867 566 1896 et
585 1859 663 1909 fiat
696 1859 764 1894 tibi
795 1858 1014 1894 retribucio.

289 1921 389 1955 Cum
437 1930 529 1965 ergo
575 1916 756 1954 Christus
801 1918 917 1952 docet
970 1917 1174 1964 quomodo
1219 1915 1259 1952 in
1306 1917 1380 1953 hoc
1424 1919 1545 1953 verbo

231 1976 314 2013 fieri
350 1977 464 2012 debet
498 1975 714 2011 elemosina
745 1974 904 2023 prandii
938 1974 1156 2022 corporalis
1189 1983 1226 2010 et
1258 1974 1341 2023 ipse
1376 1975 1547 2012 excludit

173 2038 187 2070 Y
229 2034 407 2083 quinque
441 2033 637 2070 maneries
682 2042 718 2069 et
761 2032 906 2069 limitat
951 2033 1022 2068 hos
1066 2042 1143 2069 tres
1190 2035 1343 2077 modos,
1389 2033 1547 2070 videtur

229 2093 336 2140 quod
369 2092 497 2128 solum
532 2091 607 2127 illis
640 2092 756 2127 debet
788 2090 904 2127 titulo
938 2090 1154 2127 elemosine
1200 2091 1285 2127 dari
1330 2091 1545 2139 prandium

230 2151 459 2199 corporale;
505 2163 584 2186 non
629 2149 734 2186 enim
781 2157 836 2185 est
869 2148 1057 2197 possibile
1091 2150 1185 2185 dare
1219 2149 1284 2185 alii
1318 2149 1394 2185 nisi
1428 2150 1546 2186 fuerit

229 2208 372 2257 aliquis
407 2209 551 2244 horum
597 2207 776 2255 quinque
822 2206 966 2256 quibus
1000 2207 1181 2243 Christus
1227 2207 1397 2256 precipit
1441 2209 1545 2244 nolle

230 2266 284 2303 sic
318 2268 425 2303 dare.
468 2268 765 2302 potestantem
811 2265 877 2301 illa
921 2265 1062 2313 triplex
1108 2265 1266 2302 miseria
1312 2278 1546 2314 correspon-

200 2326 370 2361 'denter
402 2326 451 2361 ad
491 2323 757 2372 proprietates
790 2323 998 2360 Trinitatis
1043 2323 1236 2371 applicari
1281 2323 1443 2360 cuilibet
1488 2324 1546 2360 in-

230 2382 391 2431 digenti,
436 2382 490 2419 ita
535 2383 642 2430 quod
688 2382 829 2418 debiles
872 2381 1006 2418 dicant
1038 2381 1278 2429 generaliter
1309 2381 1544 2431 indigentes,

298 2538 327 2561 4.
349 2528 378 2563 12:
406 2527 489 2563 quod
506 2531 544 2555 et.
630 2528 657 2555 6.
679 2527 706 2555 1:
733 2528 777 2555 ila
798 2527 893 2555 deest.
979 2535 1004 2560 7.
1026 2528 1070 2555 A:
1089 2528 1222 2564 faciunt
1240 2528 1344 2562 twice;
1371 2528 1411 2555 ib.
1433 2529 1547 2559 inune:

230 2563 273 2591 D:
301 2563 334 2590 id
351 2566 397 2590 est
415 2563 552 2590 inaniter
571 2562 600 2589 in
622 2570 717 2598 marg.
792 2571 820 2598 9.
842 2562 870 2589 1:
898 2565 931 2589 ut
950 2562 1080 2590 videtur.
1161 2571 1201 2593 10,
1224 2571 1258 2591 11.
1278 2563 1307 2590 I:
1334 2572 1425 2599 quam
1445 2564 1544 2591 lmbet.

232 2598 268 2626 13.
290 2599 334 2626 A:
357 2598 408 2625 ubi
425 2597 518 2624 deest.
581 2605 623 2631 14.
644 2598 655 2624 l
670 2597 699 2624 in
716 2605 831 2633 marg:
852 2597 1029 2625 Ele-mesina
1045 2599 1221 2633 corpor-ulis
1234 2598 1342 2633 quihus
1355 2598 1443 2625 debet
1454 2598 1546 2628 dari:

230 2633 254 2660 E
269 2633 297 2660 in
314 2641 427 2667 marg:
451 2632 541 2659 Nota.
616 2640 657 2668 ¹9·
679 2632 704 2659 D
725 2632 755 2659 in
777 2640 873 2666 marg.
888 2631 961 2659 inf.:
982 2632 1158 2660 Elemosina
1179 2633 1356 2668 corporalis
1376 2633 1480 2660 danda
1501 2637 1547 2660 est

229 2676 290 2695 non
312 2667 432 2694 claudis
451 2667 594 2693 divitibus
614 2675 668 2694 nec
687 2667 764 2694 cecis
785 2670 815 2694 et
832 2667 979 2694 debilibus
998 2667 1144 2694 divitibus
1163 2667 1218 2694 sed
1236 2668 1348 2695 talibus
1374 2669 1543 2704 egentibus.

230 2703 271 2729 25.
292 2703 336 2730 A:
364 2710 459 2737 neque
470 2701 600 2736 fratres
619 2704 687 2729 tuos
707 2702 800 2729 deest.
899 2710 942 2728 Υ.
965 2702 1063 2729 ΑἱὶΕε
1093 2704 1206 2734 utfiat.
1298 2702 1342 2730 28.
1364 2703 1393 2730 1:
1420 2704 1476 2730 hoc
1495 2712 1544 2730 ex-

231 2737 314 2764 tinct.
337 2742 391 2764 est.
474 2744 519 2771 29.
542 2736 566 2763 Ι)
588 2736 617 2763 in
640 2744 754 2771 marga
785 2718 943 2771 Quomodo
964 2745 1043 2768 ereo
1063 2736 1178 2764 decime
1196 2740 1289 2764 erunt
1305 2737 1469 2765 elemosiwe
1488 2746 1545 2773 que

231 2771 331 2799 dande
350 2775 422 2799 sunt
439 2771 525 2798 sanis
543 2774 574 2798 et
590 2779 651 2798 non
671 2772 787 2807 egenis.
859 2771 900 2799 35.
922 2772 966 2798 A:
993 2771 1053 2799 isla
1073 2771 1195 2807 triplex.

306 2868 354 2900 13.
382 2867 434 2899 Cf.
461 2868 568 2899 Serm.
596 2867 683 2898 Part.
710 2867 762 2907 III,
789 2877 866 2910 pag.
897 2867 970 2900 500.
1069 2867 1121 2900 25.
1150 2868 1263 2899 Lucae
1289 2868 1376 2908 XIV,
1401 2878 1449 2901 12.

1761 227 1831 264 105

1608 1052 1666 1078 and
1691 1052 1794 1079 follow

1568 1086 1701 1114 Christ‘s
1723 1087 1785 1114 rulc
1805 1087 1835 1114 in

1587 1122 1711 1156 helping
1731 1122 1819 1148 those

1583 1157 1648 1184 that
1669 1165 1719 1184 are
1740 1157 1821 1193 truly

1632 1191 1662 1219 in
1684 1192 1771 1219 need.

1585 1926 1666 1962 Only
1687 1930 1716 1953 ῐο
1738 1927 1812 1953 such

1597 1970 1652 1989 can
1675 1962 1747 1989 sood
1772 1962 1805 1989 be

1573 1996 1660 2031 given
1682 2006 1715 2024 a>
1736 1998 1823 2024 alnis.
