2062 3276
188 253 260 289 108

197 374 226 404 3
216 375 242 395 ‘¹
262 374 434 410 objectiou:

215 410 294 438 This
314 409 418 437 would

213 444 315 472 forbid
337 453 373 472 us
394 449 424 471 to

207 480 275 514 give
295 479 372 506 alms
393 483 423 506 to

209 512 260 542 the
278 514 370 542 friars
391 522 425 541 or

225 549 275 577 the
295 550 406 585 clergy.

238 838 386 866 Answcr:

201 872 270 901 Too
292 874 383 900 much
406 873 430 899 is

208 909 296 942 giren
319 912 348 934 to
369 909 419 934 llic

229 943 337 975 sriars;
359 943 408 969 the

214 978 322 1004 orders
343 986 376 1005 as
397 986 413 1004 a

233 1012 331 1039 whole
352 1021 401 1039 are

242 1047 391 1081 noxious:

769 260 993 292 JOHANNIS
1013 259 1197 291 wrctir
1218 259 1475 291 SERMONUM
1530 245 1681 303 [scium
1704 256 1783 284 xm.

529 367 673 404 Tercio
718 366 891 403 obicitur
935 367 1043 415 quod
1087 365 1194 402 iuxta
1244 365 1361 402 istam
1415 365 1659 403 sentenciam
1705 379 1785 403 non

469 426 560 462 licet
593 427 790 473 prandere
823 425 963 461 fratres
997 425 1056 460 vel
1089 423 1264 460 tribuere
1297 423 1412 460 titulo
1452 424 1670 472 corporalis
1709 425 1785 461 ele-

471 483 622 520 mosine
656 482 907 531 temporalia,
954 482 1056 518 sicut
1089 481 1255 518 ecclesia
1287 481 1362 517 illis
1403 483 1539 528 donat,
1585 482 1680 530 quia
1711 495 1785 519 nec

469 550 561 578 sunt
595 541 744 577 debiles
778 553 945 588 corpore
984 552 1056 576 nec
1102 539 1233 576 claudi
1278 552 1350 576 nec
1396 539 1477 576 ceci
1521 552 1593 576 nec
1637 541 1784 577 habent

470 599 706 648 regulariter
739 598 1009 646 evangelicam
1044 606 1336 645 paupertatem.
1382 599 1430 634 Et
1461 610 1532 646 per
1564 597 1669 634 idem
1702 611 1782 634 non

469 657 579 695 licuit
614 659 708 694 dare
741 656 978 693 elemosinas
1010 656 1108 692 tales
1141 655 1331 703 apostolis
1354 668 1483 704 neque
1507 655 1668 702 curatis,
1693 669 1783 692 cum

469 729 549 752 non
583 715 660 751 sint
694 714 930 763 regulariter
961 714 1059 750 tales
1092 712 1226 749 miseri
1259 726 1303 750 ex
1335 713 1594 750 ordinacione
1619 713 1781 750 Domini

469 786 589 821 super
621 786 711 809 oves
745 785 814 809 sue
847 784 993 820 pascue
1026 771 1209 808 isntituti.

528 831 601 867 Hic
637 831 784 867 dicitur
816 831 923 878 quod
957 839 1038 866 tam
1064 842 1107 865 ex
1130 838 1242 877 parte
1266 829 1434 866 fratrum
1459 842 1580 878 quam
1605 842 1648 866 ex
1671 838 1783 877 parte

468 889 606 938 populi
640 888 806 925 ecclesia
840 897 897 924 est
930 887 970 923 in
1003 887 1079 923 isto
1112 887 1281 923 nimium
1307 887 1536 934 criminosa,
1571 887 1666 935 quia
1689 897 1784 924 tunc

468 960 540 983 nec
575 946 829 983 introduccio
862 946 1030 982 fratrum
1065 958 1136 982 nec
1177 946 1376 994 completa
1419 945 1499 982 vita
1543 958 1682 982 eorum
1728 954 1785 982 est

468 1004 684 1041 fundabilis
717 1017 761 1041 ex
793 1003 1004 1052 scriptura.
1040 1003 1312 1040 Periculosum
1344 1004 1501 1040 videtur
1545 1012 1582 1040 et
1626 1017 1647 1040 a
1693 1016 1786 1040 con-

468 1063 555 1099 silio
589 1062 736 1100 Christi
770 1062 975 1098 dissonum
1009 1062 1106 1097 tales
1139 1071 1266 1098 sectas
1310 1061 1350 1097 in
1395 1061 1561 1098 ecclesia
1594 1063 1784 1107 educare;

469 1133 637 1169 persone
671 1130 805 1157 autem
839 1121 1013 1168 quedam
1048 1121 1095 1155 de
1128 1120 1203 1156 illis
1236 1129 1402 1167 possunt
1437 1133 1519 1156 esse
1565 1120 1700 1156 fideles
1747 1129 1784 1156 et

468 1178 599 1215 devoti
633 1180 701 1215 sed
734 1187 841 1214 secta
873 1190 1013 1214 eorum
1047 1190 1138 1213 cum
1172 1191 1244 1214 suo
1284 1179 1403 1214 modo
1444 1186 1649 1214 contracto
1693 1187 1782 1225 post

468 1236 639 1285 primam
674 1236 956 1272 fundacionem
992 1235 1146 1271 videtur
1178 1248 1316 1283 sapere
1349 1245 1559 1283 peccatum
1599 1245 1635 1272 et
1674 1248 1785 1272 ener-

468 1294 675 1331 vacionem
701 1293 876 1331 ecclesie.
913 1295 1046 1329 Potest
1070 1293 1174 1329 enim
1200 1306 1282 1329 esse
1306 1295 1415 1341 quod
1439 1295 1629 1330 excedant
1652 1295 1785 1341 quoad

468 1352 777 1401 proporcionem
832 1350 1013 1393 ecclesie,
1079 1353 1213 1398 quoad
1265 1351 1567 1388 ordinacionem
1622 1351 1693 1387 Dei
1746 1351 1785 1387 in

468 1423 637 1446 numero
671 1419 707 1446 et
742 1422 942 1455 mensura,
989 1418 1118 1472 potest
1152 1422 1234 1445 esse
1267 1411 1443 1446 secundo
1476 1410 1583 1458 quod
1629 1410 1785 1446 defrau-

468 1470 561 1505 dent
595 1467 801 1504 ecclesiam
836 1479 1054 1515 pauperem
1089 1467 1128 1503 in
1161 1467 1409 1515 sumptuosis
1443 1467 1607 1503 edificiis
1653 1476 1689 1503 et
1723 1480 1782 1503 ex-

467 1526 619 1575 pensis3
654 1535 690 1562 et
723 1534 853 1573 potest
886 1538 969 1561 esse
1002 1524 1126 1561 tercio
1159 1526 1267 1573 quod
1300 1534 1465 1573 propter
1487 1534 1651 1573 questus
1675 1525 1785 1573 cupi-

468 1585 600 1620 dinem
665 1584 900 1620 defraudent
963 1582 1171 1619 ecclesiam
1224 1583 1467 1631 simplicium
1522 1583 1561 1619 in
1620 1583 1784 1620 xeritate

467 1656 509 1679 ex
515 1642 658 1690 angelii
692 1650 826 1690 preter
858 1641 934 1678 alia
968 1640 1123 1689 privata
1155 1650 1319 1689 peccata
1353 1654 1429 1689 que
1463 1649 1695 1689 perpetrant
1734 1642 1783 1677 ad

468 1702 689 1748 dampnum
737 1699 865 1735 tocius
910 1698 1074 1735 ecclesie
1118 1698 1340 1742 militantis,
1394 1698 1449 1735 sic
1495 1700 1603 1747 quod
1650 1699 1784 1735 multis

468 1758 648 1807 personis
682 1767 739 1794 est
780 1757 938 1793 evidens
984 1758 1091 1805 quod
1138 1766 1277 1793 contra
1321 1757 1568 1805 evangelium
1601 1756 1782 1804 Apostoli

469 1825 560 1853 sunt
593 1815 757 1852 ecclesie
791 1815 963 1851 onerosi.
1011 1816 1097 1860 Que
1143 1827 1236 1862 ergo
1283 1814 1501 1851 elemosina
1545 1815 1645 1851 foret
1690 1815 1784 1851 talia

468 1874 690 1910 meridiana
724 1872 913 1909 demonia
947 1873 1142 1908 educare?
1195 1875 1283 1909 Non
1318 1886 1411 1920 ergo
1451 1881 1654 1920 spargeret
1696 1872 1783 1920 quis

468 1945 581 1968 suam
615 1931 875 1968 elemosinam
910 1930 948 1966 in
982 1930 1172 1978 ambiguo
1206 1930 1245 1966 in
1279 1940 1406 1967 sectas
1437 1930 1680 1973 huiusmodi,
1714 1930 1782 1966 ubi

468 1999 600 2038 posset
638 1989 798 2026 aliunde
838 2001 881 2025 ex
920 1988 1124 2035 evangelio
1168 2001 1252 2024 esse
1295 1997 1440 2035 certus,
1487 1988 1580 2036 quia
1624 2000 1668 2024 ex
1707 1988 1783 2024 fide

468 2048 508 2084 in
555 2061 633 2096 qua
681 2055 815 2083 errant
861 2046 993 2083 cuncti
1038 2055 1249 2094 peccantes
1302 2056 1440 2094 peccat
1493 2045 1664 2094 graviter
1716 2046 1783 2094 qui

469 2107 625 2142 duobus
656 2104 770 2141 bonis
794 2104 1009 2152 propositis
1033 2104 1170 2140 anxius
1195 2104 1302 2152 eligit
1326 2104 1458 2140 minus
1483 2105 1647 2140 bonum.
1682 2106 1782 2140 Nam

468 2163 622 2200 facilius
668 2172 705 2199 et
750 2161 1034 2198 consolabilius
1079 2171 1135 2198 est
1181 2163 1280 2198 bene
1327 2163 1456 2198 facere
1501 2174 1621 2210 quam
1667 2162 1782 2208 male,

469 2235 559 2258 cum
594 2223 699 2257 Deus
732 2220 907 2268 primum
942 2219 1051 2256 ducit
1084 2229 1119 2255 et
1161 2219 1322 2256 adiuvat
1362 2229 1398 2256 et
1436 2220 1657 2256 secundum
1692 2232 1782 2255 cum

469 2278 603 2315 multis
636 2277 934 2326 impedimentis
969 2277 1054 2314 aliis
1089 2277 1340 2323 contradicit,
1387 2287 1423 2314 et
1469 2277 1523 2313 sic
1557 2277 1783 2314 necessitati

468 2337 598 2373 forent
632 2337 773 2373 fratres
806 2335 1012 2372 intendere
1047 2335 1223 2372 manuali
1256 2335 1448 2372 laboricio
1488 2335 1589 2371 sicut
1624 2336 1814 2381 Paulus‚l'

469 2404 506 2431 et
547 2408 627 2431 non
668 2395 797 2430 forent
837 2393 1042 2430 ecclesiam
1077 2395 1210 2441 quoad
1250 2393 1496 2430 sterilitatem
1537 2402 1573 2429 et
1612 2393 1688 2430 alia
1726 2393 1784 2429 in-

469 2454 683 2489 commoda
716 2452 848 2488 taliter
882 2460 1155 2500 aggravantes.

539 2571 558 2590 1.
574 2563 628 2590 ΑΕ
649 2563 678 2589 in
701 2571 796 2601 niaig.
808 2572 813 2578 ·
839 2563 979 2590 Obieccio
1001 2562 1051 2589 «Ε,
1073 2562 1186 2596 tercia).
1261 2562 1284 2590 5
1307 2562 1333 2589 1:
1356 2569 1390 2588 ι)
1393 2561 1522 2597 effugari.
1596 2562 1623 2587 13.
1646 2561 1713 2588 DE.
1735 2569 1784 2588 cu-

470 2606 485 2624 ι
487 2606 553 2624 ire.
617 2606 644 2632 9
661 2597 733 2624 Ain
750 2606 845 2632 mawg
857 2607 862 2612 ·
857 2597 1018 2636 I.'e.x·p011
1014 2598 1073 2627 in·
1093 2597 1116 2624 Ε
1133 2597 1160 2624 iu
1179 2605 1274 2631 ming.
1287 2606 1291 2611 ·
1313 2582 1474 2652 8011ιεὶοἶ
1515 2604 1554 2623 10.
1570 2596 1623 2622 DE
1634 2605 1638 2622 :
1661 2597 1783 2623 multum

468 2632 655 2660 cfzminosz:
682 2632 721 2659 ib
744 2632 920 2667 Dlil:q1111
943 2640 1016 2658 c.um
1123 2631 1217 2658 .DE:
1246 2639 1283 2658 er
1303 2631 1374 2658 illis.
1480 2631 1547 2657 .l):
1571 2633 1669 2659 sicle:
1695 2630 1734 2657 ib.
1756 2633 1784 2657 e!

468 2670 557 2694 contr
559 2670 660 2721 ‘.gwloo
713 2675 751 2701 17-
768 2666 811 2693 Ε”
807 2675 834 2693 111
852 2675 889 2693 m·
885 2675 965 2701 ιΓςΑ
988 2666 1030 2693 Fr
1031 2640 1118 2693 ztrix
1136 2674 1228 2692 ι’)’ἠωι
1231 2669 1288 2692 int
1306 2630 1483 2697 ι”σσίθειαιξιῖ
1503 2665 1543 2692 ib.
1559 2666 1603 2692 A:
1625 2665 1703 2692 enim
1718 2673 1784 2691 esse

469 2701 562 2728 deest.
667 2701 715 2727 .I:
737 2701 813 2742 simp
817 2702 912 2728 licffem
977 2708 1023 2733 24
1104 2700 1357 2735 ivnspnacmmm
1371 2700 1505 2727 ecclevst
1570 2699 1614 2726 26.
1636 2700 1785 2741 1:1·'·g1tu›

470 2740 508 2762 «et
530 2708 669 2774 passimi.
744 2734 788 2761 30.
812 2735 851 2762 D:
873 2738 997 2767 cuncte·
1022 2735 1062 2762 ib
1085 2736 1261 2770 A1pecc1t
1281 2732 1699 2770 deest311pecc7nt.3.1
1722 2734 1780 2761 AI:

463 2770 762 2805 μ’ᾞνορονσιοιιήιίρκ)
835 2769 881 2803 34
904 2770 972 2797 DE:
994 2769 1159 2804 impeiitis.

540 2829 592 2861 25.
624 2830 662 2860 II.
690 2830 769 2860 Cor.
795 2830 849 2870 XI,
875 2840 906 2872 9.
1066 2830 1118 2862 30.
1150 2830 1249 2861 Decr.
1281 2839 1358 2871 pars
1385 2829 1438 2869 ΙΙΙ,
1466 2829 1541 2860 dist.
1560 2829 1600 2868 V,
1635 2838 1708 2870 cap.
1738 2828 1778 2860 25

468 2875 548 2908 Non
577 2875 818 2909 mediocriter.

1800 599 1816 631 5

1804 900 1842 921 10

1804 1180 1840 1212 15

1801 2050 1842 2081 30
