2062 3276
241 266 376 293 sisinio
398 254 522 311 xxxi]
723 267 912 306 QUARTA
944 266 1067 297 mas.

241 375 341 411 sima
376 374 495 422 igitur
529 383 585 410 est
619 373 747 421 gloria
780 372 922 415 laudis,
958 371 1020 408 cui
1046 380 1197 419 quanto
1221 371 1309 419 quis
1343 371 1554 407 ardencius

242 432 425 469 innititur
469 441 585 468 tanto
630 430 831 468 abieccius
866 439 902 466 et
936 428 1213 466 confusibilius
1259 428 1441 465 deicitur.
1489 431 1556 465 Est

242 491 368 528 eciam
403 502 561 526 summe
595 490 725 527 fallax.
761 488 854 536 quia
887 488 987 524 tales
1011 488 1178 523 dicentes
1200 499 1240 523 se
1262 498 1342 523 esse
1364 487 1557 536 sapientes

241 549 351 584 stulti
369 549 477 597 facti
507 555 606 584 sunt.
640 559 682 583 eo
705 547 807 595 quod
840 553 1084 582 mutaverunt
1117 545 1288 595 gloriam
1323 545 1556 594 incorrupti-

210 607 326 643 §bilis
361 607 435 642 Dei
465 606 500 641 in
532 605 820 641 similitudinem
854 604 1036 654 imaginis
1075 601 1340 652 corruptibilis
1379 603 1554 638 hominis.

153 761 228 791 1:01,

147 804 228 840 'finib

191 909 228 930 10

192 1189 226 1220 15

243 667 290 700 Et
323 664 487 700 indubie
521 665 592 699 hec
626 672 683 699 est
716 661 920 711 sapiencia
954 671 1112 698 terrena
1146 669 1182 696 et
1216 673 1286 708 per
1310 672 1558 709 consequens

243 721 457 759 diabolica.
505 723 591 766 Que
624 733 748 769 queso
784 720 909 767 magis
950 719 1151 756 diabolica
1190 718 1393 767 sapiencia
1434 731 1554 767 quam

245 781 436 816 honorem
485 778 693 827 proprium
725 775 729 831 Ι
759 777 901 815 honori
947 777 1081 813 divino
1127 789 1351 825 preponere
1391 785 1427 813 et
1460 778 1555 812 dare

247 838 500 875 occasionem
550 837 819 873 extraneando
868 845 904 872 et
952 848 992 872 se
1040 835 1170 884 ipsum
1226 835 1436 871 exaltando
1489 847 1559 882 per

242 896 410 944 grandia
443 897 562 932 verba
596 904 632 931 et
666 894 907 943 composita,
940 906 989 930 ne
1022 893 1225 941 simplices
1264 894 1437 929 audeant
1472 905 1559 941 pre-

244 954 402 990 dicare?
448 956 536 990 Non
582 953 746 989 dubium
795 952 891 1001 quin
931 952 1006 988 ista
1045 950 1248 999 sapiencia
1288 950 1338 987 sit
1376 963 1559 999 expresse

244 1012 404 1049 caritati
438 1011 643 1049 contraria
677 1020 713 1047 et
746 1023 817 1059 per
850 1022 1098 1058 consequens
1133 1021 1241 1046 mere
1274 1009 1485 1046 diabolica.

302 1071 490 1107 Secundo
537 1078 670 1106 movet
716 1068 920 1117 predictos
964 1067 1137 1104 inaniter
1181 1067 1399 1116 gloriantes
1450 1068 1558 1115 quod

244 1129 291 1164 de
325 1129 410 1177 lege
442 1137 585 1165 nature
618 1128 747 1164 forma
786 1139 946 1175 semper
983 1125 1337 1175 proporcionanda
1378 1134 1435 1161 est
1475 1124 1558 1161 eius

245 1184 422 1225 materie.
458 1188 559 1224 Cum
585 1199 678 1234 ergo
709 1185 877 1222 materia
910 1184 1137 1232 theologica
1170 1184 1218 1220 sit
1252 1183 1558 1231 perfectissima,

245 1257 492 1293 consequens
526 1253 583 1281 est
616 1245 723 1293 quod
757 1244 885 1280 forma
920 1242 1170 1279 nobilissima
1211 1251 1247 1278 et
1286 1241 1559 1290 pulcherrima

244 1302 293 1338 sit
326 1302 401 1339 sibi
435 1303 661 1339 tribuenda.
708 1303 785 1338 Sed
819 1301 1047 1338 huiusmodi
1082 1309 1139 1337 est
1179 1301 1289 1337 color
1334 1299 1559 1336 rethoricus

245 1369 282 1396 et
328 1361 566 1409 colligancia
610 1359 817 1406 rithmica3
863 1360 918 1396 sic
959 1359 1063 1395 enim
1109 1360 1330 1395 secundum
1376 1367 1561 1395 auctores

245 1419 480 1467 eloquencia
502 1419 659 1467 perficit
683 1417 944 1466 sapienciam.
978 1418 1056 1453 Sed
1080 1417 1136 1453 sic
1159 1426 1370 1465 arguentes
1393 1424 1561 1465 peccant

244 1477 418 1525 graviter
462 1486 544 1514 tam
578 1476 616 1513 in
663 1475 830 1513 materia
875 1489 995 1525 quam
1037 1475 1076 1511 in
1115 1475 1256 1511 forma.
1312 1477 1353 1511 In
1394 1473 1561 1511 materia

245 1534 422 1583 quidem,
458 1535 551 1584 quia
585 1543 794 1572 assumunt
828 1536 936 1582 quod
970 1534 1098 1570 forma
1131 1532 1333 1582 sapiencie
1366 1532 1415 1569 sit
1448 1533 1560 1580 lepor

244 1595 472 1640 verborum,
513 1602 549 1630 et
583 1593 638 1630 sic
678 1593 717 1628 in
758 1605 798 1629 re
838 1593 967 1629 dicunt
1005 1593 1142 1628 bonum
1182 1592 1325 1627 malum
1366 1599 1400 1627 et
1439 1591 1560 1627 lucem

246 1652 435 1695 tenebras,
479 1653 547 1688 sed
596 1652 719 1700 (quod
760 1651 872 1699 peius
912 1651 985 1699 est)
1033 1652 1127 1686 dum
1175 1648 1461 1686 declamatorie
1506 1648 1561 1684 sic

246 1711 466 1758 loquuntur
509 1709 754 1758 sapienciam
801 1721 877 1757 que
922 1721 965 1745 ex
1011 1709 1096 1745 solo
1141 1710 1224 1744 Deo
1269 1717 1339 1753 est,
1387 1708 1559 1744 formam

214 1768 517 1804 §meretriciam
552 1768 722 1804 induunt
756 1767 916 1803 sibimet
949 1767 1196 1815 usurpando.
1231 1767 1291 1802 Ad
1324 1778 1444 1814 quan]
1476 1764 1562 1814 qui-

246 1828 335 1862 dem
360 1825 633 1862 induicionem
659 1834 716 1862 est
740 1826 853 1862 labor
876 1825 916 1861 in
941 1824 1097 1861 curiose
1121 1825 1416 1872 componendo,
1450 1823 1562 1860 labor

246 1884 286 1920 in
309 1884 516 1932 pueriliter
540 1884 771 1932 repetendo,
798 1892 834 1919 et
858 1884 971 1920 labor
994 1883 1032 1919 in
1057 1882 1282 1930 composite
1305 1882 1561 1930 proferendo.

247 1944 294 1978 Et
328 1942 366 1978 in
400 1942 588 1978 omnibus
628 1941 713 1978 istis
753 1950 919 1990 propter
959 1940 1187 1978 carenciam
1229 1940 1381 1976 fructus
1420 1949 1457 1976 et
1496 1952 1562 1987 ag-

246 2000 528 2048 gravacionem
576 2000 736 2036 sceleris
777 2009 834 2036 est
876 1999 1024 2036 vanitas
1072 1999 1282 2034 vanitatum
1322 2006 1357 2034 et
1394 1997 1562 2048 affliccio

189 2061 205 2093 ‘J
245 2058 416 2108 spiritns.
471 2057 747 2106 Respiciamus
794 2070 887 2105 ergo
926 2058 975 2094 ad
1016 2058 1187 2093 formam
1235 2069 1313 2105 qua
1358 2055 1562 2104 sapiencia

245 2116 473 2165 theologica
498 2129 519 2153 a
542 2116 690 2152 nostris
715 2115 949 2152 auctoribus
973 2125 1030 2152 est
1055 2115 1208 2151 induta.
1239 2117 1287 2151 Et
1310 2114 1435 2151 instar
1458 2113 1563 2150 illius

246 2183 483 2224 coaptemus
517 2176 689 2212 formam
713 2175 927 2211 verborum
953 2187 1043 2210 cum
1069 2173 1165 2222 ipsis
1190 2171 1562 2212 exhortacionibus:

247 2235 301 2269 Ha
335 2234 384 2270 ad
417 2234 510 2270 Cor.
545 2235 611 2277 110,
653 2246 697 2281 17
733 2232 871 2269 scribit
904 2232 1142 2280 Apostolus:
1177 2231 1268 2269 Non
1301 2231 1398 2268 enim
1431 2242 1563 2267 sumus

246 2291 343 2327 sicut
370 2291 537 2340 plurimi
565 2292 831 2327 adulterantes
864 2291 1021 2327 verbum
1056 2290 1144 2334 Dei,
1176 2291 1245 2326 sed
1276 2290 1311 2325 in
1343 2289 1564 2326 sinceritate

191 2350 230 2383 35
247 2350 343 2385 sicut
387 2361 439 2386 ex
476 2350 559 2386 Deo
605 2362 736 2385 coram
784 2350 868 2385 Deo
914 2349 949 2384 in
994 2349 1150 2384 Christo
1196 2348 1402 2397 loquimur.
1456 2346 1560 2392 Quid

247 2411 375 2455 (rogo)
421 2416 477 2443 est
521 2407 819 2455 predicatorem
867 2407 1098 2443 adulterare
1143 2407 1307 2443 verbum
1355 2404 1440 2451 Dei,
1486 2404 1561 2441 nisi

248 2464 486 2502 involvendo
511 2465 640 2514 ipsum
665 2465 705 2501 in
728 2465 856 2514 peplis
881 2474 917 2501 et
941 2464 1028 2501 aliis
1052 2463 1302 2501 ornamentis
1326 2462 1562 2500 meretriciis

319 2608 338 2627 1.
360 2599 404 2627 Ητ
424 2608 514 2635 ergo.
577 2598 601 2626 3.
623 2600 666 2627 A:
688 2607 801 2627 summe
820 2600 916 2627 deest.
981 2608 1001 2632 ι.
1023 2599 1170 2634 Azsacli
1187 2598 1285 2625 twice.
1344 2606 1376 2624 11.
1397 2597 1501 2624 ADG:
1524 2598 1563 2624 sit

248 2634 342 2661 deest.
400 2632 437 2665 13.
453 2643 495 2666 14.
511 2635 555 2662 A:
577 2634 781 2670 quodsorma
796 2633 1076 2670 proporcionanda
1097 2636 1151 2660 est.
1209 2632 1244 2660 15.
1261 2632 1333 2660 DG:
1358 2633 1430 2660 Cum
1451 2632 1561 2666 igilur.

249 2677 287 2704 ¹7-
310 2670 352 2696 D:
373 2670 458 2696 modi
476 2670 570 2711 deest.
638 2677 682 2702 22,
698 2668 741 2696 23.
757 2669 830 2697 Db:
851 2672 960 2696 bonum
982 2669 1093 2695 malum
1113 2671 1141 2695 et
1160 2668 1270 2695 malum
1290 2667 1400 2695 bonum
1420 2670 1450 2694 et
1468 2667 1562 2694 lucem

247 2704 397 2731 tenebras.
488 2712 529 2731 3).
551 2705 595 2731 A:
621 2704 690 2731 dum
710 2703 790 2731 dum.
882 2712 928 2738 24.
951 2705 992 2731 A:
1023 2703 1169 2738 loquitur.
1260 2702 1302 2730 25.
1323 2702 1365 2729 D:
1393 2701 1561 2729 metricam.

247 2746 291 2774 27.
309 2738 351 2766 Η;
373 2739 554 2774 referendo.
611 2737 657 2766 30.
680 2739 752 2766 DG:
775 2739 883 2775 igitur.
940 2737 979 2765 31.
997 2738 1039 2765 l-l:
1062 2737 1185 2765 inducta
1194 2747 1206 2771 ;
1224 2737 1264 2764 ib.
1281 2738 1325 2765 Η;
1347 2737 1429 2764 illius
1448 2739 1561 2764 autem.

248 2773 289 2800 1³2.
311 2774 383 2801 DG:
410 2774 536 2807 forma:
561 2774 599 2800 ib.
622 2775 665 2801 A:
693 2774 723 2800 in
743 2774 827 2809 ipsis.
965 2771 1006 2800 323.
1030 2773 1102 2800 lm:
1129 2772 1172 2799 ad
1195 2772 1296 2803 deest:
1324 2772 1364 2799 ib.
1386 2771 1430 2799 G:
1457 2771 1561 2798 simus.

248 2807 288 2835 1³5.
305 2804 410 2836 AnG':
432 2816 535 2836 coram
551 2809 591 2835 in.
648 2808 694 2836 36.
713 2808 754 2835 b:
771 2808 991 2844 predicatore:
1013 2808 1055 2835 H:
1075 2808 1252 2843 predicare.
1308 2806 1352 2842 37.
1369 2807 1411 2834 D:
1434 2807 1463 2833 1¹11
1479 2806 1561 2833 aliis,

319 2894 347 2926 24.
375 2892 476 2923 Rom.
504 2892 525 2928 J,
555 2901 606 2931 22,
628 2894 680 2924 23.
779 2901 830 2922 22.
858 2892 897 2923 Is.
918 2893 957 2927 V,
987 2902 1038 2922 πω.
1137 2900 1189 2933 21).
1217 2890 1329 2922 Eccle.
1358 2891 1379 2927 Ι,
1409 2900 1438 2923 2,
1466 2890 1487 2922 Ι,
1514 2900 1561 2929 14·

1765 265 1783 290 KQ

1793 257 1841 302 67

1654 1074 1774 1102 Second

1650 1116 1776 1136 excuse:

1603 1178 1722 1205 Theolo
1747 1187 1763 1213 y
1786 1188 1818 1204 a>

1592 1214 1641 1240 the
1663 1213 1723 1240 nob
1738 1217 1781 1240 est
1802 1213 1836 1239 οἵ

1581 1247 1715 1282 subiects
1737 1248 1842 1274 merits

1616 1283 1665 1310 the
1687 1283 1807 1309 noblest

1660 1318 1768 1345 forms.
