2062 3276
211 244 347 273 smnio
368 233 422 291 v.]
688 244 878 284 QUARTA
909 244 1034 276 PARS.

496 351 695 388 Trinitatis
727 351 794 387 sub
828 351 1028 400 exemplo:

556 410 700 449 Ymma,
733 421 896 455 smnma,
930 409 1066 444 media.

489 468 623 504 Prima
657 468 787 517 signat
822 467 926 503 vivos
959 474 1127 504 cunctos.

488 527 540 562 Et
571 525 737 562 secunda
771 525 845 560 iam
882 525 1096 574 defunctos,

179 591 194 622 5
545 583 754 620 Redivivos
786 583 916 619 tercia.

271 645 413 680 Pacem
448 650 584 678 autem
620 640 785 678 ecclesie
818 641 992 677 secunde
1026 649 1062 676 et
1095 639 1217 676 tercie
1257 639 1524 687 supponimus

212 714 284 750 pro
318 702 394 737 hoc
426 701 517 736 loco
551 709 588 736 et
621 701 668 736 de
701 711 799 747 pace
834 697 1044 735 militantis
1078 697 1242 734 ecclesie
1282 697 1433 746 aliquid
1468 707 1524 734 est

211 759 440 796 dicendum.
475 757 668 805 Arguitur
702 770 795 805 ergo
829 756 1040 805 tripliciter
1064 757 1172 804 quod
1196 755 1363 792 ecclesia
1396 755 1522 793 eciam

212 817 387 853 militans
426 825 609 853 securata
644 828 686 852 ex
721 815 797 851 fide
830 815 1028 863 scripture
1060 827 1180 862 supra
1216 815 1397 850 membra
1432 815 1524 862 dya-

159 875 291 912 10boli
325 884 382 911 est
415 874 454 910 in
495 886 613 922 pace3
654 872 786 921 primo
827 885 897 921 per
931 872 1030 909 illud
1061 873 1148 910 Joh.
1180 873 1319 918 XV110‚
1361 885 1422 919 11,
1456 871 1523 908 ubi

211 932 393 970 Christus
438 932 602 968 indubie
646 940 735 967 orat
777 944 848 979 pro
887 944 958 967 sua
1004 929 1185 977 ecclesia,
1232 937 1271 966 ut
1302 930 1376 966 sint
1409 943 1523 965 unum

209 992 306 1028 sicut
333 998 450 1040 pater
482 998 516 1026 et
549 991 627 1039 ipse
662 1002 776 1025 urium
810 997 916 1031 sunt,-
960 988 1026 1025 ubi
1066 997 1176 1037 patet
1216 989 1324 1036 quod
1365 997 1525 1036 oportet

211 1049 416 1086 Christum
452 1047 630 1085 exaudiri
664 1060 738 1095 pro
777 1060 848 1084 sua
883 1046 1126 1094 reverencia,
1165 1047 1260 1082 dum
1300 1045 1356 1082 sic
1397 1046 1525 1082 racio-

210 1106 396 1144 nabiliter
429 1115 518 1143 orat
551 1119 624 1154 pro
648 1119 796 1153 sponsa
821 1118 905 1143 sua.
941 1105 1116 1142 Ecclesia
1143 1103 1248 1141 enim
1274 1103 1421 1141 Christi
1445 1117 1525 1140 non

157 1166 340 1202 15solum
383 1174 440 1201 est
480 1177 558 1201 una
599 1176 769 1212 persona
810 1163 913 1200 sicut
951 1172 1065 1211 pater
1105 1172 1142 1200 et
1185 1162 1270 1211 ipse
1308 1171 1402 1199 sunt
1445 1176 1525 1198 una

211 1222 442 1260 substancia
475 1223 536 1259 vel
567 1231 726 1269 natura,
760 1222 828 1258 sed
852 1221 1039 1258 divinitas
1069 1221 1109 1258 in
1132 1220 1292 1258 Christo
1316 1233 1362 1257 ac
1385 1221 1526 1257 huma-

211 1281 314 1318 nitas
347 1294 418 1318 sua
457 1290 550 1317 sunt
593 1293 673 1317 una
712 1293 899 1328 persona,
951 1279 1053 1316 sicut
1094 1292 1164 1328 per
1196 1278 1523 1315 incarnacionem

212 1341 331 1376 habet
368 1352 491 1376 unam
533 1338 745 1375 ecclesiam
789 1351 979 1386 sponsam
1020 1350 1148 1380 suam,
1191 1346 1228 1374 et
1260 1337 1316 1373 sic
1359 1337 1526 1374 ecclesia

211 1407 268 1434 est
302 1410 382 1434 una
415 1397 569 1434 unitate
603 1396 784 1433 caritatis
818 1395 1178 1444 predestinacionis
1212 1404 1249 1432 et
1272 1394 1428 1432 unitate
1451 1395 1526 1431 vir-

154 1455 305 1492 2‹›tutis
339 1455 502 1503 regitive
535 1468 606 1503 per
638 1464 768 1491 totum
812 1467 958 1502 corpus
998 1453 1163 1491 ecclesie
1202 1452 1527 1490 indefectibiliter

210 1513 426 1550 influentis.
482 1515 597 1550 Unde
641 1512 681 1549 in
727 1512 927 1561 principio
973 1511 1137 1561 capituli
1182 1513 1270 1548 Joh.
1316 1512 1418 1547 XVII
1471 1511 1527 1547 sic

211 1573 400 1609 habetur:
441 1572 547 1608 Sicut
581 1571 720 1607 dedisti
750 1571 796 1615 ei:
831 1572 906 1607 hoc
940 1579 1009 1616 est,
1044 1580 1085 1606 tu
1118 1579 1233 1618 pater
1266 1569 1410 1606 dedisti
1444 1569 1526 1605 filio

205 1637 434 1680 potestatem
470 1630 592 1665 omnis
625 1629 768 1675 carnis,
801 1637 840 1665 ut
873 1641 983 1665 omne
1015 1629 1116 1678 quod
1139 1628 1280 1664 dedisti
1310 1628 1344 1663 ei
1367 1628 1429 1663 det
1451 1628 1527 1663 illis

212 1689 326 1724 vitam
369 1695 554 1731 eternam,
598 1687 665 1724 ubi
711 1687 891 1736 loquitur
934 1687 1098 1723 indubie
1141 1687 1189 1722 de
1232 1685 1401 1722 dacione
1447 1698 1526 1734 qua

155 1752 193 1783 25
212 1755 324 1794 pater
357 1747 425 1782 dat
457 1745 540 1782 filio
574 1745 794 1792 hominem,
828 1754 872 1781 ut
905 1744 955 1781 sit
994 1744 1257 1793 spiritualiter
1296 1745 1524 1780 membrum

211 1817 350 1850 suum;
383 1817 477 1841 nam
513 1817 603 1841 cum
637 1813 751 1852 pater
784 1804 851 1840 dat
885 1802 940 1840 sic
974 1802 1056 1839 filio
1091 1812 1300 1851 tamquam
1334 1815 1524 1850 sponsam

211 1864 278 1899 dat
310 1861 384 1898 sibi
417 1862 688 1910 singulariter,
722 1861 778 1898 sic
808 1862 916 1910 quod
940 1870 1100 1909 oportet
1125 1860 1329 1897 Christum
1365 1872 1409 1896 ex
1441 1861 1526 1908 lege

213 1920 346 1968 gracie
380 1921 475 1957 dare
509 1919 672 1957 cuilibet
705 1919 774 1956 tali
807 1919 1112 1956 beatitudinem.

268 1981 381 2024 Item,
416 1981 448 2015 1³
476 1979 563 2015 Joh.
599 1980 664 2023 110,
706 1990 766 2025 19,
808 1977 863 2014 sic
896 1977 1102 2014 scribitur:
1143 1977 1211 2013 Ex
1248 1976 1354 2012 nobis
1386 1976 1523 2026 prodi-

155 2043 196 2074 ’ἆυ
210 2044 335 2081 erunt,
367 2037 435 2072 sed
466 2049 538 2072 non
572 2044 681 2072 erant
714 2048 764 2072 ex
796 2036 914 2080 nohis,
948 2049 1034 2072 nam
1067 2035 1293 2084 sifuissent
1325 2047 1375 2071 ex
1407 2035 1525 2079 nobis,

205 2094 510 2144 permansissent
559 2095 684 2143 utique
730 2094 944 2139 nobiscum;
999 2093 1068 2130 ubi
1118 2102 1259 2130 notum
1308 2102 1365 2129 est
1417 2094 1524 2141 quod

211 2152 469 2201 Evangelista
502 2152 684 2201 loquitur
718 2153 764 2189 de
798 2151 980 2200 prescitis
1004 2151 1107 2188 inter
1132 2152 1314 2188 membra
1339 2150 1525 2196 ecclesie3

212 2220 248 2247 et
282 2219 513 2248 constanter
546 2210 688 2247 asserit
721 2211 842 2259 quod,
877 2210 908 2247 si
941 2209 1108 2247 fuissent
1142 2222 1185 2246 ex
1219 2209 1401 2255 ecclesia,
1436 2222 1525 2257 per-

213 2269 453 2306 mansissent
497 2268 606 2305 finali
650 2268 956 2316 perseverancia
1001 2267 1040 2304 in
1089 2267 1256 2305 caritate
1304 2280 1393 2304 cum
1444 2267 1524 2304 illa.

156 2332 196 2366 35
213 2328 327 2364 Unde
368 2329 401 2363 1³
425 2328 512 2365 Joh.
548 2329 632 2373 1110,
669 2339 690 2374 9
732 2326 788 2363 sic
821 2328 1011 2363 habetur:
1058 2326 1191 2362 Omnis
1229 2326 1293 2375 qui
1329 2333 1440 2362 natus
1473 2333 1526 2361 est

212 2397 262 2421 ex
292 2384 378 2422 Deo
406 2392 609 2435 peccatum
645 2398 716 2421 non
739 2385 857 2434 facit,
896 2385 1073 2434 quoniam
1106 2396 1231 2420 semen
1265 2384 1382 2434 ipsius
1415 2384 1450 2420 in
1484 2396 1526 2420 eo

280 2528 305 2557 3.
321 2529 389 2557 DE:
416 2528 517 2556 Ymma
533 2537 630 2564 pars,-
649 2530 677 2557 I:
704 2529 805 2557 Ymma
819 2530 948 2565 signat:
967 2530 1010 2557 A:
1033 2528 1136 2556 Prima
1152 2537 1230 2564 pars
1249 2529 1365 2565 signat.
1387 2528 1526 2557 Correxi.

211 2565 240 2591 δ.
266 2565 296 2592 I:
326 2564 448 2600 igitur‚·
477 2564 516 2591 ib.
544 2564 568 2591 E
597 2564 626 2592 in
657 2573 770 2600 marg:
801 2564 940 2592 Ecclesia
966 2564 1102 2591 militans
1128 2567 1172 2591 est
1198 2564 1229 2591 in
1252 2572 1342 2599 pace.
1374 2563 1527 2591 Probatur

211 2599 395 2634 lrz'plicitem·
420 2599 432 2626 I
452 2599 482 2626 in
504 2607 618 2633 marg:
638 2598 807 2627 Ecclesiam
827 2599 1009 2627 militantem
1029 2607 1096 2626 esse
1115 2600 1144 2626 in
1161 2607 1239 2634 pace
1253 2599 1409 2634 probatur
1428 2599 1526 2633 tripli-

211 2634 297 2661 citer.
371 2632 408 2661 13.
433 2633 584 2661 Christum
593 2643 603 2665 ‚·
621 2635 668 2661 A:
688 2641 747 2661 exm
768 2645 799 2660 =
820 2635 998 2670 exemplum.
1075 2633 1112 2661 18.
1135 2634 1177 2661 D:
1199 2634 1358 2661 ecclesiam
1377 2634 1406 2660 in
1430 2641 1526 2672 marg.

213 2673 265 2695 not
284 2668 314 2696 in
336 2672 437 2696 textu:
464 2668 489 2696 E
508 2669 538 2696 in
560 2677 675 2704 marg:
702 2668 842 2697 Ecclesia
861 2672 970 2696 sancta
990 2672 1035 2696 est
1055 2677 1136 2699 una:
1162 2669 1173 2696 I
1194 2669 1223 2696 in
1246 2676 1361 2703 marg.:
1387 2667 1525 2696 Ecclesia

212 2703 377 2739 tripliciter
395 2702 509 2730 dicitur
529 2711 600 2730 una.
693 2712 739 2737 24.
761 2704 831 2731 DE:
861 2704 898 2731 de
918 2704 1092 2731 dotacione.
1189 2704 1234 2731 26.
1257 2703 1301 2730 D:
1330 2711 1400 2730 nam
1420 2710 1528 2738 quem:

211 2738 240 2765 I:
270 2746 340 2765 nam
366 2738 496 2774 quedam
519 2741 620 2773 pater.
763 2746 810 2774 29.
831 2740 876 2766 A:
907 2737 1063 2766 Exierunt
1086 2746 1143 2767 ex:
1172 2738 1211 2765 ib.
1239 2739 1267 2766 A
1293 2738 1323 2765 in
1352 2746 1466 2773 marg:
1497 2745 1525 2764 κ.

212 2771 258 2807 34.
280 2773 348 2800 DE:
367 2772 466 2807 finali
478 2774 716 2808 perseverancia
737 2773 831 2801 deest.

284 2877 336 2900 21.
360 2866 439 2901 Joh.
465 2867 567 2907 XVII,
596 2877 625 2901 2.

1575 645 1642 674 The
1664 648 1777 674 chureii

1591 681 1721 708 militant
1743 682 1768 708 is

1558 724 1662 743 secure
1682 717 1800 751 against

1540 752 1588 778 the
1610 752 1764 778 membcrs
1784 755 1813 779 ot

1598 786 1647 813 the
1668 786 1758 813 devii.

1563 1982 1606 2010 St.
1627 1982 1705 2009 John
1728 1991 1797 2019 says

1610 2017 1674 2044 that
1694 2018 1745 2045 the

1565 2052 1726 2087 reprobate
1746 2061 1796 2080 are

1593 2091 1646 2114 not
1666 2087 1700 2114 of
1717 2087 1766 2115 the

1611 2122 1747 2150 Cliurch.
