2062 3276
214 252 264 299 54

225 488 330 516 Christ
351 487 419 514 bids
440 496 475 513 us

219 527 322 561 notfto
343 523 413 560 seek
433 522 483 549 the

223 566 324 593 pralsc
344 559 376 584 01
396 565 477 584 men.

793 256 1016 289 JOHANNIS
1036 256 1220 287 WYCLIF
1241 255 1497 287 SERMONUM
1581 242 1733 298 [SERMO
1753 250 1806 278 Vl·

502 368 629 400 Deum
663 364 822 401 adiuvet
854 365 902 400 ad
938 362 1123 400 meritum
1158 363 1515 410 compensandum.
1561 362 1653 397 Ideo
1687 360 1811 397 racio—

502 422 634 459 nabile
667 431 724 458 est
757 423 863 470 quod
897 421 951 458 sic
985 422 1200 469 desperans
1234 422 1281 456 de
1315 419 1487 455 Domino
1528 419 1624 455 reali
1658 418 1812 466 premio

503 480 551 516 sit
595 481 821 516 frustratus.
868 481 960 516 Ideo
1002 478 1183 515 Christus
1228 477 1417 525 precipit:
1464 478 1518 512 Tu
1557 484 1682 513 autem
1728 489 1811 512 cum

502 538 660 584 ieiunas,
693 551 794 588 unge
826 544 942 587 caput
965 545 1069 572 tuum
1104 543 1138 572 et
1152 535 1300 584 faciem
1335 542 1438 570 tuam
1473 535 1574 581 lava,
1609 547 1652 570 ne
1686 534 1811 569 videa-

504 597 558 632 ris
590 596 803 632 hominibus
841 595 1022 631 ieiunans.
1070 593 1145 630 Ubi
1184 602 1294 641 patet
1326 594 1435 641 quod
1467 605 1586 639 super
1620 591 1814 628 unccione

502 655 563 690 vel
596 653 794 702 corporali
828 652 984 689 locione
1017 665 1097 687 non
1130 651 1235 687 cadit
1275 652 1325 687 ad
1358 650 1514 686 literam
1550 649 1695 686 Christi
1729 662 1816 697 pre-

505 711 654 760 cepcio,
708 724 798 747 cum
847 723 926 746 non
974 718 1130 757 saperet
1179 708 1452 753 devocionem,
1507 707 1707 744 racionem
1756 707 1816 743 vel

505 770 713 806 caritatem
748 770 855 817 quod
889 769 1010 804 homo
1043 767 1096 803 sic
1129 776 1302 815 ungatur
1334 766 1394 803 vel
1427 766 1592 811 lavetur,
1625 765 1656 801 si
1679 766 1816 802 lauda-

506 828 636 864 biliter
680 827 887 863 ieiunaret.
933 825 1049 862 Multi
1094 824 1198 861 enim
1245 824 1425 861 ieiunant
1470 823 1614 872 quibus
1647 836 1725 859 non
1760 832 1817 859 est

506 885 757 933 oportunitas
797 897 867 920 nec
906 883 1076 920 facilitas
1115 883 1247 919 taliter
1280 881 1464 918 faciendi.
1511 883 1602 917 Ideo
1637 880 1817 917 Christus

506 943 692 991 intelligit
738 955 808 990 per
854 942 1091 978 unccionem
1145 940 1285 988 capitis
1338 939 1596 976 devocionem
1651 939 1816 976 hilarem

507 1001 678 1038 racionis
711 1010 747 1037 et
781 1013 850 1048 per
882 999 1078 1036 locionem
1112 998 1227 1035 faciei
1258 999 1412 1034 vultum
1439 997 1606 1034 hilarem
1632 1006 1668 1033 et
1692 1009 1819 1033 secre-

507 1069 592 1095 tum
637 1059 676 1094 in
721 1058 791 1094 Dei
838 1071 938 1106 puro
984 1056 1184 1094 adiutorio
1238 1056 1488 1092 confidendo.
1543 1056 1634 1091 Ideo
1687 1054 1820 1091 subdit

510 1116 757 1165 evangelium
792 1128 836 1152 ne
869 1115 1038 1152 videaris
1071 1115 1286 1150 hominibus
1318 1114 1500 1153 ieizmans,
1547 1114 1620 1149 hoc
1655 1122 1724 1159 est,
1772 1125 1819 1148 ne

508 1176 696 1211 ostendas
742 1174 970 1210 hominibus
1017 1182 1053 1209 te
1098 1172 1152 1208 sic
1192 1173 1425 1208 benefacere
1471 1181 1513 1207 ut
1552 1180 1732 1218 expectes
1772 1171 1820 1206 ab

511 1232 739 1269 hominibus
772 1244 1091 1279 recompensam,
1127 1231 1195 1266 sed
1236 1230 1375 1277 collige
1409 1230 1556 1265 realem
1592 1238 1627 1265 et
1662 1228 1821 1264 edifica-

509 1291 653 1328 toriam
698 1289 980 1338 operacionem
1022 1288 1132 1337 patri
1169 1296 1245 1327 tuo.
1285 1288 1349 1335 qui
1388 1287 1488 1322 videt
1526 1287 1561 1322 in
1601 1286 1822 1322 abscondito

513 1350 649 1385 reddet
681 1349 767 1392 tibi;
810 1360 899 1383 cum
948 1347 1048 1382 sicut
1093 1347 1205 1382 labor
1249 1346 1308 1381 vel
1352 1344 1526 1381 intencio
1571 1358 1593 1381 a
1627 1346 1709 1380 Deo
1742 1356 1822 1379 non

513 1407 657 1455 poterit
681 1405 886 1446 occultari,
912 1405 965 1440 sic
989 1404 1078 1451 pius
1103 1403 1205 1439 filius
1227 1416 1306 1439 non
1332 1412 1461 1450 potest
1484 1415 1506 1439 a
1529 1403 1646 1450 pleno
1669 1402 1822 1450 premio

514 1464 755 1501 defraudari.
789 1466 869 1499 Nec
904 1463 1031 1498 solum
1067 1463 1139 1497 hoc
1174 1462 1289 1497 debet
1323 1460 1487 1508 intelligi
1512 1462 1559 1496 de
1581 1459 1731 1496 ieiunio
1754 1461 1821 1496 sed
1841 1472 1855 1483 ‘³

515 1524 561 1559 de
595 1522 704 1558 omni
738 1534 858 1569 opere
893 1520 1108 1557 elemosine
1140 1520 1200 1555 vel
1234 1518 1440 1555 meritorio
1472 1519 1577 1555 facto
1600 1520 1697 1554 Deo.
1732 1519 1823 1554 Ideo

515 1580 609 1617 dicit
644 1579 891 1627 evangelium
926 1578 963 1614 in
998 1579 1138 1614 eodem
1174 1577 1369 1624 capitulo:
1416 1577 1466 1612 Te
1502 1584 1628 1612 autem
1651 1576 1824 1625 faciente

516 1639 761 1674 elemosinam
802 1637 944 1673 nesciat
982 1636 1138 1672 sinistra
1178 1643 1241 1670 tua
1281 1635 1371 1683 quid
1397 1634 1529 1682 saciat
1570 1634 1711 1670 dextra
1745 1641 1821 1669 tua.

516 1699 616 1733 Nam
653 1708 744 1743 pars
777 1696 837 1731 vel
870 1693 1045 1730 intencio
1080 1702 1187 1729 recta
1212 1693 1283 1729 Dei
1307 1692 1480 1740 operarii
1503 1700 1668 1728 vocatur
1691 1693 1825 1727 dextra

518 1764 554 1790 et
588 1753 762 1790 intencio
795 1752 923 1788 inanis
947 1752 1069 1799 glorie
1092 1760 1257 1787 vocatur
1280 1750 1450 1787 sinistra.
1487 1749 1526 1786 Si
1550 1758 1682 1786 autem
1708 1750 1827 1785 homo

519 1821 627 1848 recta
660 1810 887 1847 intencione
922 1810 1013 1846 facit
1047 1809 1217 1856 publice,
1258 1818 1300 1844 ut
1340 1809 1511 1856 populus
1542 1807 1674 1844 videat
1706 1820 1828 1855 opera

518 1883 589 1906 sua
623 1870 740 1911 bona,
776 1868 892 1905 faciat
926 1867 1091 1904 omnino
1125 1866 1329 1903 humiliter
1361 1867 1557 1902 subducta
1580 1878 1681 1902 vana
1705 1864 1829 1913 gloria

520 1929 566 1963 de
600 1928 718 1964 laude
753 1926 959 1962 hominum
995 1924 1252 1973 acquirenda.
1286 1927 1365 1960 Nec
1389 1924 1517 1959 solum
1542 1922 1716 1959 intencio
1740 1936 1829 1971 pro-

520 1985 707 2021 merentis
742 1986 857 2020 debet
891 1983 1038 2020 servari
1073 1984 1222 2019 munda
1256 1984 1304 2018 ab
1337 1982 1410 2018 ista
1444 1980 1551 2017 inani
1584 1981 1723 2029 gloria,
1762 1982 1828 2016 sed

520 2044 676 2079 exclusa
709 2042 881 2079 avaricia
916 2043 1031 2077 debet
1064 2042 1203 2077 devote
1236 2039 1275 2075 in
1307 2052 1375 2087 spe
1400 2039 1552 2075 celestis
1575 2039 1717 2086 premii
1741 2051 1829 2086 pro-
1846 2041 1887 2072 ’.ἑο

523 2100 694 2137 fundari.
730 2101 821 2136 Ideo
856 2099 970 2135 dicit:
1012 2099 1141 2134 Nolite
1178 2098 1447 2147 tlzesauriqare
1486 2097 1588 2132 vobis
1627 2098 1830 2133 thesauros

521 2159 555 2194 in
589 2166 709 2195 terra,
750 2158 812 2193 uhi
843 2170 966 2207 erugo
999 2164 1033 2192 et
1065 2156 1164 2192 tinea
1199 2155 1406 2191 demolitur
1438 2162 1472 2190 et
1506 2155 1706 2202 ubifures
1738 2155 1827 2202 effo-

523 2216 629 2251 diunt
662 2223 695 2251 et
717 2216 924 2264 furantur.
971 2216 1071 2250 Nam
1117 2213 1205 2249 talis
1250 2212 1413 2260 cupiens
1458 2212 1618 2248 inanem
1663 2211 1829 2260 gloriam

523 2273 790 2310 communiter
822 2272 1131 2308 retribucionem
1167 2280 1345 2318 expectat
1379 2272 1427 2307 ab
1461 2269 1635 2313 homine,
1668 2280 1711 2306 ut
1734 2279 1831 2305 tem-

525 2331 712 2379 poraliter
764 2330 982 2378 premietur
1035 2339 1071 2365 et
1123 2338 1286 2377 propter
1338 2327 1656 2375 expectacionem
1711 2328 1829 2364 talem

522 2398 679 2437 oportet
714 2389 938 2424 mercedem
964 2400 985 2424 a
1009 2390 1092 2423 Deo
1116 2386 1243 2422 minui
1267 2387 1326 2423 vel
1350 2385 1535 2433 extingui.
1570 2386 1672 2431 Quid
1697 2394 1830 2422 autem

593 2541 618 2560 2.
640 2535 684 2561 A:
712 2533 750 2560 de
770 2533 870 2566 dees-13
899 2533 939 2560 ib.
962 2533 1001 2559 E:
1029 2532 1131 2559 divino
1151 2532 1240 2559 reali.
1373 2530 1397 2558 3.
1421 2531 1462 2558 D:
1489 2531 1561 2558 Ideo
1582 2530 1656 2557 dicit
1679 2530 1833 2558 Chris-tus:

524 2569 564 2595 ib.
586 2568 624 2595 13:
647 2568 797 2603 precepit.
859 2577 887 2601 4.
908 2568 951 2594 A:
974 2567 1103 2594 ieiunas.
1166 2574 1191 2600 7.
1214 2566 1253 2593 E:
1274 2566 1449 2593 racionem:
1469 2566 1614 2592 correxit:
1635 2564 1832 2600 religionem.

524 2604 550 2629 8.
572 2603 640 2629 DE:
670 2606 700 2629 et
718 2605 846 2629 lavetur.
921 2610 960 2629 ιο.
982 2603 1026 2629 A:
1055 2610 1109 2628 nec
1127 2601 1267 2635 facilitas
1288 2601 1387 2635 dccst;
1415 2601 1454 2627 ib.
1476 2601 1500 2628 E
1520 2601 1549 2627 iu
1572 2608 1684 2633 marga

1029 2632 1139 2663 t'nccz'o
1167 2639 1176 2669 l
1252 2653 1274 2668 ,-
1295 2653 1312 2667 -,

1025 2671 1105 2697 locs„
1177 2669 1179 2672 -
1202 2656 1322 2687 calm..

527 2707 562 2734 15.
584 2705 655 2733 AE:
678 2706 848 2732 hominibus
869 2705 962 2732 deest.
1028 2712 1064 2731 21.
1088 2704 1156 2732 DE:
1179 2705 1347 2732 meritorie.
1413 2712 1455 2730 22.
1477 2703 1501 2730 E
1516 2703 1545 2730 in
1569 2711 1681 2737 marg:
1705 2702 1833 2729 Dextra.

525 2740 672 2772 Sinistra.
763 2740 805 2767 25.
826 2742 870 2766 A:
900 2743 944 2766 cst
962 2740 1099 2767 sinistra.
1196 2747 1242 2773 20.
1264 2739 1303 2766 li:
1332 2738 1452 2765 mundo.
1543 2737 1585 2765 32.
1606 2738 1650 2764 A:
1676 2737 1723 2764 vel
1741 2737 1822 2764 tinea

527 2775 567 2803 1³5.
589 2775 612 2802 E
633 2775 662 2802 in
684 2783 798 2809 marg:
825 2774 1062 2810 ‘l'lzesaurifacio
1083 2775 1112 2802 in
1134 2777 1229 2801 terra.

599 2871 628 2902 3.
655 2869 772 2900 Matth.
791 2869 847 2909 VI,
871 2879 920 2911 ¹7.-
946 2871 993 2900 ιθ.
1095 2879 1144 2910 17·
1172 2868 1215 2899 ib.
1314 2877 1365 2899 ¹22.
1394 2867 1437 2899 ib.
1535 2868 1587 2899 31,
1615 2866 1658 2898 ib.
1684 2876 1731 2909 μ).

1837 894 1874 914 10

1841 1172 1876 1204 15

1848 2328 1887 2360 35
