2062 3276
201 276 280 323 462

788 282 1012 316 JOHANle
1031 281 1215 315 wrcrir
1235 282 1490 316 SERMONUM
1553 268 1704 327 [SERMO
1727 278 1802 308 mx.

491 391 699 428 humidum
738 390 1024 439 temporalium
1064 390 1360 439 superinfusum
1401 389 1510 426 venis
1549 389 1640 426 fidei
1680 389 1798 438 refri-

488 450 669 500 gescebat
700 449 845 485 caritas
877 449 1101 498 multorum,
1135 457 1172 484 et
1204 448 1296 485 facti
1320 457 1409 484 sunt
1432 447 1472 484 in
1494 447 1680 496 operibus
1704 446 1803 483 cari-

200 516 362 550 Mounting
377 515 475 553 tosshc
490 507 582 544 tatis
606 507 821 553 instabiles,
847 519 869 543 a
891 506 953 543 via
977 506 1139 543 Domini
1162 506 1294 554 sepius
1317 506 1546 543 titubantes,
1582 506 1802 542 Grabaturn

210 552 280 578 roos
297 552 322 578 is
343 556 467 583 turning

235 586 284 613 the
304 585 389 612 mind
411 589 440 611 10

266 621 334 647 heau
344 621 412 655 only

258 655 415 690 thoughts.

211 1096 412 1133 (Symbolism
434 1096 469 1123 of

242 1134 292 1159 the
312 1132 436 1158 cloisrer

249 1167 426 1202 buildings.)

263 1911 329 1939 The
350 1910 419 1938 four

269 1947 407 1973 hearers:

232 1989 371 2016 memory
391 1980 449 2007 and

223 2021 322 2051 regret
341 2016 375 2043 of
392 2020 460 2050 past

229 2051 304 2082 sins,
325 2050 450 2078 counsel

217 2086 275 2113 aud
298 2086 409 2113 horror
429 2085 464 2112 of

251 2121 351 2148 future
372 2121 429 2147 sin.

491 567 598 614 quod
630 565 703 601 fuit
735 573 992 613 peccatorum
1024 565 1277 601 volutabrum
1311 573 1483 601 tractum
1518 572 1575 600 est
1608 564 1657 600 ad
1689 575 1804 611 supe-

490 624 636 660 riorem
675 632 831 672 partem
872 624 1027 670 domus,
1072 625 1233 671 quando
1274 621 1541 671 cogitaciones
1585 622 1804 658 ascendunt

489 682 529 719 in
563 683 684 719 corda
716 681 908 728 fidelium,
942 690 984 718 ut
1017 681 1244 730 relinquant
1276 681 1453 718 seculum
1478 689 1514 716 et
1537 679 1592 716 sic
1616 687 1805 716 sanentur

489 753 511 776 a
551 741 683 776 radice
722 740 888 776 omnium
929 739 1122 775 malorum
1161 740 1367 792 avaricia]
1397 768 1404 774 .
1451 740 1619 775 Tectum
1660 738 1803 774 domus

490 798 647 835 iudaice
670 799 857 845 nudatur,
882 798 1043 846 quando
1066 810 1257 845 suspensa
1273 797 1520 846 cogitacione
1538 796 1579 833 in
1594 795 1804 833 celestibus

491 858 662 893 mundus
694 855 951 904 relinquitur3
985 864 1079 892 tunc
1113 855 1218 892 enim
1251 856 1385 892 radius
1408 855 1562 892 celestis
1585 854 1715 902 gracie
1738 866 1804 902 pe-

489 924 619 952 netrat
657 914 888 950 illuminans
927 922 964 950 et
1004 915 1237 950 accendens.
1283 915 1396 950 Unde
1436 923 1473 950 et
1512 914 1684 950 claustra
1716 911 1804 948 reli-

490 974 693 1021 giosorum
727 981 865 1020 aperta
898 980 988 1008 sunt
1021 972 1061 1008 in
1095 971 1226 1008 medio
1258 984 1393 1008 versus
1432 971 1561 1008 celum
1601 979 1638 1007 et
1670 970 1804 1006 clausa

490 1031 708 1069 lateraliter
760 1031 810 1067 ad
855 1039 1028 1079 quatuor
1071 1030 1208 1078 plagas
1253 1029 1392 1066 mundi
1436 1030 1485 1066 ad
1531 1029 1803 1065 denotandum

493 1090 662 1135 (utinam
695 1102 775 1125 non
806 1087 917 1139 false)
951 1089 1059 1137 quod
1099 1088 1353 1125 conversacio
1387 1100 1432 1124 ac
1470 1087 1634 1124 affeccio
1666 1099 1805 1123 eorum

491 1148 545 1185 sit
588 1148 629 1184 in
672 1146 881 1184 celestibus
925 1156 963 1183 et
1001 1156 1174 1195 quatuor
1211 1146 1446 1183 affecciones
1485 1145 1617 1183 anime
1649 1144 1806 1181 'scilicet

492 1206 697 1254 gaudium,
739 1206 866 1252 dolor,
906 1217 995 1254 spes
1028 1214 1065 1241 et
1098 1205 1219 1241 timor
1251 1214 1343 1241 sunt
1375 1205 1509 1242 clausa
1541 1204 1675 1253 quoad
1707 1212 1805 1239 tem-

490 1264 657 1313 poralia.
711 1263 968 1300 Submittitur
1011 1272 1145 1300 autem
1188 1264 1399 1311 grabatum
1444 1275 1578 1300 coram
1619 1261 1805 1307 Domino,

491 1324 651 1372 quando
684 1321 880 1371 possessio
911 1321 1195 1370 temporalium
1228 1321 1269 1358 in
1301 1321 1444 1370 quibus
1477 1322 1644 1358 cubatur
1677 1319 1806 1356 humi-

490 1382 593 1428 liter,
627 1380 878 1418 ordinacioni
912 1380 984 1416 Dei
1016 1379 1268 1429 supponitur.
1302 1379 1469 1416 Matthei
1501 1380 1623 1425 XIX0‚
1659 1388 1724 1414 21:
1765 1377 1808 1413 Si

493 1441 548 1476 vis
574 1440 775 1489 perfectus
808 1451 900 1485 esse,
935 1439 1032 1475 rade
1064 1446 1099 1475 et
1132 1439 1251 1475 vende
1282 1438 1407 1474 omnia
1441 1450 1510 1487 que
1541 1437 1658 1473 hahes
1689 1443 1723 1472 et
1756 1436 1804 1471 da

486 1498 737 1548 pauperibus.
772 1499 820 1534 Et
851 1496 942 1533 licet
974 1496 1102 1533 scribe
1134 1495 1259 1533 nostri
1284 1496 1418 1533 dicant
1440 1494 1692 1544 predicantes
1715 1493 1803 1530 reli-

493 1556 651 1604 gionem
692 1555 809 1592 istam
844 1567 926 1591 esse
959 1555 1215 1603 blasphemos
1247 1563 1366 1603 atque
1400 1553 1596 1590 hereticos
1628 1553 1804 1588 destruc-

493 1614 648 1651 cionem
682 1613 848 1650 ecclesie
881 1612 1169 1660 machinantes,
1203 1622 1337 1649 tamen
1365 1611 1457 1648 visis
1481 1610 1684 1648 miraculis
1706 1609 1805 1646 veri-

492 1681 615 1710 tatem
648 1672 774 1708 nostri
806 1670 957 1708 ordinis
990 1671 1243 1708 confitentur.
1290 1670 1430 1707 Calida
1464 1679 1597 1706 autem
1631 1678 1668 1705 et
1700 1668 1805 1705 sicca

493 1729 777 1768 consumencia
814 1729 1082 1766 lubricitatem
1123 1741 1336 1766 nervorum
1370 1728 1553 1776 paralisis
1587 1736 1623 1764 et
1655 1726 1806 1775 specia-

492 1789 582 1826 liter
614 1788 790 1837 primula
821 1787 935 1835 veris,
975 1787 1015 1823 id
1048 1796 1119 1834 est,
1159 1786 1418 1835 operaciones
1452 1786 1592 1823 floride
1624 1794 1804 1834 tempore
1824 1787 1858 1820 -Ῑ

493 1846 717 1884 seminandi
749 1847 850 1883 facte
884 1855 1124 1883 consumunt
1156 1845 1404 1893 spiritualem
1436 1843 1655 1893 paralisim.

552 1908 599 1942 Et
630 1914 740 1953 patet
771 1905 878 1941 iuxta
910 1917 1069 1940 sensum
1102 1903 1396 1952 tropologicum
1421 1903 1624 1951 quomodo
1648 1900 1805 1939 Christo

493 1963 740 2000 inhabitante
780 1964 945 1999 domum
978 1962 1228 2010 spiritualem
1261 1961 1447 1998 virtutem
1482 1960 1614 1997 anime
1646 1971 1805 1996 necesse

493 2030 550 2058 est
582 2031 754 2070 quatuor
787 2021 951 2067 amicos,
986 2020 1026 2056 id
1059 2029 1128 2067 est,
1164 2019 1401 2057 memoriam
1436 2028 1473 2056 et
1505 2017 1804 2067 displicenciam

494 2081 540 2117 de
572 2079 746 2128 peccatis
778 2079 992 2128 preteritis,
1026 2079 1296 2115 convertendo
1329 2076 1654 2114 consiliacionem
1679 2085 1716 2112 et
1739 2076 1838 2112 ab--w

493 2138 815 2175 hominacionem
839 2139 887 2174 de
910 2137 1051 2173 futuris
1075 2138 1265 2183 cavendo,
1281 2136 1533 2172 introducere
1551 2134 1804 2183 paraliticum

493 2196 742 2245 spiritualem
775 2196 816 2232 in
848 2197 1012 2232 domum
1036 2194 1198 2231 Domini
1231 2204 1273 2231 ut
1305 2203 1486 2239 sanetum
1519 2194 1588 2230 sed
1619 2192 1712 2241 quia
1735 2191 1808 2228 nisi

496 2255 684 2290 Dominus
722 2254 959 2304 edificaverit
998 2254 1152 2289 domum
1193 2253 1228 2289 in
1263 2265 1400 2289 vanum
1435 2252 1715 2288 laboraverunt
1746 2249 1810 2298 qui

492 2313 669 2362 edificant
700 2324 782 2348 eam
817 2313 960 2349 Psalm.
989 2312 1179 2357 CXXVIO,
1210 2324 1241 2357 1,
1275 2310 1365 2347 ideo
1404 2309 1685 2358 premittamus
1718 2320 1806 2344 ora-

494 2370 648 2407 cionem
688 2369 932 2407 dominicam
970 2378 1013 2406 ut
1057 2369 1141 2418 ipse
1181 2367 1376 2405 Dominus
1416 2369 1581 2404 domum
1626 2374 1830 2404 nostram'.

494 2428 662 2465 edificet.

551 2488 594 2522 In
631 2485 757 2523 verbis
796 2485 881 2522 istis
921 2485 1151 2534 incipiendo
1191 2498 1210 2522 a
1252 2493 1358 2521 tecto
1400 2485 1544 2520 domus
1583 2481 1804 2532 spiritualis

494 2553 602 2592 patet
625 2546 734 2593 quod
766 2544 806 2580 in
837 2545 957 2580 verbo
979 2544 1048 2593 fili
1079 2543 1225 2580 caritas
1259 2551 1490 2580 annotatur.
1526 2540 1668 2578 Omnis
1699 2539 1803 2576 enim

494 2602 565 2639 Dei
598 2602 702 2639 filius
735 2601 862 2650 diligit
895 2610 1050 2650 patrem
1084 2614 1213 2647 suum,
1255 2613 1345 2637 cum
1379 2601 1464 2637 sola
1504 2599 1670 2636 dileccio
1711 2597 1804 2634 facit

561 2736 587 2763 3,
609 2737 651 2763 A:
673 2736 842 2763 lilulantes.
929 2744 969 2762 ιο.
989 2735 1065 2762 AG:
1088 2735 1167 2762 uncle
1186 2734 1281 2762 deest.
1366 2742 1412 2767 20,
1435 2741 1473 2761 21.
1495 2733 1537 2760 b:
1559 2734 1588 2760 in
1611 2732 1802 2766 religiotwm.

493 2770 534 2798 23.
556 2770 629 2798 DG:
659 2770 770 2798 Calida
790 2773 845 2798 aut
863 2770 956 2797 sicca.
1046 2769 1088 2797 25.
1112 2769 1184 2797 DG:
1209 2769 1416 2810 operacionis,
1507 2768 1554 2795 26.
1576 2768 1617 2795 D:
1645 2767 1803 2795 consumit.

494 2804 538 2832 1²0.
560 2806 603 2833 A:
631 2808 662 2832 ct
679 2806 773 2832 deest.
863 2804 906 2832 32.
929 2805 971 2831 1³:
998 2805 1027 2831 si
1044 2805 1127 2839 quia.
1213 2811 1259 2837 ³4·
1282 2803 1398 2831 Codd.:
1429 2802 1571 2830 CXXXV.
1661 2800 1704 2836 37.
1725 2802 1753 2828 Α
1773 2801 1802 2827 in

494 2848 606 2875 marg:
627 2848 666 2872 «π
694 2841 734 2867 ib.
757 2840 797 2866 15:
820 2848 837 2866 α
859 2847 938 2866 ceco.
1012 2838 1056 2867 35.
1080 2839 1167 2865 Codd
1191 2847 1197 2865 ι
1225 2838 1309 2874 qnod
1328 2839 1421 2865 deest.
1443 2837 1578 2870 Addidi;
1605 2837 1644 2863 ib.
1666 2837 1710 2863 G:
1732 2835 1803 2867 filii.

569 2934 594 2954 1.
622 2923 739 2954 Matih.
766 2923 884 2963 XXIV,
910 2933 958 2954 12.
1055 2933 1085 2964 7.
1114 2922 1135 2953 Ι.
1155 2922 1246 2953 Tim.
1266 2921 1322 2962 VI,
1348 2932 1396 2952 10.

1821 623 1836 656 5

1824 773 1862 804 14

1826 925 1863 946 10

1827 1204 1862 1237 15

1822 1507 1863 1528 20

1828 2370 1861 2402 ³5

1870 773 1879 794 1

1886 740 1894 748 ι

1888 762 1901 778 b
