2062 3276
136 250 210 286 186

140 489 188 517 All
211 488 317 515 merits
337 495 387 514 are

182 522 352 551 rewarded.

137 720 204 748 The
225 719 341 747 reward
363 718 398 746 of

146 755 236 783 merit
255 755 281 782 is
303 754 388 788 bliss,

164 799 198 817 so
219 790 268 817 the
290 789 371 822 Pope

146 833 203 852 can
245 824 292 851 ive
313 823 387 850 bliss

170 859 200 887 in
222 859 281 887 tiis
301 858 361 886 life.

143 1244 190 1272 He
209 1243 235 1271 is
256 1243 392 1279 wanting

131 1279 161 1306 in
183 1279 301 1315 charity
321 1280 346 1307 if
364 1280 400 1307 he

142 1314 216 1341 does
237 1319 290 1341 not
311 1316 398 1342 make

133 1349 170 1376 all
189 1357 259 1376 men
276 1350 406 1377 blessed.

173 1939 251 1968 'This
273 1941 298 1967 is
318 1941 368 1968 the

132 1980 229 2003 worst
249 1974 306 2002 and
329 1979 411 2003 most

711 260 934 291 JOHANNIS
952 260 1138 292 WYCLIF
1158 260 1413 293 sERMONUM
1476 247 1627 306 [SERMO
1650 259 1727 287 XXI·

419 367 620 413 meritum,
661 378 785 415 quare
822 379 903 403 non
940 375 1073 415 potest
1110 379 1217 415 papa
1263 367 1319 404 sic
1359 368 1489 405 facere
1529 382 1619 406 curn
1652 370 1728 407 hoc

419 427 527 475 quod
559 424 639 461 suis
672 424 923 464 institoribus
956 425 1079 462 nichil
1113 425 1259 461 donet?

475 483 619 520 Tercio
660 491 768 531 patet
807 485 915 531 quod
954 483 1091 520 omnia
1130 483 1227 520 talia
1268 483 1411 520 merita
1444 485 1655 521 beatorum
1688 485 1728 522 in

419 542 550 590 patria
583 550 675 577 sunt
709 542 759 577 ad
782 541 969 577 ultimum
994 541 1211 589 premiata3
1247 543 1455 590 quomodo
1480 555 1573 590 ergo
1597 552 1728 591 potest

420 600 491 636 Dei
536 599 694 636 iusticia
738 611 879 646 rapere
925 599 1068 636 merita
1107 599 1182 635 ista
1214 601 1274 636 vel
1313 600 1467 648 premia
1508 609 1544 637 et
1578 602 1761 638 donare5

420 657 592 706 indignis
625 656 844 694 viatoribus
878 656 946 705 qui
978 669 1059 693 non
1092 657 1225 694 taliter
1259 659 1513 695 meruerunt?

479 718 633 761 Quarto
671 715 840 760 videtur,
882 727 971 750 cum
1010 715 1116 751 dicta
1154 716 1308 763 premia
1346 716 1424 752 sint
1463 716 1729 754 beatitudines

421 775 548 811 solum
574 773 615 809 in
638 773 774 809 anima
797 772 1068 818 subiet-tande,
1093 775 1200 821 quod
1223 787 1327 821 papa
1349 783 1480 822 potest
1499 774 1729 812 beatificare

421 831 603 869 homines
638 831 700 867 hic
734 831 774 867 in
805 830 881 867 via.
916 832 993 867 Sed
1026 831 1118 868 licet
1151 843 1254 879 papa
1277 832 1510 879 permissive
1534 835 1730 881 approbet

420 890 550 938 ipsum
583 889 717 926 vocari
751 897 905 937 patrem
940 889 1230 935 beatissimum,
1278 902 1367 926 cum
1406 903 1478 927 nec
1518 891 1616 928 fides
1656 904 1730 928 nec
1750 905 1788 926 10

420 947 531 985 racio
566 946 664 983 illud
697 947 836 993 dictat,
878 948 1023 983 stultus
1062 956 1199 984 tamen
1239 948 1342 984 foret
1376 947 1608 996 elargiendo
1641 949 1729 986 aliis

420 1008 490 1043 has
525 1006 742 1051 mercedes,
782 1004 859 1041 nisi
899 1013 1055 1053 partem
1095 1018 1233 1042 earum
1273 1015 1409 1054 posset
1442 1015 1524 1042 tam
1559 1007 1730 1044 faciliter

421 1065 460 1101 in
494 1063 629 1100 anima
663 1063 828 1112 propria
862 1062 1045 1111 accipere
1077 1063 1152 1099 sibi
1186 1063 1274 1112 ipsi,
1308 1063 1410 1101 sicut
1434 1064 1602 1113 quilibet
1625 1078 1730 1114 papa

422 1123 523 1159 foret
562 1123 693 1159 fatuus
728 1130 764 1158 et
798 1130 952 1158 careret
992 1122 1171 1167 caritate,
1212 1121 1243 1158 si
1277 1121 1422 1171 aliquis
1461 1135 1596 1159 secum
1638 1136 1730 1160 con-

423 1190 707 1229 temporaneus
740 1179 791 1216 sit
831 1180 1093 1227 dampnatus3
1141 1179 1303 1216 cuilibet
1341 1181 1448 1217 enim
1487 1181 1557 1217 tali
1596 1184 1787 1229 posset15

423 1238 594 1275 faciliter
632 1238 727 1274 talia
767 1237 981 1274 carismata
1012 1238 1238 1286 impertiri.
1286 1238 1391 1284 Quid
1436 1251 1530 1287 ergo
1575 1240 1731 1276 obesset

422 1296 500 1333 nisi
533 1296 681 1333 invidia
715 1297 823 1344 quod
857 1295 1020 1332 cuilibet
1052 1296 1175 1332 vianti
1208 1297 1269 1332 vel
1301 1296 1341 1332 in
1375 1296 1611 1345 purgatorio
1650 1310 1732 1334 non

423 1355 661 1391 retribueret
694 1354 773 1390 tale
813 1355 977 1400 donum,
1017 1367 1154 1402 ymmo
1195 1354 1414 1403 quemlibet
1454 1355 1659 1392 hominem
1693 1355 1732 1392 in

421 1412 623 1449 infinitum
647 1412 909 1458 beatificaret,
935 1425 1024 1448 cum
1049 1412 1219 1449 faciliter
1241 1412 1339 1448 illud
1362 1413 1522 1461 posset?
1554 1414 1732 1450 Thesau-

423 1484 488 1507 rus
522 1471 627 1507 enim
662 1469 842 1507 infinitus
876 1479 1007 1518 potest
1042 1483 1131 1506 cum
1166 1470 1236 1506 tali
1269 1470 1490 1519 prudencia
1524 1471 1730 1519 dispartiri
1748 1483 1788 1504 20

422 1530 529 1578 quod
562 1529 727 1565 infinitis
760 1528 945 1577 personis
978 1536 1111 1576 potest
1145 1528 1230 1564 dari
1255 1530 1302 1565 de
1325 1529 1393 1566 illo
1418 1528 1573 1565 infinita
1598 1529 1731 1566 multi-

422 1589 533 1633 tudo,
569 1600 659 1624 cum
695 1588 769 1623 hoc
803 1588 911 1635 quod
945 1595 1152 1622 remaneat
1185 1586 1401 1631 infinitum,
1437 1596 1473 1623 et
1498 1600 1587 1623 cum
1611 1600 1730 1624 nemo

422 1654 553 1694 potest
586 1646 752 1693 perdere
776 1645 894 1680 talem
922 1645 1147 1681 mercedem
1174 1657 1262 1681 cum
1287 1645 1337 1681 sit
1360 1645 1580 1690 beatitudo,
1616 1645 1731 1693 quili-

422 1706 487 1740 bet
520 1704 621 1740 foret
662 1702 905 1739 humanitati
940 1702 1089 1739 Christi
1134 1702 1329 1751 equaliter
1373 1702 1608 1751 premiatus.
1654 1705 1730 1740 Sed

422 1761 517 1811 quid
561 1761 738 1807 stulcius,
786 1773 876 1797 cum
921 1773 1026 1809 papa
1071 1762 1187 1797 docet
1237 1760 1321 1797 fieri
1371 1761 1610 1798 elemosinas
1658 1773 1730 1809 pro
1748 1761 1788 1794 25

424 1819 645 1856 defunctis?
678 1828 715 1855 et
747 1819 807 1855 vel
842 1827 899 1855 est
932 1817 1101 1863 invidus,
1136 1831 1254 1855 avare
1288 1818 1565 1855 distribuendo
1590 1820 1638 1855 de
1661 1819 1730 1856 illo

424 1879 614 1914 thesauro
648 1876 819 1916 infinito.
852 1877 912 1913 vel
946 1876 1172 1925 superfluus
1206 1885 1243 1913 et
1276 1877 1501 1913 contrarius
1534 1876 1609 1913 sibi
1641 1877 1730 1926 ipsi.

483 1938 588 1972 Inter
621 1947 760 1972 omnes
794 1934 914 1982 igitur
948 1936 1106 1971 hereses
1140 1937 1281 1971 surdas
1314 1935 1354 1971 in
1388 1934 1555 1972 ecclesia
1580 1936 1651 1972 hec
1675 1944 1733 1972 est

150 2010 334 2044 groundless
355 2010 389 2037 of
424 1994 603 2039 stulcior,
638 1992 928 2030 infundabilior
961 2002 1080 2041 atque
1113 1992 1399 2041 blasphemior.
1440 1996 1529 2029 Non
1563 1992 1732 2030 diffinia-

197 2045 342 2072 heresies.

426 2065 512 2088 mus
551 2065 645 2100 ergo
692 2051 896 2087 hominem
943 2051 1054 2088 cuius
1100 2051 1490 2098 predestinacionem
1536 2064 1618 2088 non
1662 2064 1731 2088 no—
1749 2053 1790 2085 30

423 2110 572 2147 scimus
598 2122 681 2146 esse
705 2118 786 2146 tam
811 2110 972 2146 beatum
997 2109 1037 2145 in
1061 2108 1206 2157 patria,
1231 2122 1321 2146 cum
1342 2111 1425 2146 Deo
1449 2109 1498 2145 sit
1521 2109 1731 2157 proprium

422 2168 524 2205 scire
562 2168 671 2214 talia,
717 2180 789 2203 nec
830 2168 1024 2203 habemus
1070 2167 1317 2203 evidenciam
1358 2167 1455 2215 quin
1493 2166 1532 2203 in
1566 2166 1641 2203 isto
1675 2167 1732 2203 in—

422 2226 680 2263 fundabiliter
719 2238 825 2273 papa
863 2225 1043 2273 loquitur
1081 2224 1182 2261 sicut
1215 2225 1318 2273 pica.
1359 2226 1575 2270 Quomodo
1608 2237 1732 2273 queso
1749 2248 1825 2280 Fol.

422 2284 513 2321 talis
536 2285 602 2320 the
632 2280 634 2337 J
664 2282 868 2320 saurarius
892 2283 1086 2331 indigeret
1111 2291 1200 2331 post
1234 2291 1406 2319 mortem
1439 2282 1509 2319 tali
1543 2283 1834 2328 thesaur0310d

425 2343 464 2379 in
495 2341 730 2390 purgatorio
765 2350 832 2378 aut
865 2342 1071 2389 quomodo
1105 2340 1331 2389 privaretur
1363 2340 1432 2377 tali
1463 2340 1621 2377 officio?
1654 2342 1732 2377 Aut
1749 2340 1789 2374 35

424 2414 518 2449 ergo
557 2413 696 2437 omnes
735 2399 909 2448 apostoli
948 2400 1008 2436 vel
1048 2412 1150 2448 pape
1190 2399 1319 2435 forent
1360 2399 1458 2435 tales
1491 2398 1732 2435 thesaurarii

425 2468 461 2495 et
495 2458 610 2495 multi
645 2457 719 2494 sibi
758 2457 854 2506 ipsis
887 2466 924 2494 et
957 2457 1044 2494 aliis
1077 2457 1118 2493 in
1151 2457 1308 2493 casibus
1351 2456 1484 2493 multis
1525 2457 1730 2502 contrarii,

423 2517 483 2553 vel
515 2517 632 2553 aliter
665 2518 748 2552 Deo
788 2524 845 2552 est
884 2514 1093 2564 proprium
1132 2514 1229 2551 talia
1267 2515 1424 2563 premia
1463 2515 1547 2551 sine
1586 2514 1733 2552 sollici-

424 2574 562 2611 tudine
596 2587 638 2611 ex
671 2587 741 2611 sua
777 2573 1081 2622 magnificencia
1116 2572 1331 2621 dispertiri.
1367 2574 1467 2610 Cum
1503 2585 1595 2621 ergo
1628 2585 1735 2621 papa

493 2718 518 2747 3.
539 2719 564 2746 E
582 2719 613 2746 in
636 2727 749 2753 marg:
769 2726 803 2752 3.
877 2718 928 2757 ’6.
949 2718 992 2745 A:
1015 2726 1073 2753 que
1091 2725 1183 2757 n'on..
1212 2752 1217 2757 ι
1259 2725 1285 2752 7.
1307 2717 1331 2744 E
1350 2717 1380 2745 in
1402 2725 1515 2752 marga
1537 2722 1578 2749 4,·
1602 2717 1643 2746 ib.
1663 2717 1732 2756 DE:

424 2769 431 2782 t
446 2754 507 2781 uod
525 2754 606 2781 dicta
623 2754 743 2788 premia
763 2755 850 2786 stult,-
876 2754 916 2780 lb.
937 2752 1006 2780 DE:
1034 2751 1239 2780 beatztudmm.
1372 2759 1400 2787 ς).
1421 2752 1465 2779 A:
1491 2751 1546 2779 sed
1564 2752 1665 2782 deest:
1692 2752 1732 2779 lb.

438 2789 507 2816 ml:
529 2788 689 2823 approbat.
776 2796 816 2815 10.
837 2788 880 2815 A:
902 2787 1134 2814 sanctissimum.
1221 2793 1258 2813 12.
1278 2786 1501 2822 Atfacillz‘me.
1588 2794 1627 2819 14.
1650 2786 1733 2813 DEI:

421 2822 651 2859 predestinatus
671 2823 717 2849 vel
750 2823 853 2850 lituus.
910 2831 948 2857 17.
969 2821 1037 2849 DE:
1058 2822 1130 2848 licet
1148 2821 1177 2848 in
1196 2821 1397 2860 purgatorio.
1457 2821 1501 2859 ¹18.
1521 2821 1565 2848 A:
1587 2822 1617 2847 in
1639 2821 1732 2847 deest.

424 2867 468 2921 Ξῖ.
484 2858 557 2920 lDEZ:
580 2858 697 2919 i}zfiizt'to
733 2861 811 2920 {esti
874 2856 1068 2919 28Ξὶριινάὲιες
1087 2856 1115 2883 I:
1137 2864 1216 2891 ergo
1229 2857 1341 2889 fictas;
1359 2856 1399 2883 lb.
1415 2855 1440 2882 D
1455 2863 1485 2882 in
1501 2863 1597 2890 marg.
1610 2865 1615 2882 ε
1630 2857 1733 2888 fictaS.

445 2901 463 2921 1.
506 2902 512 2919 :
550 2900 585 2920 ea
602 2900 660 2919 am.
752 2900 776 2927 7.
820 2902 826 2919 ς
848 2900 896 2919 mu
923 2900 932 2919 ι
952 2899 1032 2918 sun.
1373 2912 1377 2916 .

2051 402 2062 490 Annas—1
