2062 3276
228 907 266 928 10

226 1186 263 1219 15

284 259 420 290 SERMO
440 250 594 309 x[.v111.]
755 264 948 303 QUARTA
975 264 1100 295 PARs.

285 370 621 418 dampnacionem
657 380 905 418 perpetuam.
941 370 1074 406 Prima
1110 379 1216 407 mors
1250 380 1305 407 est
1340 372 1512 408 medium
1550 375 1598 410 ad

285 428 461 464 celorum
496 441 705 465 ascensum
740 437 776 465 et
809 429 928 465 habet
961 440 1082 464 nexus
1116 428 1264 465 amoris
1294 428 1439 477 quibus
1463 431 1598 468 anima

282 487 487 523 voluntate
531 487 610 522 leta
649 486 822 522 trahitur
855 488 904 522 ad
938 498 1124 534 superna.
1171 488 1356 524 Secunda
1395 501 1502 524 mors
1543 499 1599 526 est

285 544 460 580 medium
486 546 534 580 ad
558 544 792 580 infernalem
818 545 1069 590 descensum,
1088 554 1123 580 et
1142 545 1260 581 habet
1279 558 1400 582 nexus
1417 546 1596 583 criminis

284 602 427 650 quibus
472 602 635 650 spiritus
680 601 880 649 obligatur
925 604 974 638 ad
1020 603 1121 639 hanc
1160 615 1305 650 penam
1346 614 1596 651 perpetuam.

283 662 383 696 Nam
419 660 665 696 declinantes
700 659 739 696 in
772 661 870 696 tales
903 660 1174 707 obligaciones
1208 662 1380 698 adducet
1404 663 1599 699 Dominus

283 718 322 754 in
347 718 455 754 finali
477 717 626 754 iudicio
651 730 740 754 cum
776 718 1036 766 operantibus
1070 718 1336 767 iniquitatem.
1371 720 1437 756 Ille
1465 730 1598 757 autem

283 775 415 812 anime
439 788 515 824 que
537 785 744 812 transeunt
774 775 813 812 in
842 776 1119 825 purgatorium
1144 778 1294 813 vadunt
1323 778 1414 814 licet
1437 779 1599 827 oblique

281 846 352 881 per
384 846 505 870 nexus
537 834 686 870 amoris
719 835 768 870 ad
807 834 1111 872 beatitudinem.
1159 837 1280 872 Beata
1318 835 1454 884 itaque
1486 837 1597 885 virgo

281 904 361 928 non
394 892 525 940 potuit
558 891 742 940 deprimi,
777 893 851 929 hoc
876 902 946 935 est,
976 894 1161 929 deorsum
1184 893 1355 930 violente
1379 895 1506 942 premi
1529 908 1599 944 per

282 949 579 986 multitudinem
604 963 776 986 nexuum
801 951 1070 998 obligancium
1094 953 1143 987 ad
1168 951 1382 999 infernum,
1418 966 1463 989 eo
1488 956 1595 1002 quod

282 1007 462 1044 Christus
493 1017 586 1044 tunc
609 1021 689 1044 non
714 1010 901 1045 decenter
924 1010 1160 1046 honorasset
1185 1019 1352 1046 matrem
1380 1012 1596 1048 carnalem.

339 1068 569 1102 Secundum
605 1068 712 1114 quod
745 1076 903 1114 oportet
934 1067 997 1115 pie
1027 1069 1188 1104 credere
1215 1069 1261 1104 de
1287 1077 1412 1105 matre
1437 1070 1598 1106 Domini

282 1132 338 1160 est
361 1125 469 1172 quod
491 1124 595 1160 inter
617 1137 754 1161 omnes
780 1126 914 1161 beatos
939 1125 1035 1161 citra
1064 1125 1188 1162 filium
1223 1126 1308 1174 ipsa
1340 1126 1390 1162 sit
1425 1128 1597 1170 beacior,

280 1181 373 1230 quia
397 1182 629 1219 beatissimo
652 1182 930 1231 propinquior,
947 1183 1139 1231 singulari
1155 1184 1363 1232 privilegio
1387 1185 1598 1233 gloriosior

280 1249 316 1275 et
336 1253 406 1288 per
422 1253 669 1289 consequens
693 1241 828 1288 gracia
851 1251 887 1277 et
910 1241 1068 1278 dotibus
1091 1242 1217 1290 glorie
1241 1243 1461 1280 fecundior.
1487 1244 1597 1281 Sicut

279 1297 385 1334 enim
420 1298 524 1335 filius
557 1312 652 1335 suus
685 1308 742 1335 est
775 1299 1031 1347 singulariter
1064 1312 1128 1336 rex
1161 1300 1289 1337 tocius
1320 1301 1428 1337 curie
1452 1302 1596 1338 civium

279 1368 560 1405 supernorum,
595 1356 650 1393 sic
683 1366 719 1393 et
751 1357 837 1405 ipsa
872 1359 1174 1406 quodammodo
1209 1368 1266 1395 est
1299 1359 1448 1407 regina.
1483 1362 1597 1397 Unde

279 1427 322 1450 ex
359 1414 474 1451 titulo
512 1415 644 1462 gracie
682 1425 822 1451 nature
856 1417 1138 1464 supperaddite
1178 1417 1399 1465 angelicam
1435 1428 1596 1466 superat

280 1472 524 1520 dignitatem.
581 1475 722 1509 Utrum
763 1482 897 1510 autem
937 1483 1144 1522 assumpta
1182 1475 1231 1511 sit
1263 1475 1303 1511 in
1337 1488 1504 1524 corpore
1538 1479 1597 1513 vel

278 1532 383 1567 nude
430 1530 469 1566 in
518 1531 653 1567 anima
696 1533 744 1567 ad
789 1531 1092 1579 beatitudinem,
1144 1542 1201 1569 est
1251 1533 1444 1570 dissensio
1491 1537 1594 1583 apud

281 1590 439 1625 multos.
486 1591 533 1625 Et
567 1598 738 1637 arguunt
771 1590 933 1638 quidam
971 1591 1077 1638 quod
1117 1591 1172 1627 sic
1206 1591 1428 1639 tripliciter.
1465 1593 1596 1640 primo

279 1646 374 1695 quia
404 1648 605 1684 Johannes
640 1647 891 1695 Evangelista
930 1648 1112 1685 minister
1151 1649 1234 1685 eius
1273 1650 1327 1686 sic
1367 1661 1596 1699 assumptus

279 1714 349 1751 est,
397 1707 572 1742 secundo
616 1705 709 1754 quia
749 1719 920 1754 corpora
960 1716 1190 1743 sanctorum
1232 1721 1309 1756 que
1343 1719 1596 1746 surrexerunt

245 1763 333 1801 Isic
367 1773 573 1812 assumpta
606 1773 709 1810 sunt,
751 1777 841 1800 cum
875 1765 988 1801 aliter
1020 1765 1101 1801 veri
1134 1774 1252 1802 testes
1285 1767 1596 1804 resurreccionis

278 1822 407 1858 forent
430 1822 625 1870 penaliter
649 1822 708 1858 bis
732 1823 892 1868 mortui,
927 1832 963 1859 et
987 1823 1125 1869 tercio,
1160 1823 1253 1872 quia
1277 1825 1392 1861 aliter
1415 1825 1595 1862 Christus

279 1880 502 1927 improvide
533 1880 758 1917 ordinasset
791 1880 867 1917 coli
902 1881 1089 1929 reliquias
1122 1882 1301 1930 corporis
1342 1883 1479 1919 matris
1512 1897 1594 1931 sue,

279 1950 369 1974 cum
408 1939 629 1974 secundum
674 1940 836 1975 beatum
875 1941 1135 1987 Jeronymum
1181 1940 1220 1975 in
1264 1941 1364 1977 valle
1402 1943 1594 1990 Josaphat

279 1996 434 2044 sepulta
467 2009 548 2032 non
581 1997 701 2033 habet
733 1996 872 2033 relicta
914 1999 1093 2034 membra
1134 1999 1316 2046 corporis
1355 2012 1376 2035 a
1410 1999 1595 2036 fidelibus

222 2060 264 2091 '30
280 2054 528 2092 honoranda.
575 2054 615 2091 Si
660 2068 754 2103 ergo
793 2057 899 2092 Deus
943 2056 1031 2103 plus
1071 2057 1244 2093 honorat
1289 2065 1326 2093 et
1370 2056 1594 2106 privilegiat

221 2349 261 2383 35

280 2112 410 2148 minus
444 2125 571 2156 caros,
606 2114 731 2150 multo
766 2113 892 2162 magis
926 2123 1095 2150 matrem
1132 2115 1215 2151 eius
1249 2114 1513 2152 carissimam.

337 2170 411 2207 Hic
445 2170 534 2207 dico
560 2184 648 2207 cum
673 2173 792 2208 beato
815 2174 1031 2220 Jeronymo
1055 2174 1162 2221 quod
1187 2172 1297 2221 pium
1329 2182 1385 2209 est
1410 2174 1593 2211 dubitare

278 2228 318 2264 in
357 2228 432 2265 isto
472 2229 643 2265 articulo
684 2229 915 2267 curiositate
960 2239 1095 2267 nostre
1143 2231 1262 2267 saluti
1307 2231 1592 2280 impertinente

278 2287 548 2334 pretermissa.
583 2289 642 2323 Ad
677 2289 753 2324 hoc
787 2288 892 2324 enim
928 2291 1034 2325 Deus
1066 2289 1208 2325 celavit
1241 2302 1262 2326 a
1295 2290 1410 2326 nobis
1443 2300 1593 2338 puncta

277 2344 372 2381 talia
411 2354 453 2381 ut
491 2355 824 2394 recognoscentes
864 2346 1069 2383 humiliter
1102 2356 1281 2384 nostram
1317 2348 1592 2395 ignoranciam

277 2402 369 2439 fidei
401 2403 740 2441 necessarioribus
772 2405 920 2441 sorcius
953 2404 1197 2441 insistamus.

335 2462 540 2506 Quantum
575 2463 625 2498 ad
657 2462 800 2510 triplex
833 2472 1114 2510 argumentum
1149 2472 1258 2511 patet
1282 2465 1390 2512 quod
1414 2464 1590 2512 primum

277 2519 494 2555 assumitur
536 2520 661 2568 magis
701 2520 933 2569 ambiguum
976 2523 1025 2557 ad
1061 2521 1190 2558 minus
1230 2522 1463 2570 ambiguum
1499 2536 1591 2559 con—

345 2629 421 2657 2-3.
451 2629 495 2657 H:
523 2635 549 2657 et
569 2646 600 2649 —
620 2639 755 2666 superna
777 2632 870 2658 deest.
996 2630 1076 2664 3*4.
1105 2631 1148 2659 H:
1176 2635 1220 2659 est
1242 2648 1271 2650 —
1293 2632 1468 2660 descensum
1496 2633 1590 2661 deest.

276 2664 301 2692 5.
322 2665 366 2692 A:
394 2665 473 2692 llam:
492 2666 593 2692 vitam.
685 2673 723 2692 12.
745 2666 788 2693 H:
816 2669 945 2693 matrem
967 2666 1143 2693 eternalem.
1235 2665 1272 2693 13.
1296 2666 1318 2693 D
1341 2668 1371 2694 in
1394 2676 1508 2703 marg:
1536 2676 1589 2696 2111.

277 2708 318 2732 14.
340 2699 413 2727 DG:
436 2702 479 2726 est
498 2700 598 2733 deest;
619 2700 660 2727 ib.
680 2700 786 2728 ADG:
808 2709 911 2728 omnes
931 2701 1025 2728 deest.
1084 2709 1122 2735 17.
1143 2700 1215 2728 DG:
1237 2702 1426 2737 simpliciter.
1484 2702 1524 2730 18.
1546 2704 1588 2731 D:

274 2734 478 2796 supfffi‘fg-ri‘m'
546 2742 591 2796 aot.
607 2734 807 2796 Dbixbmarg.:
828 2736 1032 2797 .-‘1sszcmpc‹t'oH
1084 2735 1242 2797 221322.tH:
1263 2738 1477 2799 αριῧίένέιίίοὲ
1489 2738 1589 2800 ἐεοεῖῑ.

276 2776 319 2795 22.
366 2778 372 2795 ε
411 2777 573 2796 zcarffuun
597 2778 625 2801 ‚·1
653 2790 658 2796 .
704 2778 733 2797 1n
747 2778 814 2798 mar
839 2779 899 2797 .:1.
949 2778 962 2796 2
989 2791 994 2796 .
1043 2778 1104 2797 :stc
1137 2779 1209 2798 ees.
1259 2779 1273 2798 2
1300 2793 1305 2798 .
1417 2780 1465 2799 :es
1511 2781 1559 2800 ees
1583 2782 1589 2803 ς

276 2804 316 2830 ib.
333 2803 406 2831 DG:
428 2789 527 2840 quo³c⁷l;
548 2804 588 2831 ib.
606 2804 629 2831 D
645 2804 675 2831 in
692 2813 787 2841 marg.
801 2778 850 2834 :gl
906 2804 948 2832 25.
963 2779 1007 2832 jx:
1022 2806 1066 2832 sic
1079 2805 1180 2839 deest;
1201 2805 1241 2833 ib.
1259 2781 1301 2833 H4:
1318 2814 1400 2834 vere.
1428 2842 1431 2843 .
1457 2807 1502 2834 26.
1518 2807 1544 2834 D
1559 2807 1589 2834 iu

277 2846 391 2873 marg:
411 2847 444 2873 3.
513 2838 557 2866 28.
573 2840 617 2866 A:
639 2840 759 2867 beatum
778 2840 876 2867 twice.
943 2848 989 2874 29.
1006 2840 1049 2867 G:
1071 2841 1288 2875 corporaliter.
1354 2840 1399 2868 30.
1416 2841 1458 2868 D:
1480 2841 1588 2878 igitur.

276 2872 318 2900 33.
347 2875 391 2900 A:
419 2874 502 2900 circa
527 2874 672 2906 salutem;
701 2874 773 2901 DG:
804 2875 887 2902 circa
911 2875 1114 2902 salvacionem
1125 2885 1134 2906 ‚·
1162 2875 1201 2902 ib.
1231 2875 1348 2902 Codd.:
1378 2876 1586 2911 impertinens.

276 2906 318 2935 35.
331 2909 359 2935 A
371 2918 376 2935 :
388 2908 569 2936 humaniter.
617 2908 661 2944 37.
674 2909 698 2936 D
712 2909 742 2936 in
756 2918 851 2944 marg.
863 2920 868 2937 :
882 2910 925 2937 ad
934 2917 982 2937 1⁷11.
1032 2909 1076 2937 38.
1089 2910 1132 2937 H:
1145 2909 1188 2937 ad
1196 2910 1296 2938 minus
1305 2910 1481 2946 ambiguum
1494 2912 1587 2938 deest.

1638 1075 1666 1108 b)
1687 1076 1751 1102 that
1772 1076 1825 1102 she
1846 1076 1871 1103 is

1627 1118 1665 1136 on
1687 1111 1737 1137 the
1758 1111 1880 1145 highest

1621 1145 1729 1179 degree
1749 1146 1785 1173 ot*
1803 1145 1887 1172 bliss.

1633 2177 1690 2206 We
1711 2180 1784 2206 need
1807 2184 1860 2206 not

1622 2214 1713 2240 know
1735 2214 1873 2242 whether

1625 2249 1679 2276 she
1699 2257 1763 2276 was
1783 2250 1871 2277 taken

1608 2292 1647 2318 up
1668 2283 1697 2310 in
1719 2284 1770 2312 the
1791 2284 1883 2320 body.

1636 2468 1703 2496 The
1724 2477 1850 2496 reasons

1641 2503 1785 2537 assigned
1805 2504 1854 2531 for

1625 2538 1686 2565 this
1708 2539 1799 2566 belief
1815 2547 1865 2566 are

1648 2573 1844 2601 insufficient.
