2062 3276
193 248 300 291 42'

219 1456 285 1483 The
306 1457 430 1485 Church

272 1492 296 1518 is
317 1493 367 1519 tlte

216 1527 434 1561 congregation

273 1562 307 1588 ot*
325 1563 373 1589 [he

214 1596 430 1630 predestinato-

776 258 999 290 JoHANNis
1018 259 1202 291 WYCLIF
1222 261 1477 293 sERMONUM
1583 247 1733 306 [SERMO
1755 259 1792 287 v.

482 363 648 400 ecclesie
688 363 923 401 Antichristi
971 378 1047 414 que
1091 376 1312 414 procurant
1357 367 1709 415 perturbacionem
1756 378 1794 406 et

482 421 628 458 bellum
664 423 884 459 succedunt
918 424 1007 460 loco
1041 424 1213 460 turrium
1249 425 1414 462 ecclesie
1445 427 1535 462 Jesu
1561 426 1721 472 Christi,
1757 436 1793 463 et

481 479 537 516 sic
571 480 749 517 defectus
789 480 884 517 artis
925 481 1177 518 custodiendi
1217 483 1360 519 turrim
1402 483 1608 531 propriam
1652 493 1792 522 contra

481 539 698 585 dyabolum
741 547 778 574 et
823 540 955 575 hostes
994 539 1095 575 alios
1135 548 1192 576 est
1230 553 1350 577 causa
1389 541 1710 589 perturbacionis
1755 551 1793 579 et

481 595 680 632 discordie
704 596 743 632 in
768 597 935 633 ecclesia
961 596 1170 635 militante.
1197 598 1482 636 Custodiamus
1505 612 1599 647 ergo
1623 600 1824 636 fideliter5

480 654 622 689 turrim
659 663 837 691 nostram
863 667 932 702 per
956 655 1247 692 inhabitantem
1273 656 1475 693 Christum
1507 670 1577 705 per
1599 657 1791 705 graciam,

480 720 516 747 et
557 724 638 747 non
680 712 846 748 dubium
887 713 983 761 quin
1023 722 1130 750 totus
1171 714 1363 751 exercitus
1396 715 1556 763 dyaboli
1589 728 1671 752 non
1704 728 1791 763 pre-

479 769 582 806 valet
617 779 757 806 contra
790 770 919 815 illum,
961 771 1055 819 quia
1090 771 1174 819 ipse
1208 781 1264 808 est
1297 773 1521 820 potencior‚
1563 773 1791 821 sapiencior

479 836 516 863 et
555 827 803 864 voluntarior
843 829 992 864 habens
1038 830 1194 877 plurem
1244 840 1280 866 et
1320 830 1526 878 pociorem
1573 831 1788 868 exercitum

479 884 750 922 adiuvantem.
806 887 897 923 Ideo
950 890 1009 932 (ut
1057 888 1235 924 declarat
1285 888 1593 937 Lincolniensis)
1650 902 1848 926 omnes1o

479 955 539 979 res
574 943 713 979 mundi
758 957 839 980 non
884 953 1052 992 possunt
1085 945 1324 983 necessitare
1357 946 1487 995 ipsam
1522 946 1697 984 animam
1740 949 1790 984 ad

478 1003 728 1048 peccandum
763 1001 837 1038 nisi
871 1002 993 1050 gratis
1028 1004 1287 1041 consenserit.

1000 1176 1193 1216 SERMO
1226 1178 1274 1218 V.

897 1254 1369 1286 (Se1·m.Mixtinl„)

535 1338 704 1387 Propter
716 1339 876 1387 fratres
899 1352 1002 1375 meos
1034 1348 1069 1375 et
1086 1341 1294 1389 proximos
1323 1354 1426 1377 meos
1451 1342 1635 1390 loquebar
1652 1354 1788 1391 pacem
1809 1345 1844 1375 13

475 1408 523 1443 pe
556 1403 600 1431 te.
638 1397 784 1433 Psalm.
820 1398 975 1443 CXX10‚
1011 1399 1047 1434 8.

533 1453 701 1489 Videtur
734 1464 918 1491 sanctum
948 1457 1189 1504 prophetam
1214 1455 1349 1493 celesti
1373 1456 1523 1493 lumine
1547 1456 1786 1504 inspiratum

477 1512 524 1547 de
569 1521 706 1548 sancta
752 1522 879 1549 matre
919 1513 1084 1551 ecclesia
1132 1513 1263 1551 dicere
1298 1522 1466 1563 propter
1492 1515 1652 1563 fratres
1685 1528 1788 1551 meos

477 1569 742 1617 corporaliter
774 1571 834 1607 vel
867 1570 1129 1619 spiritualiter
1163 1571 1347 1608 doctrina
1379 1573 1438 1608 vel
1462 1572 1652 1620 suffragio
1676 1573 1788 1609 adiu-

475 1636 612 1663 vantes
665 1636 699 1663 et
739 1636 907 1678 propter
947 1630 1156 1679 proximos
1213 1642 1316 1666 meos
1367 1629 1493 1666 eciam
1545 1632 1592 1667 de
1643 1640 1787 1667 natura
1803 1643 1845 1664 20

476 1684 655 1732 angelica
679 1686 872 1723 noticiam
898 1687 1138 1735 inspirantes
1162 1689 1346 1737 loquebar
1372 1700 1508 1737 pacem
1543 1689 1590 1724 de
1620 1689 1787 1725 ecclesia

476 1752 603 1779 matre
637 1753 787 1781 nostra.
824 1747 991 1781 Constat
1026 1754 1159 1782 autem
1195 1758 1237 1782 ex
1271 1746 1348 1782 fide
1382 1747 1490 1794 quod
1524 1746 1690 1783 ecclesia
1730 1756 1787 1783 est

474 1801 604 1837 solum
638 1802 903 1850 congregacio
928 1803 1107 1840 fidelium
1139 1803 1365 1840 cuiusmodi
1396 1813 1488 1840 sunt
1510 1804 1785 1852 predestinati,

474 1871 564 1894 cum
590 1860 752 1906 presciti
777 1861 856 1896 sint
879 1861 1105 1898 necessario
1129 1862 1324 1898 infideles.
1359 1864 1433 1898 Ista
1458 1871 1592 1898 autem
1619 1862 1786 1899 ecclesia

474 1917 673 1954 catholica
707 1918 897 1955 dividitur
936 1919 975 1955 in
1015 1928 1094 1956 tres
1128 1929 1274 1967 partes,
1315 1919 1467 1956 scilicet
1500 1919 1539 1956 in
1574 1920 1784 1957 ecclesiam
1803 1923 1842 1955 25

473 1974 728 2022 militantem,
769 1976 978 2013 ecclesiam
1021 1977 1287 2014 dormientem
1329 1986 1366 2014 et
1401 1978 1610 2015 ecclesiam
1645 1978 1785 2015 trium-

472 2033 677 2080 phantem.
732 2036 779 2071 Et
827 2034 945 2071 istam
996 2035 1233 2072 divisionem
1287 2035 1495 2084 antiquam
1548 2036 1784 2073 solemnizat

472 2099 613 2127 cantus
646 2092 812 2129 ecclesie
846 2092 885 2128 in
918 2093 1018 2129 festo
1053 2093 1336 2130 Dedicacionis
1377 2093 1556 2140 ecclesie,
1591 2096 1686 2130 dum
1727 2094 1782 2131 sic

472 2147 593 2185 dicit:

747 2208 836 2243 Rex
867 2208 1051 2245 Salomon
1074 2210 1174 2258 fecit
1206 2209 1387 2258 templum
1798 2214 1839 2244 30

752 2265 867 2301 Cuius
899 2266 1023 2302 instar
1054 2274 1088 2303 et
1120 2268 1340 2316 exemplum

810 2323 988 2360 Christus
1020 2332 1055 2360 et
1086 2325 1254 2361 ecclesia.

746 2381 823 2417 Sed
854 2389 933 2418 tres
959 2390 1095 2432 partes
1126 2390 1213 2419 sunt
1245 2383 1280 2419 in
1313 2383 1454 2432 templo

537 2537 559 2564 5.
585 2538 608 2564 1:
631 2538 741 2573 igilur.
816 2547 851 2566 12.
874 2539 928 2566 El:
949 2540 1138 2567 consenserit
1157 2543 1212 2567 εἰσ.
1287 2539 1323 2568 13.
1345 2542 1372 2568 Α
1394 2541 1422 2568 in
1446 2549 1558 2576 marg:
1586 2542 1616 2567 S.
1638 2540 1676 2569 V:
1702 2541 1726 2567 Ι)
1748 2541 1776 2567 in

468 2580 564 2606 marg.
577 2582 582 2598 ε
595 2580 630 2609 ἐς.
695 2581 737 2607 19.
753 2574 780 2600 I:
802 2577 830 2600 cl
840 2574 1003 2609 proximos
1017 2575 1244 2610 corporaliter,·
1264 2575 1303 2602 ib.
1319 2575 1388 2602 DE:
1409 2575 1551 2602 doctrina
1567 2579 1595 2602 el
1608 2575 1776 2612 snfft‘agio.

469 2614 514 2639 20,
530 2614 569 2634 21.
586 2607 653 2633 DE:
676 2610 706 2635 et
718 2611 852 2643 propter
867 2609 1028 2643 proximos
1048 2625 1080 2629 —
1101 2610 1247 2637 noticiam
1263 2610 1450 2649 inspirantes
1464 2610 1558 2637 deest.
1581 2611 1627 2637 De
1646 2612 1778 2638 natura:

470 2642 494 2667 1:
523 2641 560 2668 dc
579 2642 674 2668 nulla.
783 2650 825 2670 22.
848 2643 889 2670 DI
909 2643 937 2670 in
960 2652 1075 2678 marga
1103 2643 1240 2671 Ecclesia
1260 2645 1352 2680 quid:
1379 2644 1403 2672 E
1424 2645 1453 2671 in
1476 2653 1590 2680 marg:
1620 2644 1777 2672 Ecclesia:

467 2676 495 2702 A
516 2676 544 2702 in
567 2684 681 2711 marg:
711 2676 801 2712 Quod
825 2678 952 2705 ecclesia
980 2681 1025 2705 est
1042 2679 1258 2714 congregacio
1269 2678 1413 2714 fidelium
1432 2679 1606 2706 cuiusmodi
1620 2682 1691 2707 sunt
1704 2687 1776 2713 pre-

466 2709 621 2742 destinati,
640 2713 670 2737 et
688 2711 741 2738 illa
762 2711 909 2738 dividitur
922 2713 952 2739 in
967 2716 1030 2740 tres
1045 2716 1163 2748 partes,
1181 2713 1301 2740 scilicet
1315 2714 1346 2741 in
1366 2714 1556 2747 militantem,
1577 2713 1776 2741 dormientem

467 2748 497 2771 et
510 2745 753 2780 triumphantem.
827 2755 873 2779 24.
895 2747 919 2774 D
936 2747 965 2774 in
984 2755 1098 2782 marg:
1119 2747 1258 2775 Ecclesia
1278 2748 1411 2783 triplex,·
1430 2749 1441 2775 Ι
1457 2748 1486 2775 in
1502 2756 1616 2783 marg:
1638 2747 1776 2775 Ecclesia

466 2779 619 2806 calholica
640 2780 788 2807 dividitur·
808 2781 837 2808 in
858 2784 921 2808 tres
935 2785 1053 2816 partes,
1145 2790 1187 2817 27.
1208 2783 1252 2810 A:
1280 2781 1320 2809 Et
1336 2785 1444 2810 sancta
1453 2793 1464 2815 ,·
1489 2782 1528 2810 ib.
1549 2784 1594 2811 A:
1621 2783 1774 2817 antiquus.

533 2875 589 2913 30.
617 2874 668 2908 Cf.
694 2876 814 2916 Serm„
841 2876 929 2908 Part.
956 2876 992 2915 ΙΙ,
1019 2886 1097 2918 pag.
1125 2876 1200 2918 354,
1226 2877 1278 2908 De
1302 2876 1468 2918 Ecclesia,
1493 2887 1572 2919 pag.
1597 2887 1652 2921 97.
