2062 3276
188 274 238 310 88

187 395 253 423 The
267 400 333 423 true
348 395 399 423 life
413 395 462 422 for

188 431 300 466 priests
314 429 340 457 is
355 429 462 465 taught

210 465 238 492 in
261 465 436 499 Scripture;

188 508 206 527 1.
219 500 314 536 hythe
324 499 462 534 example

197 534 232 562 of
248 534 297 562 the
318 533 450 569 Levites,

208 1041 234 1061 2.
256 1033 294 1060 bv
314 1030 447 1060 Christ‘s

216 1064 382 1095 conimand
405 1071 434 1093 to

267 1101 389 1137 preach.

201 1783 377 1812 Aristotle's
399 1782 461 1810 rulo

205 1819 269 1846 that
289 1827 304 1845 a
325 1817 465 1845 virtuous

243 1862 313 1880 man
335 1853 418 1880 takes

238 1889 377 1923 pleasure
397 1887 427 1914 in

212 1923 306 1958 doing
324 1922 406 1962 good
428 1921 454 1948 is

232 1957 427 1985 insufnc1ent.

769 283 992 314 JOHANNIS
1010 283 1194 314 WYCLIF
1214 283 1468 315 SERMONI'M
1576 270 1729 327 [SERMO
1750 281 1786 309 X.

535 388 709 424 Medium
762 397 894 424 autem
947 389 995 424 ad
1041 389 1345 425 discernendum
1394 390 1465 425 hec
1509 388 1644 425 omnia
1689 390 1790 426 foret

478 445 574 482 fides
610 446 818 494 scripture,
854 455 896 482 ut
937 448 1115 482 notando
1157 455 1235 482 tres
1278 447 1383 494 leges
1418 447 1465 482 de
1507 446 1629 483 veteri
1672 456 1791 483 testa-

479 513 626 547 mento,
667 504 816 540 scilicet
849 504 1013 540 Numeri
1046 506 1202 547 XV1110,
1244 504 1548 540 Deuteronomii
1581 506 1722 541 XV1110
1756 514 1792 541 et

478 561 696 598 Ezechielis
735 563 871 607 X1N0,
919 563 1123 610 quomodo
1168 562 1257 598 filiis
1299 561 1390 598 Levi
1428 561 1501 598 fuit
1545 561 1791 610 prohibitum

479 620 625 656 habere
665 629 819 668 partem
860 632 949 656 cum
991 619 1071 656 suis
1109 620 1310 665 fratribus,
1351 632 1431 656 non
1469 621 1652 656 obstante
1686 622 1793 668 quod

479 687 592 714 erant
630 677 671 714 in
712 686 816 714 etate
857 677 999 725 puerili
1039 677 1159 714 seculi
1200 691 1290 714 cum
1331 677 1440 714 duris
1478 677 1665 714 oneribus
1697 677 1794 726 legis

477 735 620 772 veteris
652 735 844 772 onustati.
878 734 918 771 Si
951 735 1146 784 (inquam)
1180 735 1252 772 iste
1284 744 1362 772 tres
1384 737 1490 783 leges
1513 736 1643 772 forent
1666 735 1794 784 posite

480 793 585 830 iuxta
619 803 748 830 cartas
781 793 1011 829 humanitus
1051 793 1297 840 adinventas,
1336 793 1461 830 videri
1495 802 1627 841 posset
1658 802 1793 830 utrum

479 852 644 887 verbum
670 850 832 887 Domini
856 852 963 900 quod
994 861 1051 887 est
1084 852 1141 887 lex
1176 851 1381 888 christiani
1407 852 1506 887 foret
1528 851 1794 899 ponderacius

480 910 587 957 apud
650 918 832 945 vocatam
899 909 1106 945 ecclesiam
1169 923 1289 957 quam
1355 909 1553 957 scriptura
1616 909 1793 957 apocrifa

479 966 728 1003 Antichristi.

539 1027 699 1071 Iterum,
739 1024 980 1072 iuxtaposito
1019 1024 1095 1060 isto
1127 1026 1248 1061 verbo
1282 1025 1442 1061 Domini
1477 1024 1600 1061 Marci
1633 1024 1795 1061 ultimo:

481 1083 686 1119 Predicate
735 1083 977 1133 evangelizam
1031 1083 1134 1118 omni
1182 1091 1361 1119 creature
1410 1083 1516 1119 iuxta
1561 1084 1796 1119 mandatum

480 1140 656 1189 episcopi
700 1140 780 1177 sive
824 1153 938 1188 pape,
983 1140 1107 1176 videri
1157 1150 1290 1188 posset
1334 1140 1501 1177 faciliter
1544 1150 1677 1177 utrum
1723 1142 1798 1177 hoc

482 1200 716 1235 mandatum
763 1198 911 1234 Christi
963 1198 1112 1234 dictum
1165 1198 1312 1235 curatis
1358 1199 1457 1235 foret
1501 1198 1797 1246 ponderancius

481 1269 601 1305 quam
638 1258 871 1293 mandatum
914 1256 1090 1304 episcopi
1125 1256 1254 1292 verbis
1288 1256 1434 1292 Christi
1468 1256 1714 1292 contrarium
1749 1257 1798 1292 ad

481 1314 737 1362 spoliandum
771 1314 972 1362 simplices
1005 1327 1077 1362 pro
1116 1314 1361 1361 perficiendo
1400 1326 1520 1362 opere
1552 1313 1798 1360 Antichristi‚

482 1381 519 1409 et
542 1372 596 1408 sic
629 1371 868 1420 generaliter
891 1373 938 1408 de
970 1371 1079 1408 omni
1109 1373 1214 1408 facto
1248 1372 1442 1420 presentis
1475 1371 1640 1408 ecclesie
1672 1384 1801 1408 sacer·

482 1432 633 1466 dotum.
649 1431 767 1466 Tales
790 1442 884 1477 ergo
907 1439 1068 1478 agentes
1092 1438 1128 1466 et
1152 1430 1450 1466 consencientes
1474 1439 1612 1466 contra
1634 1431 1798 1466 verbum

483 1487 630 1525 Christi
664 1489 812 1524 habent
845 1488 1054 1524 materiam
1089 1488 1339 1536 desperandi.
1386 1490 1432 1525 Et
1473 1488 1602 1524 solum
1643 1487 1698 1523 illi
1732 1487 1799 1536 qui

482 1547 694 1582 observant
747 1547 874 1594 legem
928 1545 1073 1582 Christi
1127 1546 1166 1582 in
1218 1547 1338 1582 verbo
1391 1556 1428 1582 et
1479 1558 1600 1594 opere
1652 1547 1800 1582 habent

485 1604 694 1640 materiam
728 1603 914 1652 sperandi
955 1603 1242 1640 beatitudinem
1276 1604 1315 1639 in
1350 1613 1484 1641 eterna
1518 1603 1798 1640 retribucione.

485 1665 636 1699 Doceat
676 1675 769 1709 ergo
808 1663 1001 1710 dyabolus
1040 1675 1154 1698 suum
1200 1671 1441 1710 temptatum
1475 1663 1582 1710 quod
1615 1661 1799 1698 convenit

485 1719 562 1768 legi
596 1719 743 1756 Christi
777 1729 814 1756 et
847 1721 894 1756 de
927 1729 1038 1756 tanto
1071 1719 1210 1756 timeat
1242 1721 1309 1756 sed
1342 1733 1422 1756 non
1455 1721 1571 1756 ultra.

544 1781 591 1814 Et
635 1787 744 1825 patet
789 1779 896 1825 quod
940 1777 1186 1826 impossibile
1230 1777 1280 1814 sit
1323 1777 1407 1814 sine
1451 1790 1542 1814 vera
1593 1777 1670 1813 fide
1716 1790 1798 1814 esse

487 1835 690 1872 hominem
720 1835 955 1881 virtuosum,
989 1845 1026 1872 et
1050 1836 1147 1872 fides
1171 1835 1210 1872 in
1235 1835 1368 1872 multis
1391 1848 1435 1872 ac
1460 1834 1614 1883 magnis
1638 1835 1800 1883 prelatis

485 1903 640 1930 tantum
680 1893 838 1934 titubat,
880 1903 1075 1941 quantum
1116 1893 1227 1941 egeni
1267 1902 1357 1930 sunt
1396 1895 1622 1930 sacerdotes
1660 1893 1799 1939 nostri,

484 1951 575 1988 licet
609 1952 686 1988 sint
718 1951 756 1987 in
790 1961 963 1988 stercore
1002 1952 1285 2000 temporalium
1327 1953 1616 1988 habundantes.
1663 1953 1711 1987 Et
1743 1950 1799 1988 sic

485 2009 575 2046 licet
607 2009 838 2046 Aristoteles
872 2010 979 2046 dedit
1012 2023 1084 2058 pro
1118 2011 1253 2057 regula
1286 2011 1335 2046 ad
1370 2010 1691 2057 cognoscendum
1724 2008 1801 2045 vir-

485 2077 609 2103 tutem
665 2069 771 2115 quod
832 2069 951 2104 homo
1008 2080 1051 2104 ex
1108 2067 1245 2104 habitu
1303 2069 1453 2103 bonum
1515 2066 1801 2103 delectabiliter

485 2134 688 2173 operatur,
721 2135 879 2173 oportet
912 2135 1045 2162 tamen
1084 2125 1240 2161 fidelem
1275 2126 1555 2173 superaddere,
1590 2137 1680 2161 curn
1712 2124 1801 2161 Ari-

486 2184 645 2219 stoteles
685 2183 892 2220 materiam
932 2193 1066 2220 nostre
1108 2183 1199 2219 fidei
1241 2182 1450 2231 ignoravit.
1501 2184 1633 2219 Potest
1666 2191 1799 2218 autern

486 2240 657 2277 infidelis
697 2241 983 2278 delectabiliter
1020 2241 1176 2289 operari
1221 2242 1325 2277 bona
1364 2242 1411 2276 de
1451 2252 1593 2288 genere
1632 2249 1668 2276 et
1709 2253 1800 2276 cum

487 2299 561 2335 hoc
595 2311 677 2335 esse
710 2299 904 2346 prescitus
938 2298 1146 2336 actualiter
1170 2299 1272 2335 male
1304 2311 1437 2346 agens,
1472 2311 1562 2334 curn
1587 2297 1800 2346 disposicio

1816 922 1854 944 10

1819 1202 1855 1234 15

1817 1501 1858 1523 20

1817 1781 1856 1813 25

1818 2068 1858 2100 30

487 2355 681 2393 inclinans
720 2356 922 2393 hominem
963 2358 1011 2393 ad
1052 2358 1250 2405 agendum
1285 2358 1432 2393 bonum
1468 2357 1514 2392 de
1547 2368 1689 2404 genere
1721 2368 1801 2392 non
1816 2357 1856 2390 35

487 2413 570 2450 sine
614 2414 746 2461 gracia
791 2424 827 2450 et
872 2415 948 2450 fide
993 2427 1063 2462 per
1107 2427 1146 2451 se
1190 2414 1283 2451 facit
1322 2413 1524 2450 hominem
1564 2413 1799 2450 virtuosum.

557 2566 581 2585 2.
598 2558 624 2585 1:
646 2562 675 2585 et
688 2558 836 2586 notando.
908 2567 936 2592 4.
954 2558 1070 2586 Codd.:
1092 2559 1198 2593 Εἶρα-11.
1214 2558 1314 2586 XLII'.
1331 2558 1476 2592 Correxi;
1497 2558 1536 2586 ib.
1553 2559 1597 2586 A:
1628 2558 1800 2585 trolzibitum

489 2596 542 2619 est.
664 2594 690 2619 6.
719 2593 757 2620 E:
781 2593 923 2628 puerilis.
1049 2593 1076 2621 8.
1105 2595 1148 2621 A:
1177 2593 1262 2620 iuxta
1290 2594 1419 2620 caritas.
1548 2601 1589 2621 ιο.
1639 2602 1645 2620 :
1672 2593 1799 2628 scripta.

490 2635 526 2654 ιε.
549 2627 647 2655 ΑΙ)Ε;
670 2627 809 2655 Matthei.
873 2627 909 2656 13.
932 2628 970 2655 E:
988 2628 1165 2663 predicare.
1229 2636 1270 2660 ιι.
1292 2627 1332 2654 E:
1353 2627 1467 2655 videre.
1529 2635 1568 2655 21.
1589 2627 1614 2655 E
1633 2627 1663 2655 in
1685 2636 1799 2662 marg.:

490 2661 570 2689 Nota
600 2662 685 2689 belm.
829 2661 870 2689 23.
898 2664 941 2690 A:
972 2671 1052 2697 crgo
1077 2663 1180 2693 deest:
1210 2663 1237 2690 1:
1269 2662 1387 2698 igitur:
1416 2663 1456 2690 ib.
1483 2663 1565 2690 DEI:
1596 2663 1799 2689 contravenit.

489 2697 531 2724 25.
552 2697 581 2724 1:
604 2696 686 2731 quod
705 2705 779 2723 cum.
844 2698 889 2725 26.
911 2706 967 2726 ac:
987 2698 1030 2724 A:
1052 2700 1089 2724 et.
1155 2698 1198 2724 28.
1219 2696 1293 2724 Ab:
1314 2697 1359 2724 sic
1377 2697 1471 2724 deest.
1537 2704 1582 2726 20.
1604 2697 1629 2724 D
1650 2697 1680 2724 in
1702 2705 1798 2731 marg.

490 2739 547 2766 sup
571 2741 576 2758 t
605 2731 774 2758 Secundum
796 2731 989 2759 Aristotelem
1016 2732 1171 2758 virtuosus
1203 2740 1240 2758 cx
1265 2732 1368 2758 habitu
1395 2731 1616 2759 delectabiliter
1640 2734 1799 2766 operatur.

489 2765 514 2793 E
533 2766 562 2793 in
585 2774 697 2801 marg-2
725 2766 860 2799 Inlidclis
880 2766 1101 2793 delectabiliter
1113 2769 1217 2802 potest
1235 2766 1313 2793 bona
1335 2767 1472 2801 operari.

560 2849 614 2927 C133.
640 2850 743 2880 Marci
770 2849 856 2889 XVI,
880 2850 930 2882 15.
1028 2850 1079 2882 31.
1107 2849 1307 2881 Aristoteles
1335 2849 1454 2881 Ethica
1480 2849 1612 2881 Nicom.
1639 2849 1676 2888 11,
1695 2859 1717 2889 4
1734 2859 1797 2891 sq.‚

496 2905 558 2926 110
607 2905 659 2937 sq.
