<?xml version="1.0" encoding="UTF-8"?>
<!DOCTYPE html PUBLIC "-//W3C//DTD XHTML 1.0 Transitional//EN"
    "http://www.w3.org/TR/xhtml1/DTD/xhtml1-transitional.dtd">
<html xmlns="http://www.w3.org/1999/xhtml" xml:lang="en" lang="en">
 <head>
  <title>
</title>
<meta http-equiv="Content-Type" content="text/html;charset=utf-8" />
  <meta name='ocr-system' content='tesseract 3.04.00' />
  <meta name='ocr-capabilities' content='ocr_page ocr_carea ocr_par ocr_line ocrx_word'/>
</head>
<body>
  <div class='ocr_page' id='page_1' title='image "./iohanniswyclifse0704wycl_0133.png"; bbox 0 0 2062 3276; ppageno 0'>
   <div class='ocr_carea' id='block_1_1' title="bbox 231 228 1085 287">
    <p class='ocr_par' dir='ltr' id='par_1_1' title="bbox 231 228 1085 287">
     <span class='ocr_line' id='line_1_1' title="bbox 231 228 1085 287; baseline 0.009 -20"><span class='ocrx_word' id='word_1_1' title='bbox 231 240 367 269; x_wconf 68' lang='lat' dir='ltr'>semro</span> <span class='ocrx_word' id='word_1_2' title='bbox 388 228 486 287; x_wconf 66' lang='lat' dir='ltr'>xm]</span> <span class='ocrx_word' id='word_1_3' title='bbox 740 243 932 283; x_wconf 73' lang='lat' dir='ltr'><strong>QUARTA</strong></span> <span class='ocrx_word' id='word_1_4' title='bbox 959 244 1085 276; x_wconf 73' lang='lat' dir='ltr'>PARS.</span> 
     </span>
    </p>
   </div>
   <div class='ocr_carea' id='block_1_2' title="bbox 676 429 1103 543">
    <p class='ocr_par' dir='ltr' id='par_1_2' title="bbox 676 429 1103 543">
     <span class='ocr_line' id='line_1_2' title="bbox 718 429 1057 471; baseline 0.006 -2"><span class='ocrx_word' id='word_1_5' title='bbox 718 429 915 470; x_wconf 83' lang='lat' dir='ltr'>SERMO</span> <span class='ocrx_word' id='word_1_6' title='bbox 949 431 1057 471; x_wconf 86' lang='lat' dir='ltr'>XIV.</span> 
     </span>
     <span class='ocr_line' id='line_1_3' title="bbox 676 507 1103 543; baseline 0 -8"><span class='ocrx_word' id='word_1_7' title='bbox 676 507 1103 543; x_wconf 72' lang='lat' dir='ltr'>(Se1·m.Mixtixx.)</span> 
     </span>
    </p>
   </div>
   <div class='ocr_carea' id='block_1_3' title="bbox 193 582 1542 979">
    <p class='ocr_par' dir='ltr' id='par_1_3' title="bbox 291 582 1297 629">
     <span class='ocr_line' id='line_1_4' title="bbox 291 582 1297 629; baseline 0.002 -12"><span class='ocrx_word' id='word_1_8' title='bbox 291 582 420 618; x_wconf 81' lang='lat' dir='ltr'><em>Corde</em></span> <span class='ocrx_word' id='word_1_9' title='bbox 452 583 627 618; x_wconf 78' lang='lat' dir='ltr'>creditur</span> <span class='ocrx_word' id='word_1_10' title='bbox 659 583 710 618; x_wconf 82' lang='lat' dir='ltr'>ad</span> <span class='ocrx_word' id='word_1_11' title='bbox 742 583 942 618; x_wconf 79' lang='lat' dir='ltr'>iusticiam.</span> <span class='ocrx_word' id='word_1_12' title='bbox 981 585 1094 619; x_wconf 82' lang='lat' dir='ltr'>Rom.</span> <span class='ocrx_word' id='word_1_13' title='bbox 1128 584 1196 629; x_wconf 74' lang='lat' dir='ltr'>XO,</span> <span class='ocrx_word' id='word_1_14' title='bbox 1238 596 1297 620; x_wconf 88' lang='grc' dir='ltr'>ιο.</span> 
     </span>
    </p>

    <p class='ocr_par' dir='ltr' id='par_1_4' title="bbox 193 641 1542 979">
     <span class='ocr_line' id='line_1_5' title="bbox 286 641 1542 689; baseline 0.002 -14"><span class='ocrx_word' id='word_1_15' title='bbox 286 641 359 675; x_wconf 82' lang='lat' dir='ltr'>iste</span> <span class='ocrx_word' id='word_1_16' title='bbox 392 649 553 676; x_wconf 86' lang='lat' dir='ltr'>sanctus</span> <span class='ocrx_word' id='word_1_17' title='bbox 587 641 792 688; x_wconf 87' lang='lat' dir='ltr'>apostolus</span> <span class='ocrx_word' id='word_1_18' title='bbox 826 642 1006 677; x_wconf 79' lang='lat' dir='ltr'>Andreas</span> <span class='ocrx_word' id='word_1_19' title='bbox 1041 641 1180 677; x_wconf 84' lang='lat' dir='ltr'>habuit</span> <span class='ocrx_word' id='word_1_20' title='bbox 1224 642 1427 689; x_wconf 84' lang='lat' dir='ltr'>quandam</span> <span class='ocrx_word' id='word_1_21' title='bbox 1463 641 1542 689; x_wconf 90' lang='lat' dir='ltr'>pri-</span> 
     </span>
     <span class='ocr_line' id='line_1_6' title="bbox 193 697 1541 746; baseline 0.001 -13"><span class='ocrx_word' id='word_1_22' title='bbox 193 697 404 734; x_wconf 65' lang='lat' dir='ltr'>§mitatem</span> <span class='ocrx_word' id='word_1_23' title='bbox 442 698 532 734; x_wconf 91' lang='lat' dir='ltr'>fidei</span> <span class='ocrx_word' id='word_1_24' title='bbox 555 711 676 746; x_wconf 80' lang='lat' dir='ltr'>supra</span> <span class='ocrx_word' id='word_1_25' title='bbox 700 707 865 740; x_wconf 85' lang='lat' dir='ltr'>ceteros,</span> <span class='ocrx_word' id='word_1_26' title='bbox 901 711 990 734; x_wconf 88' lang='lat' dir='ltr'>cum</span> <span class='ocrx_word' id='word_1_27' title='bbox 1015 700 1064 735; x_wconf 90' lang='lat' dir='ltr'>ad</span> <span class='ocrx_word' id='word_1_28' title='bbox 1089 699 1306 734; x_wconf 89' lang='lat' dir='ltr'>Dominum</span> <span class='ocrx_word' id='word_1_29' title='bbox 1332 699 1541 735; x_wconf 81' lang='lat' dir='ltr'>induxerat</span> 
     </span>
     <span class='ocr_line' id='line_1_7' title="bbox 224 753 1542 808; baseline 0.002 -18"><span class='ocrx_word' id='word_1_30' title='bbox 224 756 385 792; x_wconf 86' lang='lat' dir='ltr'>fratrem</span> <span class='ocrx_word' id='word_1_31' title='bbox 440 769 556 792; x_wconf 86' lang='lat' dir='ltr'>suum</span> <span class='ocrx_word' id='word_1_32' title='bbox 611 758 772 792; x_wconf 86' lang='lat' dir='ltr'>Petrum</span> <span class='ocrx_word' id='word_1_33' title='bbox 821 753 884 808; x_wconf 83' lang='lat' dir='ltr'>(ut</span> <span class='ocrx_word' id='word_1_34' title='bbox 938 765 1045 804; x_wconf 88' lang='lat' dir='ltr'>patet</span> <span class='ocrx_word' id='word_1_35' title='bbox 1096 758 1184 793; x_wconf 81' lang='lat' dir='ltr'>Joh.</span> <span class='ocrx_word' id='word_1_36' title='bbox 1232 754 1285 808; x_wconf 84' lang='lat'>1);</span> <span class='ocrx_word' id='word_1_37' title='bbox 1331 756 1422 793; x_wconf 87' lang='lat' dir='ltr'>ideo</span> <span class='ocrx_word' id='word_1_38' title='bbox 1466 757 1542 805; x_wconf 75' lang='lat' dir='ltr'>sig-</span> 
     </span>
     <span class='ocr_line' id='line_1_8' title="bbox 224 813 1541 862; baseline 0.002 -13"><span class='ocrx_word' id='word_1_39' title='bbox 224 822 366 850; x_wconf 84' lang='lat' dir='ltr'>nanter</span> <span class='ocrx_word' id='word_1_40' title='bbox 398 813 435 849; x_wconf 87' lang='lat' dir='ltr'>in</span> <span class='ocrx_word' id='word_1_41' title='bbox 471 814 765 861; x_wconf 74' lang='lat' dir='ltr'>sollempnitate</span> <span class='ocrx_word' id='word_1_42' title='bbox 797 827 867 850; x_wconf 88' lang='lat' dir='ltr'>sua</span> <span class='ocrx_word' id='word_1_43' title='bbox 900 815 1045 862; x_wconf 74' lang='lat' dir='ltr'>legitur</span> <span class='ocrx_word' id='word_1_44' title='bbox 1076 814 1151 851; x_wconf 84' lang='lat' dir='ltr'>ista</span> <span class='ocrx_word' id='word_1_45' title='bbox 1184 814 1363 862; x_wconf 84' lang='lat' dir='ltr'>epistola.</span> <span class='ocrx_word' id='word_1_46' title='bbox 1410 815 1541 851; x_wconf 88' lang='lat' dir='ltr'>Nichil</span> 
     </span>
     <span class='ocr_line' id='line_1_9' title="bbox 223 871 1541 921; baseline 0.001 -14"><span class='ocrx_word' id='word_1_47' title='bbox 223 871 326 907; x_wconf 88' lang='lat' dir='ltr'>enim</span> <span class='ocrx_word' id='word_1_48' title='bbox 362 880 419 908; x_wconf 90' lang='lat' dir='ltr'>est</span> <span class='ocrx_word' id='word_1_49' title='bbox 452 871 594 908; x_wconf 87' lang='lat' dir='ltr'>iustius</span> <span class='ocrx_word' id='word_1_50' title='bbox 628 881 809 908; x_wconf 79' lang='lat' dir='ltr'>creature</span> <span class='ocrx_word' id='word_1_51' title='bbox 842 885 961 920; x_wconf 82' lang='lat' dir='ltr'>quam</span> <span class='ocrx_word' id='word_1_52' title='bbox 994 873 1175 914; x_wconf 77' lang='lat' dir='ltr'>credere:</span> <span class='ocrx_word' id='word_1_53' title='bbox 1209 885 1301 909; x_wconf 84' lang='lat' dir='ltr'>narn</span> <span class='ocrx_word' id='word_1_54' title='bbox 1327 873 1480 921; x_wconf 89' lang='lat' dir='ltr'>primus</span> <span class='ocrx_word' id='word_1_55' title='bbox 1504 882 1541 909; x_wconf 91' lang='lat' dir='ltr'>et</span> 
     </span>
     <span class='ocr_line' id='line_1_10' title="bbox 222 930 1540 979; baseline 0.001 -14"><span class='ocrx_word' id='word_1_56' title='bbox 222 942 432 977; x_wconf 88' lang='lat' dir='ltr'>supremus</span> <span class='ocrx_word' id='word_1_57' title='bbox 465 942 603 966; x_wconf 86' lang='lat' dir='ltr'>sensus</span> <span class='ocrx_word' id='word_1_58' title='bbox 638 930 809 966; x_wconf 90' lang='lat' dir='ltr'>hominis</span> <span class='ocrx_word' id='word_1_59' title='bbox 843 938 900 965; x_wconf 89' lang='lat' dir='ltr'>est</span> <span class='ocrx_word' id='word_1_60' title='bbox 933 930 1157 966; x_wconf 88' lang='lat' dir='ltr'>intellectus</span> <span class='ocrx_word' id='word_1_61' title='bbox 1191 930 1259 979; x_wconf 86' lang='lat' dir='ltr'>qui</span> <span class='ocrx_word' id='word_1_62' title='bbox 1293 932 1342 967; x_wconf 84' lang='lat' dir='ltr'>ad</span> <span class='ocrx_word' id='word_1_63' title='bbox 1377 933 1540 967; x_wconf 86' lang='lat' dir='ltr'>creden-</span> 
     </span>
    </p>
   </div>
   <div class='ocr_carea' id='block_1_4' title="bbox 168 987 1538 1036">
    <p class='ocr_par' dir='ltr' id='par_1_5' title="bbox 168 987 1538 1036">
     <span class='ocr_line' id='line_1_11' title="bbox 168 987 1538 1036; baseline 0.002 -15"><span class='ocrx_word' id='word_1_64' title='bbox 168 1000 206 1020; x_wconf 94' lang='grc' dir='ltr'>ιο</span> <span class='ocrx_word' id='word_1_65' title='bbox 223 988 317 1023; x_wconf 88' lang='lat' dir='ltr'>dum</span> <span class='ocrx_word' id='word_1_66' title='bbox 353 990 480 1024; x_wconf 87' lang='lat' dir='ltr'>Deum</span> <span class='ocrx_word' id='word_1_67' title='bbox 514 996 571 1024; x_wconf 89' lang='lat' dir='ltr'>est</span> <span class='ocrx_word' id='word_1_68' title='bbox 605 988 778 1024; x_wconf 86' lang='lat' dir='ltr'>finaliter</span> <span class='ocrx_word' id='word_1_69' title='bbox 809 987 1031 1034; x_wconf 82' lang='lat' dir='ltr'>ordinatus,</span> <span class='ocrx_word' id='word_1_70' title='bbox 1077 1001 1149 1024; x_wconf 91' lang='lat' dir='ltr'>nec</span> <span class='ocrx_word' id='word_1_71' title='bbox 1195 997 1325 1036; x_wconf 89' lang='lat' dir='ltr'>potest</span> <span class='ocrx_word' id='word_1_72' title='bbox 1370 1001 1453 1025; x_wconf 91' lang='lat' dir='ltr'>esse</span> <span class='ocrx_word' id='word_1_73' title='bbox 1499 989 1538 1024; x_wconf 90' lang='lat' dir='ltr'>in</span> 
     </span>
    </p>
   </div>
   <div class='ocr_carea' id='block_1_5' title="bbox 219 1044 1539 1268">
    <p class='ocr_par' dir='ltr' id='par_1_6' title="bbox 219 1044 1539 1268">
     <span class='ocr_line' id='line_1_12' title="bbox 222 1044 1539 1099; baseline 0.001 -18"><span class='ocrx_word' id='word_1_74' title='bbox 222 1046 295 1082; x_wconf 89' lang='lat' dir='ltr'>hoc</span> <span class='ocrx_word' id='word_1_75' title='bbox 330 1046 537 1093; x_wconf 67' lang='lat' dir='ltr'>decepeio:</span> <span class='ocrx_word' id='word_1_76' title='bbox 582 1046 672 1082; x_wconf 88' lang='lat' dir='ltr'>ideo</span> <span class='ocrx_word' id='word_1_77' title='bbox 706 1046 869 1082; x_wconf 81' lang='lat' dir='ltr'>frustrat</span> <span class='ocrx_word' id='word_1_78' title='bbox 902 1044 1117 1098; x_wconf 87' lang='lat' dir='ltr'>(quantum</span> <span class='ocrx_word' id='word_1_79' title='bbox 1152 1046 1192 1082; x_wconf 90' lang='lat' dir='ltr'>in</span> <span class='ocrx_word' id='word_1_80' title='bbox 1226 1046 1311 1094; x_wconf 86' lang='lat' dir='ltr'>ipso</span> <span class='ocrx_word' id='word_1_81' title='bbox 1345 1045 1422 1099; x_wconf 83' lang='lat' dir='ltr'>est)</span> <span class='ocrx_word' id='word_1_82' title='bbox 1467 1047 1539 1082; x_wconf 87' lang='lat' dir='ltr'>Dei</span> 
     </span>
     <span class='ocr_line' id='line_1_13' title="bbox 220 1103 1537 1152; baseline 0.001 -13"><span class='ocrx_word' id='word_1_83' title='bbox 220 1103 522 1140; x_wconf 78' lang='lat' dir='ltr'>ordinacionem</span> <span class='ocrx_word' id='word_1_84' title='bbox 557 1104 625 1152; x_wconf 88' lang='lat' dir='ltr'>qui</span> <span class='ocrx_word' id='word_1_85' title='bbox 657 1117 736 1140; x_wconf 92' lang='lat' dir='ltr'>non</span> <span class='ocrx_word' id='word_1_86' title='bbox 769 1104 931 1140; x_wconf 79' lang='lat' dir='ltr'>adhibet</span> <span class='ocrx_word' id='word_1_87' title='bbox 964 1104 1080 1140; x_wconf 82' lang='lat' dir='ltr'>istam</span> <span class='ocrx_word' id='word_1_88' title='bbox 1117 1105 1257 1144; x_wconf 79' lang='lat' dir='ltr'>fidem:</span> <span class='ocrx_word' id='word_1_89' title='bbox 1291 1107 1397 1140; x_wconf 85' lang='lat' dir='ltr'>unde</span> <span class='ocrx_word' id='word_1_90' title='bbox 1435 1105 1537 1140; x_wconf 87' lang='lat' dir='ltr'>sicut</span> 
     </span>
     <span class='ocr_line' id='line_1_14' title="bbox 220 1161 1539 1210; baseline 0 -12"><span class='ocrx_word' id='word_1_91' title='bbox 220 1161 298 1198; x_wconf 72' lang='lat' dir='ltr'>vita</span> <span class='ocrx_word' id='word_1_92' title='bbox 331 1162 509 1210; x_wconf 79' lang='lat' dir='ltr'>precedit</span> <span class='ocrx_word' id='word_1_93' title='bbox 542 1174 680 1198; x_wconf 86' lang='lat' dir='ltr'>omnes</span> <span class='ocrx_word' id='word_1_94' title='bbox 714 1162 811 1198; x_wconf 86' lang='lat' dir='ltr'>alios</span> <span class='ocrx_word' id='word_1_95' title='bbox 845 1171 957 1198; x_wconf 87' lang='lat' dir='ltr'>actus</span> <span class='ocrx_word' id='word_1_96' title='bbox 990 1164 1199 1203; x_wconf 80' lang='lat' dir='ltr'>secundos,</span> <span class='ocrx_word' id='word_1_97' title='bbox 1240 1162 1296 1198; x_wconf 90' lang='lat' dir='ltr'>sic</span> <span class='ocrx_word' id='word_1_98' title='bbox 1331 1163 1426 1199; x_wconf 90' lang='lat' dir='ltr'>fides</span> <span class='ocrx_word' id='word_1_99' title='bbox 1464 1162 1539 1199; x_wconf 76' lang='lat' dir='ltr'>vir-</span> 
     </span>
     <span class='ocr_line' id='line_1_15' title="bbox 219 1220 1538 1268; baseline 0.001 -13"><span class='ocrx_word' id='word_1_100' title='bbox 219 1228 322 1256; x_wconf 86' lang='lat' dir='ltr'>tutes</span> <span class='ocrx_word' id='word_1_101' title='bbox 366 1220 482 1261; x_wconf 77' lang='lat' dir='ltr'>alias:</span> <span class='ocrx_word' id='word_1_102' title='bbox 528 1229 564 1256; x_wconf 91' lang='lat' dir='ltr'>et</span> <span class='ocrx_word' id='word_1_103' title='bbox 610 1220 700 1256; x_wconf 88' lang='lat' dir='ltr'>hinc</span> <span class='ocrx_word' id='word_1_104' title='bbox 745 1220 839 1256; x_wconf 91' lang='lat' dir='ltr'>dicit</span> <span class='ocrx_word' id='word_1_105' title='bbox 879 1221 1094 1268; x_wconf 76' lang='lat' dir='ltr'>Apostolus</span> <span class='ocrx_word' id='word_1_106' title='bbox 1139 1222 1259 1259; x_wconf 84' lang='lat' dir='ltr'>Hebr,</span> <span class='ocrx_word' id='word_1_107' title='bbox 1293 1222 1362 1267; x_wconf 73' lang='lat' dir='ltr'>XO,</span> <span class='ocrx_word' id='word_1_108' title='bbox 1400 1221 1448 1257; x_wconf 79' lang='lat'>38</span> <span class='ocrx_word' id='word_1_109' title='bbox 1495 1233 1538 1256; x_wconf 83' lang='lat' dir='ltr'>ex</span> 
     </span>
    </p>
   </div>
   <div class='ocr_carea' id='block_1_6' title="bbox 187 1277 1536 1329">
    <p class='ocr_par' dir='ltr' id='par_1_7' title="bbox 187 1277 1536 1329">
     <span class='ocr_line' id='line_1_16' title="bbox 187 1277 1536 1329; baseline 0.001 -17"><span class='ocrx_word' id='word_1_110' title='bbox 187 1277 449 1314; x_wconf 61' lang='lat' dir='ltr'>§testimonio</span> <span class='ocrx_word' id='word_1_111' title='bbox 483 1279 695 1326; x_wconf 79' lang='lat' dir='ltr'>prophete:</span> <span class='ocrx_word' id='word_1_112' title='bbox 739 1279 872 1314; x_wconf 77' lang='lat' dir='ltr'>Justus</span> <span class='ocrx_word' id='word_1_113' title='bbox 917 1291 1022 1315; x_wconf 82' lang='lat' dir='ltr'>meus</span> <span class='ocrx_word' id='word_1_114' title='bbox 1065 1291 1117 1315; x_wconf 74' lang='lat' dir='ltr'>ex</span> <span class='ocrx_word' id='word_1_115' title='bbox 1148 1279 1234 1329; x_wconf 83' lang='lat' dir='ltr'>fide</span> <span class='ocrx_word' id='word_1_116' title='bbox 1269 1279 1372 1317; x_wconf 77' lang='lat' dir='ltr'>vivit.</span> <span class='ocrx_word' id='word_1_117' title='bbox 1417 1291 1462 1315; x_wconf 87' lang='lat' dir='ltr'>ac</span> <span class='ocrx_word' id='word_1_118' title='bbox 1507 1279 1536 1314; x_wconf 90' lang='lat' dir='ltr'>si</span> 
     </span>
    </p>
   </div>
   <div class='ocr_carea' id='block_1_7' title="bbox 217 1335 1538 1558">
    <p class='ocr_par' dir='ltr' id='par_1_8' title="bbox 217 1335 1538 1558">
     <span class='ocr_line' id='line_1_17' title="bbox 219 1335 1538 1384; baseline 0.001 -13"><span class='ocrx_word' id='word_1_119' title='bbox 219 1335 442 1372; x_wconf 79' lang='lat' dir='ltr'>intenderet</span> <span class='ocrx_word' id='word_1_120' title='bbox 475 1338 583 1384; x_wconf 90' lang='lat' dir='ltr'>quod</span> <span class='ocrx_word' id='word_1_121' title='bbox 616 1336 695 1373; x_wconf 79' lang='lat' dir='ltr'>vita</span> <span class='ocrx_word' id='word_1_122' title='bbox 727 1336 943 1384; x_wconf 85' lang='lat' dir='ltr'>spiritualis</span> <span class='ocrx_word' id='word_1_123' title='bbox 982 1336 1177 1372; x_wconf 86' lang='lat' dir='ltr'>iustorum</span> <span class='ocrx_word' id='word_1_124' title='bbox 1224 1336 1448 1384; x_wconf 72' lang='lat' dir='ltr'>originatur</span> <span class='ocrx_word' id='word_1_125' title='bbox 1495 1349 1538 1372; x_wconf 84' lang='lat' dir='ltr'>ex</span> 
     </span>
     <span class='ocr_line' id='line_1_18' title="bbox 220 1393 1537 1442; baseline 0.001 -13"><span class='ocrx_word' id='word_1_126' title='bbox 220 1393 308 1432; x_wconf 86' lang='lat' dir='ltr'>fide.</span> <span class='ocrx_word' id='word_1_127' title='bbox 343 1395 458 1430; x_wconf 89' lang='lat' dir='ltr'>Unde</span> <span class='ocrx_word' id='word_1_128' title='bbox 491 1407 713 1442; x_wconf 78' lang='lat' dir='ltr'>congruum</span> <span class='ocrx_word' id='word_1_129' title='bbox 749 1402 805 1430; x_wconf 85' lang='lat' dir='ltr'>est</span> <span class='ocrx_word' id='word_1_130' title='bbox 839 1394 877 1429; x_wconf 91' lang='lat' dir='ltr'>in</span> <span class='ocrx_word' id='word_1_131' title='bbox 912 1394 988 1430; x_wconf 88' lang='lat' dir='ltr'>isto</span> <span class='ocrx_word' id='word_1_132' title='bbox 1022 1395 1152 1442; x_wconf 87' lang='lat' dir='ltr'>primo</span> <span class='ocrx_word' id='word_1_133' title='bbox 1182 1396 1365 1442; x_wconf 86' lang='lat' dir='ltr'>apostolo</span> <span class='ocrx_word' id='word_1_134' title='bbox 1389 1396 1435 1430; x_wconf 91' lang='lat' dir='ltr'>de</span> <span class='ocrx_word' id='word_1_135' title='bbox 1461 1395 1537 1431; x_wconf 90' lang='lat' dir='ltr'>fide</span> 
     </span>
     <span class='ocr_line' id='line_1_19' title="bbox 219 1451 1537 1500; baseline 0.001 -13"><span class='ocrx_word' id='word_1_136' title='bbox 219 1452 348 1488; x_wconf 89' lang='lat' dir='ltr'>facere</span> <span class='ocrx_word' id='word_1_137' title='bbox 383 1452 648 1488; x_wconf 81' lang='lat' dir='ltr'>mencionem.</span> <span class='ocrx_word' id='word_1_138' title='bbox 684 1453 775 1488; x_wconf 92' lang='lat' dir='ltr'>Ideo</span> <span class='ocrx_word' id='word_1_139' title='bbox 809 1451 903 1488; x_wconf 86' lang='lat' dir='ltr'>dicit</span> <span class='ocrx_word' id='word_1_140' title='bbox 925 1453 1160 1500; x_wconf 79' lang='lat' dir='ltr'>Apostolus:</span> <span class='ocrx_word' id='word_1_141' title='bbox 1201 1453 1330 1489; x_wconf 76' lang='lat' dir='ltr'>Corde</span> <span class='ocrx_word' id='word_1_142' title='bbox 1362 1453 1537 1488; x_wconf 76' lang='lat' dir='ltr'>creditur</span> 
     </span>
     <span class='ocr_line' id='line_1_20' title="bbox 217 1510 1533 1558; baseline 0.001 -13"><span class='ocrx_word' id='word_1_143' title='bbox 217 1511 269 1545; x_wconf 80' lang='lat' dir='ltr'>ad</span> <span class='ocrx_word' id='word_1_144' title='bbox 300 1510 503 1549; x_wconf 77' lang='lat' dir='ltr'>iusticiam,</span> <span class='ocrx_word' id='word_1_145' title='bbox 538 1511 614 1546; x_wconf 90' lang='lat' dir='ltr'>hoc</span> <span class='ocrx_word' id='word_1_146' title='bbox 648 1519 719 1556; x_wconf 81' lang='lat' dir='ltr'>est,</span> <span class='ocrx_word' id='word_1_147' title='bbox 754 1511 863 1558; x_wconf 88' lang='lat' dir='ltr'>quod</span> <span class='ocrx_word' id='word_1_148' title='bbox 896 1511 1018 1546; x_wconf 85' lang='lat' dir='ltr'>homo</span> <span class='ocrx_word' id='word_1_149' title='bbox 1053 1510 1102 1546; x_wconf 87' lang='lat' dir='ltr'>sit</span> <span class='ocrx_word' id='word_1_150' title='bbox 1135 1511 1276 1556; x_wconf 73' lang='lat' dir='ltr'>iustus,</span> <span class='ocrx_word' id='word_1_151' title='bbox 1312 1510 1533 1558; x_wconf 84' lang='lat' dir='ltr'>requiritur</span> 
     </span>
    </p>
   </div>
   <div class='ocr_carea' id='block_1_8' title="bbox 159 1567 1534 1616">
    <p class='ocr_par' dir='ltr' id='par_1_9' title="bbox 159 1567 1534 1616">
     <span class='ocr_line' id='line_1_21' title="bbox 159 1567 1534 1616; baseline 0.001 -13"><span class='ocrx_word' id='word_1_152' title='bbox 159 1567 349 1616; x_wconf 72' lang='lat' dir='ltr'>zoipsum</span> <span class='ocrx_word' id='word_1_153' title='bbox 385 1569 548 1604; x_wconf 89' lang='lat' dir='ltr'>credere</span> <span class='ocrx_word' id='word_1_154' title='bbox 582 1568 801 1605; x_wconf 88' lang='lat' dir='ltr'>intellectu.</span> <span class='ocrx_word' id='word_1_155' title='bbox 849 1570 896 1604; x_wconf 73' lang='lat' dir='ltr'>Et</span> <span class='ocrx_word' id='word_1_156' title='bbox 936 1581 1025 1604; x_wconf 89' lang='lat' dir='ltr'>cum</span> <span class='ocrx_word' id='word_1_157' title='bbox 1068 1569 1166 1605; x_wconf 88' lang='lat' dir='ltr'>fides</span> <span class='ocrx_word' id='word_1_158' title='bbox 1207 1568 1343 1605; x_wconf 82' lang='lat' dir='ltr'>habita</span> <span class='ocrx_word' id='word_1_159' title='bbox 1387 1581 1534 1616; x_wconf 87' lang='lat' dir='ltr'>oppor-</span> 
     </span>
    </p>
   </div>
   <div class='ocr_carea' id='block_1_9' title="bbox 215 1626 1534 1848">
    <p class='ocr_par' dir='ltr' id='par_1_10' title="bbox 215 1626 1534 1848">
     <span class='ocr_line' id='line_1_22' title="bbox 217 1626 1533 1675; baseline 0.001 -14"><span class='ocrx_word' id='word_1_160' title='bbox 217 1626 388 1662; x_wconf 82' lang='lat' dir='ltr'>tunitate</span> <span class='ocrx_word' id='word_1_161' title='bbox 434 1635 627 1674; x_wconf 81' lang='lat' dir='ltr'>operatur</span> <span class='ocrx_word' id='word_1_162' title='bbox 672 1639 816 1674; x_wconf 75' lang='lat' dir='ltr'>magna</span> <span class='ocrx_word' id='word_1_163' title='bbox 862 1626 892 1662; x_wconf 83' lang='lat' dir='ltr'>si</span> <span class='ocrx_word' id='word_1_164' title='bbox 939 1635 1009 1673; x_wconf 82' lang='lat' dir='ltr'>est,</span> <span class='ocrx_word' id='word_1_165' title='bbox 1056 1639 1145 1663; x_wconf 87' lang='lat' dir='ltr'>cum</span> <span class='ocrx_word' id='word_1_166' title='bbox 1191 1626 1442 1675; x_wconf 87' lang='lat' dir='ltr'>impossibile</span> <span class='ocrx_word' id='word_1_167' title='bbox 1477 1635 1533 1663; x_wconf 91' lang='lat' dir='ltr'>est</span> 
     </span>
     <span class='ocr_line' id='line_1_23' title="bbox 217 1684 1533 1733; baseline 0 -13"><span class='ocrx_word' id='word_1_168' title='bbox 217 1692 372 1720; x_wconf 87' lang='lat' dir='ltr'>tanturn</span> <span class='ocrx_word' id='word_1_169' title='bbox 408 1697 543 1721; x_wconf 88' lang='lat' dir='ltr'>semen</span> <span class='ocrx_word' id='word_1_170' title='bbox 576 1684 615 1720; x_wconf 90' lang='lat' dir='ltr'>in</span> <span class='ocrx_word' id='word_1_171' title='bbox 648 1693 755 1721; x_wconf 88' lang='lat' dir='ltr'>terra</span> <span class='ocrx_word' id='word_1_172' title='bbox 789 1684 991 1721; x_wconf 87' lang='lat' dir='ltr'>fructifera</span> <span class='ocrx_word' id='word_1_173' title='bbox 1025 1697 1104 1721; x_wconf 91' lang='lat' dir='ltr'>non</span> <span class='ocrx_word' id='word_1_174' title='bbox 1129 1685 1168 1720; x_wconf 93' lang='lat' dir='ltr'>in</span> <span class='ocrx_word' id='word_1_175' title='bbox 1192 1686 1338 1721; x_wconf 84' lang='lat' dir='ltr'>bonam</span> <span class='ocrx_word' id='word_1_176' title='bbox 1365 1697 1533 1733; x_wconf 82' lang='lat' dir='ltr'>operam</span> 
     </span>
     <span class='ocr_line' id='line_1_24' title="bbox 217 1741 1534 1793; baseline 0.001 -16"><span class='ocrx_word' id='word_1_177' title='bbox 217 1742 394 1787; x_wconf 73' lang='lat' dir='ltr'>ebullire,</span> <span class='ocrx_word' id='word_1_178' title='bbox 429 1742 520 1778; x_wconf 89' lang='lat' dir='ltr'>ideo</span> <span class='ocrx_word' id='word_1_179' title='bbox 553 1741 756 1790; x_wconf 77' lang='lat' dir='ltr'>subiungit</span> <span class='ocrx_word' id='word_1_180' title='bbox 789 1744 1007 1790; x_wconf 81' lang='lat' dir='ltr'>Apostolus</span> <span class='ocrx_word' id='word_1_181' title='bbox 1041 1744 1147 1791; x_wconf 89' lang='lat' dir='ltr'>quod</span> <span class='ocrx_word' id='word_1_182' title='bbox 1181 1755 1248 1778; x_wconf 82' lang='lat' dir='ltr'>ore</span> <span class='ocrx_word' id='word_1_183' title='bbox 1281 1743 1534 1793; x_wconf 65' lang='lat' dir='ltr'>covffessiofit</span> 
     </span>
     <span class='ocr_line' id='line_1_25' title="bbox 215 1800 1533 1848; baseline 0 -12"><span class='ocrx_word' id='word_1_184' title='bbox 215 1801 268 1836; x_wconf 85' lang='lat' dir='ltr'>ad</span> <span class='ocrx_word' id='word_1_185' title='bbox 299 1801 473 1836; x_wconf 70' lang='lat' dir='ltr'>salutem.</span> <span class='ocrx_word' id='word_1_186' title='bbox 518 1800 629 1836; x_wconf 83' lang='lat' dir='ltr'>Sicut</span> <span class='ocrx_word' id='word_1_187' title='bbox 661 1800 766 1836; x_wconf 90' lang='lat' dir='ltr'>enim</span> <span class='ocrx_word' id='word_1_188' title='bbox 802 1800 1007 1848; x_wconf 80' lang='lat' dir='ltr'>sapiencia</span> <span class='ocrx_word' id='word_1_189' title='bbox 1039 1802 1260 1837; x_wconf 88' lang='lat' dir='ltr'>secundum</span> <span class='ocrx_word' id='word_1_190' title='bbox 1295 1801 1533 1848; x_wconf 76' lang='lat' dir='ltr'>enigmatice</span> 
     </span>
    </p>
   </div>
   <div class='ocr_carea' id='block_1_10' title="bbox 159 1858 1533 1906">
    <p class='ocr_par' dir='ltr' id='par_1_11' title="bbox 159 1858 1533 1906">
     <span class='ocr_line' id='line_1_26' title="bbox 159 1858 1533 1906; baseline 0.001 -13"><span class='ocrx_word' id='word_1_191' title='bbox 159 1862 198 1894; x_wconf 80' lang='lat'>25</span> <span class='ocrx_word' id='word_1_192' title='bbox 216 1858 545 1906; x_wconf 82' lang='lat' dir='ltr'>philosophantes</span> <span class='ocrx_word' id='word_1_193' title='bbox 578 1858 689 1894; x_wconf 87' lang='lat' dir='ltr'>cordi</span> <span class='ocrx_word' id='word_1_194' title='bbox 722 1858 925 1905; x_wconf 72' lang='lat' dir='ltr'>tribuitur,</span> <span class='ocrx_word' id='word_1_195' title='bbox 965 1859 1019 1895; x_wconf 85' lang='lat' dir='ltr'>sic</span> <span class='ocrx_word' id='word_1_196' title='bbox 1059 1859 1185 1895; x_wconf 88' lang='lat' dir='ltr'>fidelis</span> <span class='ocrx_word' id='word_1_197' title='bbox 1228 1859 1422 1895; x_wconf 88' lang='lat' dir='ltr'>confessio</span> <span class='ocrx_word' id='word_1_198' title='bbox 1457 1859 1533 1894; x_wconf 90' lang='lat' dir='ltr'>fide</span> 
     </span>
    </p>
   </div>
   <div class='ocr_carea' id='block_1_11' title="bbox 186 1916 1534 2138">
    <p class='ocr_par' dir='ltr' id='par_1_12' title="bbox 186 1916 1534 2138">
     <span class='ocr_line' id='line_1_27' title="bbox 215 1916 1532 1964; baseline 0 -12"><span class='ocrx_word' id='word_1_199' title='bbox 215 1916 414 1964; x_wconf 79' lang='lat' dir='ltr'>posterior</span> <span class='ocrx_word' id='word_1_200' title='bbox 432 1918 549 1953; x_wconf 86' lang='lat' dir='ltr'>datur</span> <span class='ocrx_word' id='word_1_201' title='bbox 566 1916 639 1957; x_wconf 78' lang='lat' dir='ltr'>ori,</span> <span class='ocrx_word' id='word_1_202' title='bbox 659 1925 695 1952; x_wconf 92' lang='lat' dir='ltr'>et</span> <span class='ocrx_word' id='word_1_203' title='bbox 713 1917 836 1952; x_wconf 88' lang='lat' dir='ltr'>tercio</span> <span class='ocrx_word' id='word_1_204' title='bbox 861 1917 1119 1964; x_wconf 83' lang='lat' dir='ltr'>consequitur</span> <span class='ocrx_word' id='word_1_205' title='bbox 1142 1917 1181 1952; x_wconf 90' lang='lat' dir='ltr'>in</span> <span class='ocrx_word' id='word_1_206' title='bbox 1205 1917 1344 1953; x_wconf 90' lang='lat' dir='ltr'>ordine</span> <span class='ocrx_word' id='word_1_207' title='bbox 1369 1926 1457 1964; x_wconf 88' lang='lat' dir='ltr'>post</span> <span class='ocrx_word' id='word_1_208' title='bbox 1472 1916 1532 1953; x_wconf 74' lang='lat' dir='ltr'>vie</span> 
     </span>
     <span class='ocr_line' id='line_1_28' title="bbox 214 1973 1534 2023; baseline 0.001 -14"><span class='ocrx_word' id='word_1_209' title='bbox 214 1973 413 2010; x_wconf 86' lang='lat' dir='ltr'>iusticiam</span> <span class='ocrx_word' id='word_1_210' title='bbox 439 1975 590 2010; x_wconf 87' lang='lat' dir='ltr'>fructus</span> <span class='ocrx_word' id='word_1_211' title='bbox 613 1974 867 2015; x_wconf 76' lang='lat' dir='ltr'>salvacionis:</span> <span class='ocrx_word' id='word_1_212' title='bbox 892 1974 982 2011; x_wconf 89' lang='lat' dir='ltr'>ideo</span> <span class='ocrx_word' id='word_1_213' title='bbox 1001 1975 1096 2011; x_wconf 89' lang='lat' dir='ltr'>dicit</span> <span class='ocrx_word' id='word_1_214' title='bbox 1112 1976 1327 2022; x_wconf 85' lang='lat' dir='ltr'>Apostolus</span> <span class='ocrx_word' id='word_1_215' title='bbox 1343 1976 1449 2023; x_wconf 93' lang='lat' dir='ltr'>quod</span> <span class='ocrx_word' id='word_1_216' title='bbox 1467 1987 1534 2010; x_wconf 81' lang='lat' dir='ltr'>ore</span> 
     </span>
     <span class='ocr_line' id='line_1_29' title="bbox 186 2030 1531 2085; baseline 0.001 -18"><span class='ocrx_word' id='word_1_217' title='bbox 186 2032 465 2082; x_wconf 64' lang='lat' dir='ltr'>jconsessiofit</span> <span class='ocrx_word' id='word_1_218' title='bbox 488 2033 540 2068; x_wconf 85' lang='lat' dir='ltr'>ad</span> <span class='ocrx_word' id='word_1_219' title='bbox 560 2033 735 2069; x_wconf 82' lang='lat' dir='ltr'>salutem.</span> <span class='ocrx_word' id='word_1_220' title='bbox 773 2035 819 2069; x_wconf 73' lang='lat' dir='ltr'>Et</span> <span class='ocrx_word' id='word_1_221' title='bbox 843 2034 1000 2069; x_wconf 88' lang='lat' dir='ltr'>laudem</span> <span class='ocrx_word' id='word_1_222' title='bbox 1032 2030 1035 2085; x_wconf 59' lang='lat' dir='ltr'>l</span> <span class='ocrx_word' id='word_1_223' title='bbox 1066 2032 1209 2081; x_wconf 88' lang='lat' dir='ltr'>prioris</span> <span class='ocrx_word' id='word_1_224' title='bbox 1242 2032 1405 2069; x_wconf 89' lang='lat' dir='ltr'>seminis</span> <span class='ocrx_word' id='word_1_225' title='bbox 1439 2045 1531 2069; x_wconf 89' lang='lat' dir='ltr'>con-</span> 
     </span>
     <span class='ocr_line' id='line_1_30' title="bbox 215 2090 1529 2138; baseline 0 -12"><span class='ocrx_word' id='word_1_226' title='bbox 215 2090 347 2127; x_wconf 85' lang='lat' dir='ltr'>firmat</span> <span class='ocrx_word' id='word_1_227' title='bbox 363 2102 405 2126; x_wconf 80' lang='lat' dir='ltr'>ex</span> <span class='ocrx_word' id='word_1_228' title='bbox 421 2090 650 2126; x_wconf 89' lang='lat' dir='ltr'>testimonio</span> <span class='ocrx_word' id='word_1_229' title='bbox 669 2090 879 2138; x_wconf 76' lang='lat' dir='ltr'>scripture7</span> <span class='ocrx_word' id='word_1_230' title='bbox 900 2104 990 2127; x_wconf 86' lang='lat' dir='ltr'>nam</span> <span class='ocrx_word' id='word_1_231' title='bbox 1014 2092 1351 2137; x_wconf 73' lang='lat' dir='ltr'>lsa.XXV1110,16</span> <span class='ocrx_word' id='word_1_232' title='bbox 1364 2090 1529 2127; x_wconf 89' lang='lat' dir='ltr'>dicitur:</span> 
     </span>
    </p>
   </div>
   <div class='ocr_carea' id='block_1_12' title="bbox 163 2149 1531 2198">
    <p class='ocr_par' dir='ltr' id='par_1_13' title="bbox 163 2149 1531 2198">
     <span class='ocr_line' id='line_1_31' title="bbox 163 2149 1531 2198; baseline 0.001 -16"><span class='ocrx_word' id='word_1_233' title='bbox 163 2164 199 2184; x_wconf 48' lang='grc' dir='ltr'>πο</span> <span class='ocrx_word' id='word_1_234' title='bbox 219 2149 352 2184; x_wconf 82' lang='lat' dir='ltr'>Omnis</span> <span class='ocrx_word' id='word_1_235' title='bbox 384 2149 448 2197; x_wconf 79' lang='lat' dir='ltr'>qui</span> <span class='ocrx_word' id='word_1_236' title='bbox 478 2149 601 2185; x_wconf 78' lang='lat' dir='ltr'>credit</span> <span class='ocrx_word' id='word_1_237' title='bbox 633 2149 668 2184; x_wconf 88' lang='lat' dir='ltr'>in</span> <span class='ocrx_word' id='word_1_238' title='bbox 707 2149 905 2185; x_wconf 80' lang='lat' dir='ltr'>Christum</span> <span class='ocrx_word' id='word_1_239' title='bbox 940 2149 1114 2185; x_wconf 83' lang='lat' dir='ltr'>finaliter</span> <span class='ocrx_word' id='word_1_240' title='bbox 1146 2161 1218 2185; x_wconf 86' lang='lat' dir='ltr'>non</span> <span class='ocrx_word' id='word_1_241' title='bbox 1259 2150 1531 2198; x_wconf 80' lang='lat' dir='ltr'>confundetur,</span> 
     </span>
    </p>
   </div>
   <div class='ocr_carea' id='block_1_13' title="bbox 213 2206 1532 2429">
    <p class='ocr_par' dir='ltr' id='par_1_14' title="bbox 213 2206 1532 2429">
     <span class='ocr_line' id='line_1_32' title="bbox 214 2206 1532 2254; baseline 0 -12"><span class='ocrx_word' id='word_1_242' title='bbox 214 2219 303 2242; x_wconf 89' lang='lat' dir='ltr'>cum</span> <span class='ocrx_word' id='word_1_243' title='bbox 339 2218 384 2242; x_wconf 91' lang='lat' dir='ltr'>eo</span> <span class='ocrx_word' id='word_1_244' title='bbox 417 2206 504 2254; x_wconf 88' lang='lat' dir='ltr'>ipso</span> <span class='ocrx_word' id='word_1_245' title='bbox 539 2206 834 2254; x_wconf 83' lang='lat' dir='ltr'>predestinatur</span> <span class='ocrx_word' id='word_1_246' title='bbox 866 2208 915 2243; x_wconf 86' lang='lat' dir='ltr'>ad</span> <span class='ocrx_word' id='word_1_247' title='bbox 949 2207 1130 2254; x_wconf 76' lang='lat' dir='ltr'>gloriam.</span> <span class='ocrx_word' id='word_1_248' title='bbox 1184 2209 1231 2243; x_wconf 79' lang='lat' dir='ltr'>Et</span> <span class='ocrx_word' id='word_1_249' title='bbox 1264 2208 1313 2243; x_wconf 85' lang='lat' dir='ltr'>ad</span> <span class='ocrx_word' id='word_1_250' title='bbox 1346 2206 1532 2242; x_wconf 91' lang='lat' dir='ltr'>similitu-</span> 
     </span>
     <span class='ocr_line' id='line_1_33' title="bbox 213 2264 1532 2313; baseline 0 -13"><span class='ocrx_word' id='word_1_251' title='bbox 213 2264 345 2300; x_wconf 89' lang='lat' dir='ltr'>dinem</span> <span class='ocrx_word' id='word_1_252' title='bbox 393 2264 505 2300; x_wconf 88' lang='lat' dir='ltr'>istius</span> <span class='ocrx_word' id='word_1_253' title='bbox 550 2276 758 2312; x_wconf 86' lang='lat' dir='ltr'>processus</span> <span class='ocrx_word' id='word_1_254' title='bbox 798 2274 956 2312; x_wconf 86' lang='lat' dir='ltr'>oportet</span> <span class='ocrx_word' id='word_1_255' title='bbox 1001 2277 1143 2313; x_wconf 85' lang='lat' dir='ltr'>capere</span> <span class='ocrx_word' id='word_1_256' title='bbox 1190 2264 1434 2301; x_wconf 79' lang='lat' dir='ltr'>evidenciam</span> <span class='ocrx_word' id='word_1_257' title='bbox 1470 2277 1532 2300; x_wconf 88' lang='lat' dir='ltr'>ec-</span> 
     </span>
     <span class='ocr_line' id='line_1_34' title="bbox 214 2322 1531 2371; baseline 0.001 -13"><span class='ocrx_word' id='word_1_258' title='bbox 214 2322 329 2358; x_wconf 87' lang='lat' dir='ltr'>clesie</span> <span class='ocrx_word' id='word_1_259' title='bbox 363 2323 628 2370; x_wconf 83' lang='lat' dir='ltr'>prelatorum;</span> <span class='ocrx_word' id='word_1_260' title='bbox 676 2322 806 2370; x_wconf 88' lang='lat' dir='ltr'>primo</span> <span class='ocrx_word' id='word_1_261' title='bbox 839 2323 943 2359; x_wconf 90' lang='lat' dir='ltr'>enim</span> <span class='ocrx_word' id='word_1_262' title='bbox 977 2332 1135 2371; x_wconf 84' lang='lat' dir='ltr'>oportet</span> <span class='ocrx_word' id='word_1_263' title='bbox 1167 2323 1207 2358; x_wconf 91' lang='lat' dir='ltr'>in</span> <span class='ocrx_word' id='word_1_264' title='bbox 1240 2323 1415 2370; x_wconf 73' lang='lat' dir='ltr'>generali</span> <span class='ocrx_word' id='word_1_265' title='bbox 1449 2335 1531 2359; x_wconf 87' lang='lat' dir='ltr'>cre-</span> 
     </span>
     <span class='ocr_line' id='line_1_35' title="bbox 213 2380 1530 2429; baseline 0 -13"><span class='ocrx_word' id='word_1_266' title='bbox 213 2381 305 2416; x_wconf 86' lang='lat' dir='ltr'>dere</span> <span class='ocrx_word' id='word_1_267' title='bbox 337 2389 545 2428; x_wconf 84' lang='lat' dir='ltr'>tamquam</span> <span class='ocrx_word' id='word_1_268' title='bbox 580 2380 698 2416; x_wconf 88' lang='lat' dir='ltr'>fidem</span> <span class='ocrx_word' id='word_1_269' title='bbox 734 2382 840 2429; x_wconf 86' lang='lat' dir='ltr'>quod</span> <span class='ocrx_word' id='word_1_270' title='bbox 880 2381 1057 2417; x_wconf 88' lang='lat' dir='ltr'>officium</span> <span class='ocrx_word' id='word_1_271' title='bbox 1093 2383 1199 2417; x_wconf 90' lang='lat' dir='ltr'>Deus</span> <span class='ocrx_word' id='word_1_272' title='bbox 1244 2381 1283 2416; x_wconf 92' lang='lat' dir='ltr'>in</span> <span class='ocrx_word' id='word_1_273' title='bbox 1330 2380 1530 2428; x_wconf 86' lang='lat' dir='ltr'>scriptura</span> 
     </span>
    </p>
   </div>
   <div class='ocr_carea' id='block_1_14' title="bbox 160 2438 1531 2486">
    <p class='ocr_par' dir='ltr' id='par_1_15' title="bbox 160 2438 1531 2486">
     <span class='ocr_line' id='line_1_36' title="bbox 160 2438 1531 2486; baseline 0 -12"><span class='ocrx_word' id='word_1_274' title='bbox 160 2442 196 2474; x_wconf 55' lang='lat'>«5</span> <span class='ocrx_word' id='word_1_275' title='bbox 213 2451 284 2474; x_wconf 87' lang='lat' dir='ltr'>sua</span> <span class='ocrx_word' id='word_1_276' title='bbox 316 2438 463 2474; x_wconf 85' lang='lat' dir='ltr'>talibus</span> <span class='ocrx_word' id='word_1_277' title='bbox 496 2438 708 2486; x_wconf 85' lang='lat' dir='ltr'>prepositis</span> <span class='ocrx_word' id='word_1_278' title='bbox 754 2438 938 2476; x_wconf 80' lang='lat' dir='ltr'>limitavit</span> <span class='ocrx_word' id='word_1_279' title='bbox 982 2448 1019 2475; x_wconf 90' lang='lat' dir='ltr'>et</span> <span class='ocrx_word' id='word_1_280' title='bbox 1063 2440 1239 2475; x_wconf 89' lang='lat' dir='ltr'>secundo</span> <span class='ocrx_word' id='word_1_281' title='bbox 1283 2448 1442 2486; x_wconf 90' lang='lat' dir='ltr'>oportet</span> <span class='ocrx_word' id='word_1_282' title='bbox 1487 2451 1531 2474; x_wconf 83' lang='lat' dir='ltr'>ex</span> 
     </span>
    </p>
   </div>
   <div class='ocr_carea' id='block_1_15' title="bbox 213 2496 1529 2545">
    <p class='ocr_par' dir='ltr' id='par_1_16' title="bbox 213 2496 1529 2545">
     <span class='ocr_line' id='line_1_37' title="bbox 213 2496 1529 2545; baseline 0 -13"><span class='ocrx_word' id='word_1_283' title='bbox 213 2496 451 2532; x_wconf 88' lang='lat' dir='ltr'>ebullicione</span> <span class='ocrx_word' id='word_1_284' title='bbox 484 2496 544 2532; x_wconf 88' lang='lat' dir='ltr'>sui</span> <span class='ocrx_word' id='word_1_285' title='bbox 577 2497 708 2545; x_wconf 86' lang='lat' dir='ltr'>operis</span> <span class='ocrx_word' id='word_1_286' title='bbox 741 2497 1064 2545; x_wconf 87' lang='lat' dir='ltr'>supposicionem</span> <span class='ocrx_word' id='word_1_287' title='bbox 1109 2498 1169 2534; x_wconf 71' lang='lat' dir='ltr'>vel</span> <span class='ocrx_word' id='word_1_288' title='bbox 1202 2496 1529 2545; x_wconf 87' lang='lat' dir='ltr'>desperacionem</span> 
     </span>
    </p>
   </div>
   <div class='ocr_carea' id='block_1_16' title="bbox 211 2642 1528 2817">
    <p class='ocr_par' dir='ltr' id='par_1_17' title="bbox 211 2642 1528 2817">
     <span class='ocr_line' id='line_1_38' title="bbox 283 2642 1528 2679; baseline -0.001 -9"><span class='ocrx_word' id='word_1_289' title='bbox 283 2651 302 2670; x_wconf 88' lang='lat'>1.</span> <span class='ocrx_word' id='word_1_290' title='bbox 330 2642 388 2670; x_wconf 87' lang='lat' dir='ltr'>Hic</span> <span class='ocrx_word' id='word_1_291' title='bbox 416 2651 517 2670; x_wconf 83' lang='lat' dir='ltr'>sermo</span> <span class='ocrx_word' id='word_1_292' title='bbox 543 2648 571 2670; x_wconf 88' lang='lat' dir='ltr'>et</span> <span class='ocrx_word' id='word_1_293' title='bbox 599 2651 683 2679; x_wconf 83' lang='lat' dir='ltr'>seqq.</span> <span class='ocrx_word' id='word_1_294' title='bbox 706 2652 803 2679; x_wconf 86' lang='lat' dir='ltr'>usque</span> <span class='ocrx_word' id='word_1_295' title='bbox 824 2644 860 2671; x_wconf 84' lang='lat' dir='ltr'>ad</span> <span class='ocrx_word' id='word_1_296' title='bbox 882 2643 967 2671; x_wconf 79' lang='lat' dir='ltr'>XVII</span> <span class='ocrx_word' id='word_1_297' title='bbox 988 2643 1058 2671; x_wconf 84' lang='lat' dir='ltr'>incl.</span> <span class='ocrx_word' id='word_1_298' title='bbox 1086 2643 1115 2670; x_wconf 83' lang='lat' dir='ltr'>in</span> <span class='ocrx_word' id='word_1_299' title='bbox 1144 2643 1234 2670; x_wconf 87' lang='lat' dir='ltr'>codd.</span> <span class='ocrx_word' id='word_1_300' title='bbox 1256 2642 1340 2671; x_wconf 65' lang='grc' dir='ltr'>ΑΒΕ</span> <span class='ocrx_word' id='word_1_301' title='bbox 1368 2643 1528 2670; x_wconf 84' lang='lat' dir='ltr'>habentur.</span> 
     </span>
     <span class='ocr_line' id='line_1_39' title="bbox 211 2677 1528 2713; baseline 0 -9"><span class='ocrx_word' id='word_1_302' title='bbox 211 2678 240 2705; x_wconf 92' lang='lat' dir='ltr'><strong>A</strong></span> <span class='ocrx_word' id='word_1_303' title='bbox 260 2677 289 2704; x_wconf 89' lang='lat' dir='ltr'>in</span> <span class='ocrx_word' id='word_1_304' title='bbox 306 2685 420 2713; x_wconf 68' lang='lat' dir='ltr'>marg:</span> <span class='ocrx_word' id='word_1_305' title='bbox 441 2678 549 2705; x_wconf 83' lang='lat' dir='ltr'>Sermo</span> <span class='ocrx_word' id='word_1_306' title='bbox 564 2677 651 2711; x_wconf 82' lang='lat' dir='ltr'><em>XIV,·</em></span> <span class='ocrx_word' id='word_1_307' title='bbox 671 2678 695 2705; x_wconf 83' lang='lat' dir='ltr'>D</span> <span class='ocrx_word' id='word_1_308' title='bbox 711 2678 740 2705; x_wconf 90' lang='lat' dir='ltr'>in</span> <span class='ocrx_word' id='word_1_309' title='bbox 758 2687 871 2713; x_wconf 63' lang='lat' dir='ltr'>marg:</span> <span class='ocrx_word' id='word_1_310' title='bbox 894 2677 942 2705; x_wconf 80' lang='lat' dir='ltr'>XI.</span> <span class='ocrx_word' id='word_1_311' title='bbox 964 2679 995 2705; x_wconf 87' lang='lat' dir='ltr'>In</span> <span class='ocrx_word' id='word_1_312' title='bbox 1012 2679 1111 2712; x_wconf 80' lang='lat' dir='ltr'>capite</span> <span class='ocrx_word' id='word_1_313' title='bbox 1127 2678 1296 2705; x_wconf 75' lang='lat' dir='ltr'>sermonis:</span> <span class='ocrx_word' id='word_1_314' title='bbox 1316 2677 1442 2708; x_wconf 77' lang='lat' dir='ltr'>Andre:</span> <span class='ocrx_word' id='word_1_315' title='bbox 1461 2678 1484 2704; x_wconf 83' lang='lat' dir='ltr'>E</span> <span class='ocrx_word' id='word_1_316' title='bbox 1499 2678 1528 2704; x_wconf 85' lang='lat' dir='ltr'>in</span> 
     </span>
     <span class='ocr_line' id='line_1_40' title="bbox 213 2712 1527 2746; baseline 0 -7"><span class='ocrx_word' id='word_1_317' title='bbox 213 2720 280 2739; x_wconf 82' lang='lat' dir='ltr'>mar</span> <span class='ocrx_word' id='word_1_318' title='bbox 305 2722 327 2740; x_wconf 69' lang='grc' dir='ltr'>,ς</span> <span class='ocrx_word' id='word_1_319' title='bbox 348 2712 380 2739; x_wconf 87' lang='lat' dir='ltr'>In</span> <span class='ocrx_word' id='word_1_320' title='bbox 401 2712 452 2739; x_wconf 78' lang='lat' dir='ltr'>die</span> <span class='ocrx_word' id='word_1_321' title='bbox 465 2712 496 2740; x_wconf 82' lang='lat' dir='ltr'>S.</span> <span class='ocrx_word' id='word_1_322' title='bbox 512 2712 636 2740; x_wconf 77' lang='lat' dir='ltr'>Andree</span> <span class='ocrx_word' id='word_1_323' title='bbox 650 2712 698 2740; x_wconf 92' lang='lat' dir='ltr'>XI.</span> <span class='ocrx_word' id='word_1_324' title='bbox 755 2712 779 2740; x_wconf 86' lang='lat'>3.</span> <span class='ocrx_word' id='word_1_325' title='bbox 797 2713 912 2740; x_wconf 85' lang='lat' dir='ltr'>Codd.:</span> <span class='ocrx_word' id='word_1_326' title='bbox 934 2713 1018 2740; x_wconf 71' lang='lat' dir='ltr'>lemn.</span> <span class='ocrx_word' id='word_1_327' title='bbox 1041 2713 1112 2740; x_wconf 77' lang='lat' dir='ltr'>l&#39;III.</span> <span class='ocrx_word' id='word_1_328' title='bbox 1169 2720 1210 2746; x_wconf 79' lang='lat'>¹9-</span> <span class='ocrx_word' id='word_1_329' title='bbox 1232 2712 1302 2740; x_wconf 66' lang='lat' dir='ltr'>DE:</span> <span class='ocrx_word' id='word_1_330' title='bbox 1323 2713 1403 2739; x_wconf 76' lang='lat' dir='ltr'>sicut</span> <span class='ocrx_word' id='word_1_331' title='bbox 1420 2712 1527 2740; x_wconf 72' lang='lat' dir='ltr'>iustus.</span> 
     </span>
     <span class='ocr_line' id='line_1_41' title="bbox 212 2746 1528 2783; baseline 0 -9"><span class='ocrx_word' id='word_1_332' title='bbox 212 2754 258 2774; x_wconf 88' lang='lat'>20.</span> <span class='ocrx_word' id='word_1_333' title='bbox 309 2747 348 2774; x_wconf 88' lang='lat' dir='ltr'>E:</span> <span class='ocrx_word' id='word_1_334' title='bbox 370 2747 563 2774; x_wconf 80' lang='lat' dir='ltr'>intellectum.</span> <span class='ocrx_word' id='word_1_335' title='bbox 645 2746 684 2775; x_wconf 79' lang='lat'>31.</span> <span class='ocrx_word' id='word_1_336' title='bbox 707 2747 774 2775; x_wconf 86' lang='lat' dir='ltr'>DE:</span> <span class='ocrx_word' id='word_1_337' title='bbox 791 2748 1026 2783; x_wconf 75' lang='lat' dir='ltr'>predestinatus</span> <span class='ocrx_word' id='word_1_338' title='bbox 1045 2748 1093 2775; x_wconf 73' lang='lat' dir='ltr'>sit.</span> <span class='ocrx_word' id='word_1_339' title='bbox 1172 2746 1216 2775; x_wconf 81' lang='lat'>33.</span> <span class='ocrx_word' id='word_1_340' title='bbox 1238 2747 1306 2774; x_wconf 84' lang='lat' dir='ltr'>DE:</span> <span class='ocrx_word' id='word_1_341' title='bbox 1329 2748 1406 2774; x_wconf 79' lang='lat' dir='ltr'>enim</span> <span class='ocrx_word' id='word_1_342' title='bbox 1428 2748 1528 2780; x_wconf 76' lang='lat' dir='ltr'>dcest;</span> 
     </span>
     <span class='ocr_line' id='line_1_42' title="bbox 211 2781 1237 2817; baseline 0 -8"><span class='ocrx_word' id='word_1_343' title='bbox 211 2781 252 2809; x_wconf 87' lang='lat' dir='ltr'>ib.</span> <span class='ocrx_word' id='word_1_344' title='bbox 273 2783 302 2809; x_wconf 90' lang='lat' dir='ltr'><strong>A</strong></span> <span class='ocrx_word' id='word_1_345' title='bbox 322 2781 353 2809; x_wconf 92' lang='lat' dir='ltr'>in</span> <span class='ocrx_word' id='word_1_346' title='bbox 375 2790 490 2817; x_wconf 65' lang='lat' dir='ltr'>marg:</span> <span class='ocrx_word' id='word_1_347' title='bbox 512 2790 535 2809; x_wconf 91' lang='lat'>1.</span> <span class='ocrx_word' id='word_1_348' title='bbox 609 2781 650 2810; x_wconf 82' lang='lat'>35.</span> <span class='ocrx_word' id='word_1_349' title='bbox 672 2782 739 2810; x_wconf 85' lang='lat' dir='ltr'>DE:</span> <span class='ocrx_word' id='word_1_350' title='bbox 761 2783 891 2816; x_wconf 48' lang='lat' dir='ltr'>limitum,-</span> <span class='ocrx_word' id='word_1_351' title='bbox 911 2783 950 2810; x_wconf 91' lang='lat' dir='ltr'>ib.</span> <span class='ocrx_word' id='word_1_352' title='bbox 971 2784 1000 2811; x_wconf 91' lang='lat' dir='ltr'>A</span> <span class='ocrx_word' id='word_1_353' title='bbox 1020 2783 1050 2810; x_wconf 89' lang='lat' dir='ltr'>in</span> <span class='ocrx_word' id='word_1_354' title='bbox 1072 2789 1187 2817; x_wconf 65' lang='lat' dir='ltr'>marg:</span> <span class='ocrx_word' id='word_1_355' title='bbox 1208 2789 1237 2809; x_wconf 87' lang='lat'>2.</span> 
     </span>
    </p>
   </div>
   <div class='ocr_carea' id='block_1_17' title="bbox 283 2865 1388 2952">
    <p class='ocr_par' dir='ltr' id='par_1_18' title="bbox 283 2865 1388 2952">
     <span class='ocr_line' id='line_1_43' title="bbox 283 2865 1354 2910; baseline -0.001 -11"><span class='ocrx_word' id='word_1_356' title='bbox 283 2865 313 2899; x_wconf 83' lang='lat'>3.</span> <span class='ocrx_word' id='word_1_357' title='bbox 340 2865 471 2908; x_wconf 85' lang='lat' dir='ltr'>Epistle</span> <span class='ocrx_word' id='word_1_358' title='bbox 497 2865 551 2897; x_wconf 88' lang='lat' dir='ltr'>for</span> <span class='ocrx_word' id='word_1_359' title='bbox 577 2866 623 2899; x_wconf 87' lang='lat' dir='ltr'>St.</span> <span class='ocrx_word' id='word_1_360' title='bbox 650 2865 832 2899; x_wconf 78' lang='lat' dir='ltr'>Andrew’s</span> <span class='ocrx_word' id='word_1_361' title='bbox 860 2866 936 2910; x_wconf 83' lang='lat' dir='ltr'>day.</span> <span class='ocrx_word' id='word_1_362' title='bbox 1035 2866 1087 2900; x_wconf 83' lang='lat'>30.</span> <span class='ocrx_word' id='word_1_363' title='bbox 1114 2866 1214 2899; x_wconf 86' lang='lat' dir='ltr'>Rom.</span> <span class='ocrx_word' id='word_1_364' title='bbox 1240 2866 1280 2907; x_wconf 86' lang='lat' dir='ltr'>X,</span> <span class='ocrx_word' id='word_1_365' title='bbox 1304 2876 1354 2898; x_wconf 88' lang='lat'>11.</span> 
     </span>
     <span class='ocr_line' id='line_1_44' title="bbox 1368 2922 1388 2952; baseline 0 0"><span class='ocrx_word' id='word_1_366' title='bbox 1368 2922 1388 2952; x_wconf 78' lang='lat'>8</span> 
     </span>
    </p>
   </div>
   <div class='ocr_carea' id='block_1_18' title="bbox 1758 236 1827 271">
    <p class='ocr_par' dir='ltr' id='par_1_19' title="bbox 1758 236 1827 271">
     <span class='ocr_line' id='line_1_45' title="bbox 1758 236 1827 271; baseline 0 0"><span class='ocrx_word' id='word_1_367' title='bbox 1758 236 1827 271; x_wconf 84' lang='lat'>113</span> 
     </span>
    </p>
   </div>
   <div class='ocr_carea' id='block_1_19' title="bbox 1574 818 1819 881">
    <p class='ocr_par' dir='ltr' id='par_1_20' title="bbox 1574 818 1819 881">
     <span class='ocr_line' id='line_1_46' title="bbox 1574 818 1819 848; baseline 0.012 -3"><span class='ocrx_word' id='word_1_368' title='bbox 1574 818 1661 846; x_wconf 78' lang='lat' dir='ltr'>Faith</span> <span class='ocrx_word' id='word_1_369' title='bbox 1683 819 1733 846; x_wconf 78' lang='lat' dir='ltr'>the</span> <span class='ocrx_word' id='word_1_370' title='bbox 1755 820 1819 848; x_wconf 78' lang='lat' dir='ltr'>first</span> 
     </span>
     <span class='ocr_line' id='line_1_47' title="bbox 1602 855 1781 881; baseline 0 0"><span class='ocrx_word' id='word_1_371' title='bbox 1602 855 1637 881; x_wconf 83' lang='lat' dir='ltr'>os</span> <span class='ocrx_word' id='word_1_372' title='bbox 1655 855 1781 881; x_wconf 73' lang='lat' dir='ltr'>virtues.</span> 
     </span>
    </p>
   </div>
   <div class='ocr_carea' id='block_1_20' title="bbox 1570 1456 1812 1527">
    <p class='ocr_par' dir='ltr' id='par_1_21' title="bbox 1570 1456 1812 1527">
     <span class='ocr_line' id='line_1_48' title="bbox 1598 1456 1778 1484; baseline 0.011 -2"><span class='ocrx_word' id='word_1_373' title='bbox 1598 1456 1622 1482; x_wconf 88' lang='lat' dir='ltr'>It</span> <span class='ocrx_word' id='word_1_374' title='bbox 1642 1456 1726 1484; x_wconf 80' lang='lat' dir='ltr'>leads</span> <span class='ocrx_word' id='word_1_375' title='bbox 1747 1462 1778 1484; x_wconf 87' lang='lat' dir='ltr'>to</span> 
     </span>
     <span class='ocr_line' id='line_1_49' title="bbox 1570 1491 1812 1527; baseline 0.012 -11"><span class='ocrx_word' id='word_1_376' title='bbox 1570 1491 1812 1527; x_wconf 77' lang='lat' dir='ltr'>righteousness‚</span> 
     </span>
    </p>
   </div>
   <div class='ocr_carea' id='block_1_21' title="bbox 1549 1862 1822 1995">
    <p class='ocr_par' dir='ltr' id='par_1_22' title="bbox 1549 1862 1822 1995">
     <span class='ocr_line' id='line_1_50' title="bbox 1549 1862 1822 1890; baseline 0.007 -2"><span class='ocrx_word' id='word_1_377' title='bbox 1549 1862 1607 1889; x_wconf 77' lang='lat' dir='ltr'>and</span> <span class='ocrx_word' id='word_1_378' title='bbox 1624 1871 1662 1889; x_wconf 87' lang='lat' dir='ltr'>on</span> <span class='ocrx_word' id='word_1_379' title='bbox 1676 1862 1750 1890; x_wconf 81' lang='lat' dir='ltr'>saith</span> <span class='ocrx_word' id='word_1_380' title='bbox 1764 1864 1822 1890; x_wconf 82' lang='lat' dir='ltr'>and</span> 
     </span>
     <span class='ocr_line' id='line_1_51' title="bbox 1574 1897 1805 1932; baseline 0.013 -9"><span class='ocrx_word' id='word_1_381' title='bbox 1574 1897 1805 1932; x_wconf 78' lang='lat' dir='ltr'>righteousness</span> 
     </span>
     <span class='ocr_line' id='line_1_52' title="bbox 1624 1932 1746 1959; baseline 0.008 -1"><span class='ocrx_word' id='word_1_382' title='bbox 1624 1932 1746 1959; x_wconf 76' lang='lat' dir='ltr'>follows</span> 
     </span>
     <span class='ocr_line' id='line_1_53' title="bbox 1606 1967 1769 1995; baseline 0.018 -3"><span class='ocrx_word' id='word_1_383' title='bbox 1606 1967 1769 1995; x_wconf 73' lang='lat' dir='ltr'>salvation.</span> 
     </span>
    </p>
   </div>
  </div>
 </body>
</html>
