2062 3276
178 619 202 638 2.
224 611 272 638 Το
293 611 376 638 shcw

214 645 346 673 Christ's

155 681 328 709 dominion.
351 680 406 707 His

169 715 390 751 godhead·1nd

154 750 310 778 manhood
334 750 407 777 both

220 785 340 812 shown

187 1188 212 1217 3.
234 1188 282 1216 To
303 1189 376 1216 fulti}

198 1224 367 1260 prophecy.

159 1883 238 1911 Two
259 1883 405 1918 disciples

175 1926 254 1945 uere
275 1923 342 1946 sent
362 1922 393 1945 to

194 1953 307 1992 signity
327 1954 376 1980 the

194 1988 291 2015 active
311 1987 370 2014 and

166 2022 404 2058 contemplative

190 2062 328 2085 servants
348 2057 383 2084 of

227 2092 344 2120 Christ.

726 266 810 297 l()H
818 267 905 296 AN&
902 266 950 296 lS
968 266 1011 296 V&
1018 266 1075 295 YC
1083 265 1106 294 Ῐ
1113 265 1152 295 ll<
1173 265 1223 295 SE
1230 265 1427 295 RMONUM
1463 250 1614 307 [SERMO
1637 261 1744 288 ΧΧΙῙΙ»

433 372 655 409 cardinales
680 372 895 419 figurantes
911 371 1059 408 Christi
1077 370 1296 419 discipulos
1320 370 1501 418 equitant
1524 370 1563 405 in
1588 382 1744 406 cassum

433 444 502 478 per
541 430 722 478 spacium
763 430 1059 478 quantumlibet
1098 441 1266 476 parvum
1307 441 1396 464 cum
1437 427 1746 464 ascendentibus

433 488 711 533 monstruosis,
745 500 916 535 quorum
951 487 1131 523 omnium
1168 486 1399 535 oppositum
1434 494 1491 521 est
1520 485 1584 522 hic
1618 497 1746 522 exem-

432 547 600 594 platum.

491 605 674 640 Secunda
708 602 818 639 racio
852 611 911 638 est
944 604 994 639 ad
1027 603 1322 639 ostendendum
1347 601 1495 639 Christi
1521 601 1745 637 dominium

433 672 469 698 et
512 663 674 698 modum
716 660 811 696 eius.
860 662 932 696 Per
972 661 1047 696 hoc
1086 660 1190 696 enim
1232 661 1341 708 quod
1380 661 1496 696 docet
1530 659 1748 707 discipulos

433 733 525 755 suos
550 719 701 755 dicere:
726 719 769 753 Si
790 718 872 766 quis
894 718 1040 766 aliquid
1062 718 1113 753 eis
1137 718 1297 763 dixerit,
1322 718 1433 753 dicite
1456 718 1541 766 quia
1557 716 1749 754 Dominus

433 778 504 813 lziis
528 790 622 826 opus·
656 777 780 821 habet,
814 784 847 811 et
880 776 1079 824 confestim
1115 776 1290 820 dimittet,
1326 777 1433 823 quod
1468 784 1504 811 et
1537 775 1747 822 impletum

434 844 504 880 est,
540 837 709 871 docetur
732 834 880 871 Christi
905 833 1091 869 divinitas
1124 842 1245 881 atque
1279 833 1519 869 humanitas.
1555 832 1749 869 Divinitas

434 893 527 941 quia
560 893 669 928 solus
693 895 798 928 Deus
834 900 890 928 est
925 891 1111 927 dominus
1144 890 1408 936 incontracte,
1443 890 1537 939 quia
1562 890 1750 927 dominus

434 950 629 995 onmium,
664 959 705 985 ut
740 959 847 997 patet
881 962 924 985 ex
956 950 1093 996 regula
1127 950 1337 985 doctorum
1373 950 1536 997 quando
1561 948 1749 984 dominus

433 1008 598 1057 ponitur
636 1020 707 1055 per
746 1020 786 1044 se
824 1007 865 1043 in
905 1007 1116 1055 scriptura.
1164 1009 1212 1042 Et
1252 1019 1321 1054 per
1355 1007 1430 1042 hoc
1463 1007 1572 1054 quod
1612 1006 1751 1042 habuit

434 1079 535 1114 opus
568 1065 659 1111 illis,
694 1068 861 1102 docetur
894 1064 977 1101 eius
1011 1065 1254 1101 humanitas.
1296 1065 1391 1101 Sola
1424 1064 1531 1100 enim
1566 1073 1750 1100 creatura

434 1124 586 1171 indiget
621 1133 805 1160 creatura
839 1132 876 1160 et
908 1123 964 1159 sic
998 1136 1079 1159 non
1111 1122 1218 1159 venit
1251 1134 1418 1170 regnare
1452 1121 1632 1158 civiliter.

492 1181 636 1218 Tereia
651 1181 760 1218 racio
777 1182 825 1218 ad
841 1181 1088 1228 implendam
1107 1180 1370 1229 propheciam
1394 1180 1587 1216 Zacharie
1603 1181 1687 1225 IXO,
1707 1192 1749 1227 9:

435 1240 562 1276 Dicite
586 1240 674 1290 filie
706 1241 838 1291 Slvom:
882 1239 983 1275 Ecce
1028 1250 1102 1274 rex
1144 1246 1230 1274 tuus
1276 1239 1375 1274 venit
1419 1238 1487 1274 tibi
1517 1245 1750 1283 mansuetus,

434 1299 570 1335 sedens
607 1310 725 1347 super
762 1297 909 1334 asinam
950 1304 985 1333 et
1018 1296 1169 1346 pullum
1197 1297 1329 1346 filium
1362 1296 1589 1346 subiugalz's.
1636 1297 1750 1332 Unde

435 1357 522 1392 Joh.
553 1356 652 1401 X110,
685 1357 752 1391 16:
785 1355 872 1391 Hoc
904 1367 977 1390 non
1010 1362 1269 1402 cognoverunt
1303 1354 1482 1403 discipuli
1513 1354 1591 1389 eius
1618 1354 1751 1403 primo

434 1415 503 1450 sed
534 1415 684 1462 quando
715 1413 962 1464 glorificatus
993 1420 1048 1448 est
1077 1412 1200 1459 Jesus,
1233 1420 1322 1448 tunc
1354 1419 1620 1462 cognoverunt
1651 1412 1752 1460 qnod

435 1472 632 1521 scriptura
655 1471 739 1520 suit
770 1471 839 1507 hec
872 1471 919 1506 de
950 1483 1004 1506 eo.
1050 1470 1260 1507 Ordinavit
1294 1469 1397 1506 enim
1433 1469 1645 1517 Sapiencia
1680 1469 1751 1505 Dei

437 1529 562 1578 patris
610 1531 717 1578 quod
770 1528 846 1565 ista
897 1527 1033 1565 veccio
1079 1529 1289 1564 denotaret
1338 1527 1486 1564 Christi
1533 1529 1750 1564 adventum

436 1587 476 1623 in
510 1600 671 1624 carnem
706 1595 907 1635 sumptam
943 1599 987 1622 ex
1018 1585 1152 1622 Judeis
1186 1595 1222 1622 et
1255 1585 1452 1634 gentibus,
1485 1594 1528 1621 ut
1561 1593 1670 1633 patet
1704 1586 1751 1621 de

438 1647 547 1682 Raab
582 1654 618 1681 et
651 1646 757 1681 Ruth
789 1644 1003 1692 gentilibus
1037 1653 1245 1692 tamquam
1280 1643 1398 1692 pullis
1423 1642 1531 1680 asine
1556 1652 1592 1679 et
1614 1643 1750 1679 Judeis

437 1713 480 1739 ut
527 1703 683 1740 stolidis
728 1703 1005 1751 ignorantibus
1052 1702 1240 1747 salutare,
1289 1701 1537 1738 deformibus
1576 1700 1750 1748 peccatis

437 1761 581 1810 quibus
619 1769 837 1809 peccarunt
871 1759 910 1796 in
943 1759 1145 1803 Messiam,
1185 1769 1221 1796 et
1254 1759 1378 1796 tardis
1418 1760 1467 1796 ad
1507 1760 1751 1795 credendum
1792 1758 1805 1791 ἶ

438 1832 565 1867 usque
598 1820 647 1855 ad
682 1819 801 1854 finem
836 1817 975 1854 mundi
1009 1817 1342 1865 supportantibus
1376 1829 1499 1853 onera
1532 1816 1642 1864 legis.

497 1878 615 1922 Quod
640 1886 773 1913 autem
799 1876 980 1912 Christus
1013 1875 1119 1911 misit
1143 1876 1239 1912 duos
1262 1876 1469 1924 discipulos
1498 1876 1573 1911 hoc
1596 1874 1752 1911 videtur

439 1947 555 1982 posse
601 1944 742 1971 notare
786 1933 1024 1982 generaliter
1069 1935 1166 1969 duas
1210 1933 1407 1969 maneries
1460 1932 1749 1980 discipulorum

439 1992 600 2038 Christi,
635 1992 786 2029 scilicet
819 1991 970 2028 activos
1003 2000 1040 2028 et
1073 1991 1407 2039 contemplativos
1440 1990 1508 2039 qui
1540 1990 1580 2026 in
1604 1989 1752 2027 Christi

440 2063 559 2087 causa
592 2059 733 2087 contra
767 2049 850 2086 eius
884 2049 1136 2086 adversarios
1170 2050 1314 2085 debent
1348 2048 1518 2085 fideliter
1550 2049 1748 2084 laborare.

441 2110 558 2153 Quod
592 2117 725 2144 autem
749 2108 969 2144 Jerusalem
1004 2116 1162 2143 murata
1195 2116 1360 2143 vocatur
1393 2107 1592 2142 castellum
1617 2113 1750 2141 contra

438 2166 645 2216 apostolos,
681 2166 825 2213 figurat
848 2166 956 2213 quod
988 2164 1117 2201 incole
1151 2164 1267 2200 huius
1300 2164 1389 2200 ville
1421 2163 1571 2200 scilicet
1603 2162 1750 2199 summi

439 2223 664 2271 pontifices,
698 2222 888 2271 pharisei,
922 2222 1084 2259 saducei
1119 2231 1154 2258 et
1187 2222 1316 2258 scribe
1349 2230 1440 2258 sunt
1481 2230 1621 2258 contra
1652 2220 1752 2257 veri-

439 2290 561 2318 tatem
588 2280 874 2329 evangelicam,
909 2289 945 2317 et
969 2280 1024 2317 sic
1047 2288 1187 2317 contra
1210 2279 1359 2316 Christi
1383 2279 1600 2327 discipulos
1624 2278 1751 2326 ipsam

438 2339 648 2376 veritatem
684 2338 854 2375 fideliter
887 2338 1152 2386 predicantes.
1190 2340 1237 2373 Et
1269 2337 1325 2374 sic
1357 2346 1519 2373 notatur
1552 2350 1622 2385 per
1654 2336 1752 2372 illud

438 2398 603 2433 verbum
639 2396 855 2445 allegorice
888 2397 996 2444 quod
1029 2396 1102 2433 iste
1135 2405 1309 2444 quatuor
1341 2404 1447 2431 secte
1478 2407 1559 2431 non
1593 2403 1753 2430 cessant

439 2467 565 2503 usque
597 2454 715 2491 hodie
757 2467 873 2502 agere
913 2463 1052 2490 contra
1086 2453 1302 2490 Christum.
1348 2455 1395 2489 Et
1428 2454 1536 2501 quod
1570 2452 1752 2489 Christus

442 2512 548 2548 misit
582 2513 653 2549 hos
678 2514 776 2548 duos
810 2512 849 2548 in
882 2512 986 2548 istud
1022 2512 1228 2548 castellum
1264 2520 1404 2547 contra
1436 2510 1557 2559 ipsos,
1590 2518 1753 2546 notatur

511 2657 534 2684 5.
551 2656 608 2684 DG
623 2658 652 2683 iu
669 2665 783 2692 marg..
778 2667 783 2672 ·
806 2657 958 2684 Secunda.
1027 2656 1173 2691 7:Al)G
1193 2663 1266 2683 suos
1280 2656 1380 2685 deest:
1402 2656 1442 2683 ib
1457 2655 1561 2683 ADG:
1582 2657 1650 2691 quis
1663 2655 1754 2696 quid,-

440 2692 480 2719 ib.
502 2692 575 2719 AH:
598 2692 745 2719 dicerent.
820 2700 861 2725 ¹4-
884 2691 926 2718 H:
949 2665 1072 2726 indiget
1089 2694 1242 2718 creatore
1317 2686 1477 2718 15.'DG111
1494 2698 1606 2726 marg..
1602 2701 1607 2706 ·
1633 2691 1703 2717 lev
1699 2691 1751 2718 ·ία.

441 2727 480 2754 ιδ.
502 2728 545 2754 A:
573 2727 639 2753 eiuv
659 2726 753 2753 deest.
875 2711 1043 2761 19.Jexuv;
1069 2726 1111 2753 D:
1136 2725 1280 2752 Christus.
1398 2733 1440 2759 io
1462 2733 1507 2752 20
1527 2726 1572 2752 A.
1599 2725 1682 2761 quod
1699 2725 1754 2752 ltec

439 2761 504 2788 scri
524 2764 555 2788 ta
574 2764 644 2788 sunt
663 2761 702 2787 de
721 2769 767 2787 eo
850 2768 977 2788 21.1ec
974 2761 1035 2789 ι”,·ο
1055 2760 1161 2787 ADG:
1184 2768 1300 2787 uncczo.
1383 2760 1426 2787 23.
1447 2760 1492 2787 Η·
1512 2768 1644 2787 secunao
1664 2759 1751 2787 Rulli.

441 2795 480 2823 31.
548 2795 578 2823 in
600 2803 714 2829 marg:
736 2795 826 2823 Nota.
900 2794 946 2829 34.
969 2795 1012 2822 H:
1037 2794 1153 2822 Clu-'‘tstt
1170 2795 1264 2822 deest.
1338 2793 1383 2822 38.
1404 2795 1448 2822 H.
1470 2797 1579 2822 contra
1600 2795 1692 2821 deest.

512 2890 541 2920 7.
570 2879 687 2911 Matth.
714 2880 798 2918 XXI,
828 2880 857 2918 Β,
884 2890 915 2919 4.
1021 2877 1069 2910 Μ’).
1098 2878 1140 2910 ib.
1171 2878 1198 2910 5.

1770 901 1809 921 10

1771 1179 1807 1211 15

1769 2050 1784 2081 3
1789 2060 1810 2079 o

1770 2337 1809 2370 '35
