2062 3276
232 279 277 314 52
810 288 1034 319 JOHANNIS
1052 287 1237 319 WYCLIF
1257 287 1514 319 SERMONUM
1598 273 1749 330 [SERMO
1771 283 1822 311 Vl-

514 393 793 440 conglobatam
829 393 1126 429 multitudinem
1159 406 1371 429 onerosam
1405 394 1454 429 ad
1487 394 1664 429 dandum
1697 405 1824 429 exem-

513 450 624 498 plum
658 451 825 498 posteris
858 451 1039 488 similiter
1070 450 1311 487 faciendum.

260 516 355 557 Eiram
382 516 407 543 le
427 515 462 543 of
571 508 762 545 Similiter
794 511 823 545 ΙΙ
858 511 948 546 Cor.
973 511 1035 555 XI,
1070 508 1207 544 scribit
1239 509 1472 556 Apostolus:
1506 509 1614 544 Alias
1646 509 1824 545 ecclesias

285 552 330 579 St.
376 551 433 578 ‘³¹¹¹'
514 567 712 615 expoliavi
756 567 946 616 accipiens
983 567 1213 616 stipendium
1259 567 1310 601 ad
1349 566 1599 602 ministerizmz
1639 574 1822 606 vestrum.

514 631 548 660 et
580 637 663 660 cum
698 637 816 661 essem
856 625 961 674 apud
1000 637 1066 660 vos
1109 632 1144 660 et
1182 636 1351 674 egerem.
1400 624 1496 659 nulli
1533 637 1715 660 onerosus
1743 627 1821 674 sui.

514 684 562 718 Et
594 682 798 730 sequitur:
833 683 873 717 In
907 682 1081 718 omnibus
1112 682 1192 717 sine
1224 694 1338 717 onere
1369 682 1525 717 servavi
1556 695 1615 718 me
1654 683 1758 719 vobis
1790 691 1823 719 et

513 741 688 779 servabo,
724 741 838 776 Unde
870 739 911 775 in
944 739 1119 787 capitulo
1152 741 1255 785 X110‚
1297 740 1338 775 13
1376 740 1542 788 loquens
1574 740 1734 788 yronice
1768 741 1822 778 ita

514 797 668 834 scribit:
709 798 813 846 Quid
856 805 911 833 est
949 798 1046 833 enim
1080 799 1181 846 quod
1213 798 1337 833 minus
1369 798 1554 834 habuistis
1580 810 1655 847 pre
1687 800 1824 835 ceteris

514 856 694 901 ecclesiis,
726 856 798 891 nisi
819 856 920 904 quod
941 868 1014 905 ego
1037 856 1116 904 ipse
1148 868 1219 891 non
1241 855 1412 905 gravavi
1434 856 1530 891 vos?
1562 857 1699 891 donate
1731 857 1825 892 mihi

513 914 611 948 hanc
642 914 834 949 iniuriam.
880 912 1071 949 Similiter
1109 914 1194 949 Act.
1228 915 1331 959 XX0‚
1370 913 1416 949 33
1460 913 1555 949 dicit
1588 915 1821 961 Apostolus:

513 971 730 1021 Argentum
776 979 810 1007 et
854 983 993 1007 aurum
1040 979 1073 1006 et
1123 979 1261 1007 vestem
1296 972 1438 1007 nullius
1469 972 1681 1020 concupivi.
1724 973 1822 1008 sicut

514 1029 587 1077 ipsi
619 1041 685 1064 vos
715 1029 833 1074 scitis,
857 1029 1033 1077 quoniam
1068 1029 1119 1064 acl
1151 1042 1192 1065 ea
1217 1041 1286 1077 que
1318 1042 1412 1078 opus
1445 1030 1540 1064 mihi
1559 1037 1669 1065 erant
1692 1038 1727 1066 et
1749 1031 1822 1066 ltiis

514 1087 577 1134 qui
609 1098 753 1122 mecum
787 1094 872 1122 sunt
912 1087 1228 1123 ministraverunt
1267 1099 1401 1123 manus
1440 1088 1519 1125 iste.
1568 1088 1694 1124 Multa
1733 1097 1822 1124 sunt

514 1144 619 1180 dieta
652 1144 746 1180 talia
780 1144 870 1180 fidei
903 1144 1099 1192 scripture
1132 1144 1290 1190 similia,
1337 1157 1380 1180 ex
1419 1144 1562 1193 quibus
1596 1154 1704 1192 patet
1737 1146 1824 1182 luce

514 1201 658 1238 clarius
691 1204 799 1250 quod
832 1215 903 1238 nec
936 1203 1076 1239 fratres
1109 1215 1181 1239 nec
1214 1204 1440 1239 sacerdotes
1473 1202 1537 1239 alii
1572 1204 1716 1240 debent
1741 1216 1824 1240 esse

514 1260 677 1296 ecclesie
735 1260 906 1296 onerosi.
966 1260 1170 1309 Numquid
1231 1260 1429 1296 credimus
1489 1262 1628 1297 fratres
1675 1262 1825 1298 curiose

513 1325 672 1367 agentes
703 1321 760 1363 (ut
794 1318 887 1354 dicit
911 1319 1127 1366 Apostolus
1161 1321 1190 1354 ΙΙ
1214 1319 1351 1354 Thess.
1386 1319 1542 1362 ultimo)
1575 1328 1656 1355 tam
1681 1319 1720 1354 in
1743 1319 1823 1355 suis

514 1375 678 1411 edificiis
712 1376 877 1412 curiosis
910 1389 1030 1424 quam
1064 1376 1103 1412 in
1137 1376 1444 1425 quibuscunque
1477 1390 1553 1425 que
1586 1376 1749 1418 faciunt,
1784 1377 1823 1413 in

513 1442 668 1469 tantum
703 1435 813 1482 quod
846 1434 885 1469 in
918 1433 998 1469 suis
1032 1434 1132 1470 fictis
1166 1434 1417 1470 sermonibus
1457 1434 1653 1470 rithmicis
1693 1444 1729 1470 et
1769 1435 1822 1471 sic

515 1491 721 1538 dyabolice
753 1491 920 1528 curiosis
953 1501 1043 1528 sunt
1077 1493 1225 1540 populo
1259 1492 1441 1528 onerosi?

323 1558 401 1585 How
574 1551 722 1586 Revera
746 1563 826 1585 non
844 1558 899 1585 est
916 1550 1023 1586 racio
1047 1562 1170 1598 quare
1193 1551 1382 1586 solvendo
1407 1550 1592 1586 fratribus
1615 1550 1820 1586 annuatim

227 1593 501 1654 ὺιιᾟῇζῖιῗξᾞζ-ωθ
514 1616 671 1642 tantum
705 1607 947 1654 stipendium
982 1620 1061 1643 non
1095 1608 1194 1643 foret
1218 1608 1385 1655 pauperi
1420 1609 1569 1655 populo
1593 1621 1821 1652 onerosum,

514 1664 610 1713 quin
634 1678 703 1712 per
726 1665 830 1701 idem
856 1666 1045 1701 solvendo
1069 1665 1213 1701 iterum
1239 1675 1393 1702 tantum
1419 1675 1524 1702 secte
1547 1666 1679 1706 alteri:
1710 1675 1747 1701 et
1769 1666 1823 1702 sic

513 1722 552 1758 in
576 1722 884 1765 infinstum,non
907 1723 947 1759 in
970 1736 1070 1759 onus
1095 1723 1258 1760 ecclesie
1281 1725 1536 1761 redundaret.
1562 1726 1641 1760 Nec
1667 1733 1823 1760 excusat

513 1782 651 1817 crebra
675 1781 842 1817 fratrum
866 1780 1046 1817 visitacio
1068 1782 1128 1817 vel
1151 1781 1382 1828 acceptacio
1398 1781 1478 1817 dati
1503 1781 1648 1817 modici
1665 1781 1822 1830 quanti-
1842 1808 1856 1813 ,

513 1839 645 1884 tative‚
670 1839 763 1887 quia
786 1838 824 1874 in
850 1839 1025 1887 qualibet
1044 1839 1276 1875 visitacione
1309 1852 1380 1875 sua
1413 1839 1453 1875 in
1486 1839 1643 1875 cibariis
1678 1848 1714 1876 et
1737 1839 1822 1875 aliis

514 1897 719 1932 fraudibus
742 1906 909 1933 onerant
932 1896 1123 1937 visitatos.
1160 1906 1268 1944 patet
1291 1899 1397 1945 quod
1429 1898 1568 1934 fratres
1600 1906 1643 1933 ut
1666 1897 1720 1933 sic
1754 1910 1823 1944 per

514 1954 705 1991 maiorem
750 1967 862 1990 suam
908 1955 1217 1991 sollicitudinem
1251 1957 1493 1992 abstractam
1534 1968 1555 1991 a
1589 1954 1747 1991 Christo
1786 1964 1822 1990 et

514 2026 583 2061 per
619 2012 883 2060 multiplicata
917 2021 1079 2060 peccata
1112 2022 1203 2049 sunt
1236 2014 1323 2060 plus
1356 2014 1506 2061 populo
1538 2013 1708 2049 onerosi.

241 2078 345 2106 Friars
365 2078 473 2106 should
572 2073 625 2106 Ex
662 2070 737 2106 ista
775 2070 908 2106 radice
948 2071 1038 2106 fidei
1078 2070 1227 2107 faciunt
1266 2071 1401 2107 fideles
1440 2072 1542 2107 hane
1575 2070 1819 2107 evidenciam

224 2113 652 2165 leui-etheordcrs.comm
696 2129 853 2165 fratres:
899 2129 1016 2165 Nulla
1062 2138 1169 2165 secta
1206 2130 1267 2165 vel
1304 2128 1539 2165 adinvencio
1577 2130 1693 2164 debet
1739 2141 1821 2164 esse

513 2186 678 2222 ecclesie
721 2199 903 2232 onerosa,
949 2188 1017 2222 sed
1061 2196 1168 2223 secta
1212 2187 1380 2223 fratrum
1415 2196 1451 2222 et
1484 2199 1818 2234 quorumcunque

511 2257 705 2281 novorum
740 2244 926 2280 ordinum
961 2257 1050 2280 cum
1085 2244 1170 2280 aliis
1203 2244 1477 2281 sacerdotibus
1510 2257 1531 2280 a
1555 2243 1701 2280 Christi
1724 2257 1820 2291 pau-

511 2302 619 2349 perie
664 2302 955 2338 declinantibus
1003 2311 1060 2338 est
1108 2311 1151 2338 ut
1197 2302 1253 2338 sic
1299 2301 1461 2338 ecclesie
1507 2314 1688 2347 onerosa,
1729 2314 1820 2349 ergo

510 2359 617 2396 iuxta
651 2360 769 2395 tidem
803 2360 998 2407 scripture
1032 2373 1111 2396 non
1144 2361 1289 2396 debent
1328 2359 1450 2408 aliqui
1490 2372 1573 2396 esse
1618 2360 1734 2400 tales:
1784 2362 1852 2395 et?

578 2482 603 2509 3.
625 2483 669 2509 A:
696 2482 732 2509 Il.
753 2481 824 2509 Cor.
846 2489 889 2509 12.
946 2491 973 2515 ψ
996 2483 1040 2509 A:
1067 2483 1209 2517 spoliavi.
1267 2482 1291 2509 5.
1312 2483 1356 2509 A:
1379 2482 1541 2509 onerosius
1559 2482 1619 2514 fui.
1674 2482 1701 2509 (ἱ.
1717 2483 1760 2508 A:
1784 2481 1822 2508 ΕΙ

508 2518 647 2552 sequitur
665 2517 762 2544 twice.
853 2525 878 2551 7.
900 2518 1056 2552 capitulo:
1081 2519 1126 2544 A:
1154 2523 1214 2544 cast.
1306 2525 1346 2543 10.
1368 2516 1410 2543 D:
1433 2518 1496 2543 Act.
1517 2512 1589 2545 XII:
1614 2517 1654 2543 ib.
1676 2516 1718 2544 13:
1746 2517 1820 2543 dicis

509 2553 668 2587 apostolus
688 2551 782 2578 deest.
856 2560 889 2578 11.
906 2552 1022 2579 Codd.:
1043 2552 1123 2578 sicut
1141 2552 1233 2578 deest.
1256 2551 1383 2578 Addidi.
1457 2551 1492 2578 15.
1508 2550 1531 2578 E
1546 2551 1574 2577 iu
1593 2559 1706 2585 marg:
1726 2549 1819 2578 Nota.

511 2595 549 2620 ¹7·
571 2587 615 2613 A:
642 2586 805 2621 Apostolus
825 2586 919 2613 deest.
1004 2587 1042 2613 ιδ’.
1065 2586 1132 2613 Db:
1161 2594 1219 2621 que
1239 2586 1331 2613 deest.
1414 2593 1460 2617 21-
1482 2587 1526 2612 A:
1554 2586 1583 2612 in
1605 2586 1689 2612 deest
1713 2586 1821 2620 before

509 2621 676 2652 infinitum:
703 2621 743 2647 ib.
765 2620 788 2647 E
815 2620 843 2647 iu
873 2629 986 2655 marg:
1016 2620 1141 2648 Fratres
1167 2629 1227 2648 non
1255 2623 1382 2647 excusa!
1403 2628 1501 2654 parve
1519 2620 1691 2654 elemosyne
1709 2620 1818 2647 crebra

509 2656 696 2690 acceptacz'o.
761 2655 803 2685 25,
824 2656 871 2683 26.
891 2657 934 2683 A:
955 2658 1113 2689 qtmntate.
1178 2663 1225 2690 29.
1248 2655 1287 2682 E:
1310 2656 1496 2681 abstmclam
1517 2655 1617 2683 deest:
1639 2655 1678 2681 ib.
1700 2663 1743 2682 a:
1761 2662 1820 2689 per

509 2690 602 2716 deest.
710 2688 748 2716 31.
770 2691 814 2716 A:
836 2690 995 2718 invenem:
1015 2691 1054 2717 ib.
1076 2691 1103 2717 A
1125 2690 1152 2717 in
1176 2698 1289 2723 marga
1311 2689 1393 2716 Nam
1415 2689 1591 2717 racionem:
1611 2689 1633 2715 13
1654 2689 1683 2716 in
1705 2697 1818 2723 marg:

508 2723 610 2752 Nota:
631 2724 653 2750 Ι)
675 2724 705 2751 in
726 2732 840 2759 marg:
861 2726 1051 2759 ¹lrgumenla
1072 2728 1181 2752 contra
1199 2725 1355 2759 privatam
1376 2724 1570 2759 religionem.

580 2808 609 2840 3.
637 2807 674 2838 ΙΙ.
702 2808 779 2838 Cor.
805 2808 860 2845 xl,
889 2809 919 2846 ὃ,
949 2818 980 2850 9.
1097 2809 1145 2840 1¹3.
1174 2808 1225 2839 Cf.
1245 2807 1383 2849 Wyclif,
1411 2808 1460 2838 De
1488 2807 1712 2837 Fundacione
1739 2807 1818 2837 Sec-

508 2860 630 2888 tarum.
670 2854 744 2884 1201.
770 2854 908 2891 Works,
941 2855 994 2885 ed.
1022 2855 1253 2895 Buddensieg,
1292 2864 1369 2895 pag.
1404 2863 1445 2883 20
1487 2859 1519 2884 et
1560 2853 1688 2895 passim
1728 2852 1818 2884 alibi.

516 2910 565 2942 17·
594 2900 630 2931 ΙΙ.
657 2899 780 2932 Thess.
808 2900 859 2935 ΙΙΙ,
892 2910 940 2932 11.

1845 927 1882 947 IO

1845 1205 1880 1236 15
