2062 3276
196 564 271 595 Fol.

193 611 208 643 ‘3
220 621 227 641 1
237 609 271 641 (ν’

233 887 270 907 10

230 1165 267 1197 15

288 243 422 271 sFRMO
445 235 598 292 xxvnr]
769 250 958 287 QUARTA
988 250 1113 282 PARS·

288 363 371 388 esse
409 352 509 389 sieut
548 354 600 389 dii
640 354 808 391 scientes
848 357 997 392 bonum
1033 366 1068 392 et
1104 357 1252 393 malum
1289 366 1324 393 et
1359 358 1596 404 generaliter

287 410 335 445 de
357 410 545 446 omnibus
569 412 702 459 lapsis.
738 415 818 449 Nec
842 413 985 449 mirum
1012 414 1041 449 si
1063 416 1167 450 Deus
1192 415 1385 462 despiciat
1404 418 1597 462 superbos

289 476 419 504 mente
444 469 575 504 cordis
598 469 671 515 sui,
707 483 796 506 cum
830 483 970 508 omnes
1005 473 1215 519 (quantum
1244 472 1280 507 in
1306 472 1360 508 eis
1384 476 1457 517 est)
1485 486 1596 508 usur-

287 535 383 571 pant
428 526 500 561 sibi
549 527 737 574 regaliam
775 528 843 564 Dei
887 538 922 564 et
963 541 1032 577 per
1079 542 1328 578 consequens
1376 530 1597 566 moliuntur

288 583 534 629 regalitatem
569 597 679 621 suam
706 587 922 623 destruere.
958 589 1045 622 Non
1076 588 1180 624 enim
1208 597 1346 634 regnat
1371 590 1475 624 Deus
1497 587 1499 640 Ι
1521 589 1596 624 nisi

286 653 355 687 per
388 642 529 688 legem.
566 643 656 678 Ideo
691 643 786 679 dicit
821 645 960 680 beatus
995 645 1209 693 Gregorius

672 700 751 750 Qui
782 702 911 752 diligit
946 714 1078 752 regem

720 759 863 809 Diligit
893 767 929 795 et
962 761 1040 796 eius
1073 761 1210 811 legem.

344 814 623 852 Inobediencia
672 829 764 853 vero
814 817 984 854 maxime
1033 818 1253 867 indisponit
1301 832 1457 856 servum
1510 820 1595 856 Dei.

285 870 382 916 Quis
423 884 515 919 ergo
557 885 621 909 rex
661 887 741 910 non
786 874 1055 912 offenderetur
1101 876 1169 913 tali
1216 877 1436 924 proditori?
1482 879 1597 914 Unde

284 929 470 976 superbia
494 930 583 966 talis
607 940 663 967 est
687 931 877 980 implicite
902 934 1166 982 blasphemia,
1202 947 1290 970 cum
1316 935 1444 971 tribus
1470 935 1597 971 modis

283 987 551 1024 committitur
585 990 853 1037 blasphemia:
895 991 1024 1039 primo
1058 994 1220 1040 quando
1255 1002 1424 1040 negatur
1457 1006 1477 1030 a
1512 996 1596 1029 Deo

284 1046 391 1093 quod
424 1045 497 1081 sibi
533 1047 731 1093 convenit,
772 1057 814 1084 ut
848 1050 955 1097 quod
990 1059 1047 1086 est
1080 1050 1374 1098 impeccabili33
1420 1053 1596 1087 secundo

283 1102 515 1139 attribuitur
539 1106 622 1141 Deo
653 1107 760 1153 quod
795 1106 869 1142 sibi
904 1120 982 1143 non
1016 1108 1214 1156 convenit,
1249 1117 1291 1144 ut
1325 1110 1431 1157 quod
1466 1118 1596 1157 potest

283 1160 367 1196 sine
401 1161 555 1198 defectu
591 1172 772 1200 creature
806 1166 987 1202 deserere
1021 1175 1226 1213 sperantes
1250 1166 1290 1202 in
1314 1180 1366 1214 se,
1401 1175 1437 1202 et
1472 1167 1597 1203 tercio

284 1220 446 1266 quando
485 1229 667 1257 creatura
710 1222 877 1258 assumit
910 1223 985 1259 sibi
1021 1225 1128 1272 quod
1163 1227 1246 1260 Deo
1280 1234 1337 1261 est
1370 1225 1594 1272 proprium,

283 1285 325 1311 ut
358 1276 488 1324 posito
522 1279 630 1325 quod
664 1279 751 1327 quis
785 1280 892 1317 dicat
925 1283 1032 1329 quod
1068 1281 1116 1317 sit
1151 1291 1259 1318 tante
1293 1283 1450 1319 virtutis
1475 1292 1595 1331 atque

283 1334 467 1381 potencie
501 1338 605 1383 quod
640 1350 719 1373 non
753 1338 877 1385 possit
911 1352 1089 1386 peceare.
1138 1341 1251 1376 Unde
1283 1340 1395 1376 Judei
1431 1343 1595 1388 quando

283 1392 496 1428 audierunt
531 1394 733 1430 Christum
769 1395 901 1433 dicere
935 1399 1043 1445 quod
1078 1397 1182 1433 filius
1217 1398 1287 1434 Dei
1322 1408 1422 1434 esset
1457 1408 1492 1434 et
1526 1412 1595 1435 an-

282 1450 390 1497 gelos
423 1463 506 1486 esse
541 1452 811 1490 ministrantes
844 1455 917 1490 sibi
952 1455 1083 1491 scissis
1117 1456 1290 1492 vestibus
1314 1456 1594 1504 imposuerunt

282 1507 355 1543 sibi
390 1509 694 1556 blasphemiam.
743 1513 914 1556 Quando
948 1525 1041 1560 ergo
1075 1514 1197 1549 homo
1238 1514 1429 1561 superbit,
1476 1523 1593 1562 negat

282 1565 474 1613 implicite
514 1580 554 1604 se
593 1568 739 1605 habere
779 1570 1026 1618 superiorem
1073 1571 1225 1618 legibus
1270 1572 1383 1608 cuius
1417 1572 1592 1619 obediat,

282 1625 388 1671 quod
413 1633 469 1661 est
494 1627 576 1662 Deo
601 1627 826 1675 proprium,
861 1638 897 1664 et
931 1628 986 1665 sic
1019 1629 1109 1665 talis
1143 1630 1376 1677 superbiens
1410 1640 1466 1666 est
1491 1631 1594 1666 blas-

282 1683 464 1729 phemus.

339 1739 453 1776 Fides
486 1750 620 1777 autem
656 1745 877 1779 secundum
903 1745 1139 1792 Apostolum
1177 1755 1233 1781 est
1268 1755 1424 1782 scutum
1452 1746 1490 1781 in
1514 1759 1592 1794 quo
1611 1755 1695 1782 vaith
1719 1755 1768 1782 1110
1784 1756 1881 1783 silicia

282 1810 493 1844 possumus
527 1799 664 1836 omnia
697 1802 773 1837 tela
808 1801 1042 1849 nequissimi
1067 1803 1191 1839 hostis
1215 1803 1329 1851 ignea
1353 1803 1591 1851 extinguere.

283 1856 358 1891 Pro
391 1869 471 1903 quo
503 1859 724 1894 notandum
760 1861 869 1907 quod
902 1872 1042 1896 omnes
1076 1861 1282 1897 christiani
1315 1861 1468 1898 viantes
1502 1871 1594 1898 sunt

281 1913 395 1960 quasi
436 1923 556 1951 naute
594 1915 735 1952 inclusi
775 1917 811 1952 in
853 1918 1019 1954 ecclesia
1058 1927 1101 1954 ut
1140 1932 1239 1956 nave
1274 1919 1377 1955 Petri
1412 1928 1448 1955 et
1486 1920 1594 1956 navi-

282 1980 420 2017 gantes
452 1985 587 2008 versus
621 1983 781 2021 portum
817 1975 956 2011 salutis
990 1976 1135 2024 quibus
1169 1978 1432 2014 adversantur
1466 1978 1593 2025 pirate

224 2028 319 2066 T‘in
360 2041 527 2077 corpore
573 2031 735 2075 diaboli,
783 2032 849 2080 qui
896 2034 1174 2071 transmittunt
1218 2035 1295 2071 tela
1334 2036 1393 2071 vel
1439 2048 1593 2082 gunnas

281 2086 415 2133 igneas
461 2090 509 2123 ad
556 2088 851 2126 incendendum
899 2091 1047 2128 dictam
1093 2105 1249 2129 navem.
1304 2092 1440 2129 Primo
1486 2093 1590 2130 enim

281 2144 502 2181 moliuntur
525 2147 729 2184 destruere
754 2148 871 2184 fidem
891 2149 1088 2197 scripture
1108 2163 1187 2199 qua
1207 2150 1416 2187 deficiente
1435 2151 1591 2198 pericli-

279 2211 430 2238 taretur
463 2204 666 2251 navigans.
703 2208 802 2243 Cum
829 2206 935 2243 enim
960 2217 1119 2255 oportet
1142 2221 1303 2245 omnem
1330 2208 1589 2245 christianum

280 2260 390 2308 sequi
414 2261 615 2298 Christum
642 2263 680 2299 in
705 2264 884 2300 moribus
909 2265 1015 2302 iuxta
1039 2265 1136 2302 illud
1160 2267 1341 2314 Apostoli
1367 2267 1378 2302 l
1403 2268 1494 2303 Cor.
1520 2269 1591 2303 110:

223 2324 255 2355 T-
280 2318 414 2354 Estote
437 2319 651 2357 imitatores
674 2322 748 2358 mei
778 2323 874 2358 sicut
907 2331 941 2359 et
973 2335 1046 2373 ego
1066 2324 1225 2369 Christi,
1249 2324 1431 2361 Christus
1455 2334 1588 2361 autem

280 2376 459 2412 ascendit
499 2376 538 2413 in
572 2379 700 2415 celum
736 2388 772 2416 et
807 2382 927 2417 modo
966 2394 1047 2418 non
1087 2392 1344 2419 conversatur
1383 2382 1590 2419 nobiscum

350 2530 370 2549 1.
392 2522 435 2550 H:
455 2523 531 2550 sicul
550 2523 643 2550 deest.
715 2533 744 2557 4.
768 2525 809 2551 h:
832 2526 964 2558 regalia.
1046 2535 1075 2559 4,
1097 2527 1121 2554 5.
1143 2527 1184 2554 D:
1207 2525 1375 2555 moliuntur
1396 2529 1592 2563 regalitatem

280 2558 381 2589 deest;
409 2558 448 2584 ib.
472 2558 515 2585 H:
541 2558 732 2585 molliuntur.
806 2568 833 2594 9.
856 2560 928 2588 Dl-l:
956 2561 1171 2589 lnohediencia
1192 2563 1303 2595 igitur.
1379 2571 1417 2590 12.
1437 2564 1482 2590 A:
1511 2564 1594 2598 quud

280 2595 433 2627 negatum
457 2592 497 2619 ib.
520 2592 546 2618 G
566 2593 596 2620 in
619 2601 734 2627 marg.:
762 2594 853 2621 Nota.
928 2604 969 2630 ¹9·
993 2596 1034 2623 l):
1056 2596 1316 2632 quodfut'tfilius
1336 2598 1404 2624 Dei.
1478 2605 1524 2625 20.
1547 2598 1590 2625 G:

280 2627 479 2661 imposuerat.
554 2635 592 2663 213
613 2629 659 2656 A:
679 2628 899 2663 blasphemiam
920 2631 1021 2664 ἀοι-5η
1048 2631 1088 2658 ib.
1111 2631 1151 2658 1›:
1174 2632 1282 2666 igitur.
1357 2630 1399 2659 23.
1424 2631 1465 2659 H:
1486 2641 1592 2667 super·

279 2661 363 2688 biens·
383 2661 476 2688 deest.
550 2666 597 2689 20.
620 2662 662 2689 Ητ
684 2663 779 2697 ignea
801 2664 894 2691 deest.
969 2666 1013 2692 28.
1034 2667 1076 2692 A:
1100 2666 1129 2692 in
1152 2667 1279 2693 eccles-ia
1298 2667 1402 2700 twice;
1429 2667 1470 2694 ib.
1492 2667 1594 2697 Petri:

281 2695 353 2722 llG:
382 2696 504 2731 impetn,
583 2704 630 2731 29.
651 2698 695 2724 A:
721 2701 854 2732 portam.
928 2698 974 2726 30.
997 2699 1039 2727 H:
1061 2701 1091 2727 in
1114 2704 1226 2731 cartre:
1251 2701 1280 2728 ib
1312 2702 1357 2729 A:
1379 2702 1433 2737 qui
1450 2700 1594 2729 tmmsivi!

280 2733 349 2756 lunc
364 2730 411 2763 (ΕΗ
439 2731 479 2757 ib.
500 2739 641 2766 gumms;
667 2732 741 2759 hG:
769 2741 880 2767 gumtis.
955 2733 997 2762 33.
1020 2734 1062 2761 H:
1084 2743 1201 2762 omnem
1221 2736 1381 2763 hominem

350 2823 380 2854 7.
407 2813 417 2843 I
444 2813 532 2844 have
565 2821 623 2845 not
655 2815 741 2846 been
775 2815 851 2846 able
877 2824 911 2846 to
939 2815 1007 2847 lind
1045 2816 1112 2847 this
1146 2827 1290 2859 passage
1326 2819 1359 2848 in
1393 2818 1449 2850 the
1477 2819 1591 2849 works

280 2858 318 2889 01'
341 2860 387 2890 St.
416 2859 584 2902 Gregory.
683 2861 735 2892 25.
763 2861 851 2902 Eph.
870 2862 926 2901 Vl,
952 2862 1000 2893 is).
1100 2863 1202 2895 35.1.
1231 2864 1311 2895 Cor.
1338 2865 1392 2904 lv,
1421 2864 1451 2897 Γ).

1414 2921 1452 2953 16

1636 1790 1663 1816 iu
1687 1790 1786 1817 which
1809 1792 1857 1817 the

1632 1826 1769 1860 enemy's
1790 1827 1862 1861 tit-ry

1668 1860 1752 1886 daris
1773 1868 1822 1886 are

1632 1895 1859 1929 extinguished.
