2062 3276
199 264 278 300 288

219 385 287 412 The
306 385 394 413 word
414 384 448 411 of

195 420 265 448 God
287 420 386 448 better
397 419 470 447 thau

286 455 390 484 bread.

232 2363 328 2392 Bread
350 2363 446 2391 useful

205 2401 278 2435 only
292 2399 340 2426 for
353 2398 478 2432 helping

251 2443 285 2461 us
305 2439 336 2461 to
357 2433 431 2468 keep

232 2469 330 2496 God's
350 2467 448 2495 word.

759 270 983 302 ,IOHANNIS
1002 269 1186 301 WYCLIF
1205 269 1461 301 SERMONUM
1485 253 1635 311 [SERMO
1657 263 1794 292 XXXIII·

487 386 625 414 notam
658 377 819 413 diabolo
853 375 1171 421 (Deuteronomii
1205 378 1325 421 Vlll0,
1363 375 1412 421 3),
1446 375 1513 410 ubi
1547 383 1654 422 patet
1687 375 1795 421 quod

489 436 645 471 verbum
679 435 755 471 Dei
785 437 891 483 quod
917 444 974 470 est
999 435 1080 471 eius
1104 434 1286 470 doctrina
1320 442 1377 469 est
1400 432 1651 480 prestancior
1674 444 1793 480 quam

487 493 598 529 cibus
632 493 866 541 corporalis.
900 494 1032 541 Ipsum
1067 500 1200 528 autem
1234 492 1399 528 verbum
1433 492 1549 527 docet
1573 492 1680 538 quod
1713 502 1795 525 non

489 560 545 587 est
568 552 817 599 peccandum
850 563 922 599 pro
956 550 1091 599 aliqua
1121 563 1224 598 pena
1245 548 1439 597 possibili,
1472 548 1563 584 ideo
1593 547 1797 584 evidencia

487 609 636 645 diaboli
658 622 738 646 non
763 617 939 645 moveret
958 610 1064 657 quod
1081 607 1264 644 Christus
1287 608 1435 643 faceret
1458 607 1534 642 hoc
1558 606 1794 642 miraculum
1815 605 1830 636 5

487 668 537 703 ad
561 666 878 703 ostentacionem
903 667 963 703 sui
986 667 1046 702 vel
1064 675 1221 714 pastum
1242 665 1546 713 perficiendum,
1570 663 1797 712 specialiter

488 738 576 761 cum
613 725 807 762 miracula
850 725 910 760 vel
951 724 1135 760 doctrina
1180 723 1331 770 private
1376 723 1480 759 facta
1525 730 1714 758 sonarent
1757 721 1797 756 in

489 796 679 831 pompam
706 796 746 820 se
770 782 1018 819 ostentantis.
1053 783 1136 818 Hec
1160 790 1293 817 autem
1312 780 1546 817 doctrinalis
1569 778 1797 816 confutacio

487 841 688 877 sufficeret
721 842 771 877 ad
804 841 1022 888 regendum
1068 848 1192 876 totam
1228 839 1438 875 ecclesiam
1484 839 1628 874 nedum
1664 838 1797 885 quoad

488 908 653 946 peccata
701 898 880 935 carnalia
934 899 1002 934 sed
1051 899 1101 934 ad
1153 897 1289 933 onmia
1343 905 1601 945 peccatorum
1653 907 1796 943 genera
1819 906 1856 926 10

487 956 689 1004 fugienda.
724 959 792 993 Est
825 956 929 992 enim
964 955 1197 992 doctrinalis
1230 954 1435 991 conclusio
1469 953 1616 991 Christi
1649 953 1689 989 in
1722 953 1797 988 ista

487 1015 750 1063 super-acione
784 1014 934 1050 diaboli
967 1015 1075 1062 quod
1104 1021 1269 1061 propter
1302 1013 1456 1049 nullum
1490 1012 1621 1048 cibum
1656 1023 1799 1058 corpo-

489 1073 612 1109 ralem
644 1073 873 1120 possibilem
909 1081 965 1108 est
992 1073 1158 1108 verbum
1189 1071 1261 1107 Dei
1294 1071 1619 1119 postponendum
1660 1078 1697 1105 et
1729 1081 1799 1117 per
1815 1093 1892 1124 Fol-

489 1143 737 1179 consequens
770 1139 933 1178 propter
965 1130 1121 1166 nullum
1154 1131 1304 1165 bonum
1338 1130 1496 1165 fortune
1526 1125 1529 1180 Ι
1558 1128 1618 1164 vel
1642 1136 1894 1173 nature7321c

489 1201 579 1225 cum
605 1189 716 1238 cibus
739 1188 932 1225 naturalis
964 1188 1014 1224 sit
1038 1187 1210 1224 maxime
1232 1186 1479 1223 necessarius
1503 1185 1671 1231 homini,
1706 1197 1799 1233 ergo
1820 1186 1856 1217 15

489 1247 520 1283 si
553 1256 717 1295 propter
739 1246 852 1282 illum
886 1259 969 1282 non
998 1245 1090 1282 licet
1119 1245 1283 1293 aliquod
1305 1246 1471 1281 verbum
1495 1244 1566 1280 Dei
1599 1255 1798 1292 spernere,

491 1306 618 1341 multo
653 1304 777 1353 magis
811 1313 975 1353 propter
1006 1304 1161 1340 nullum
1201 1303 1331 1339 minus
1365 1302 1647 1340 necessarium.
1695 1303 1799 1338 Con—

491 1363 617 1399 clusio
656 1372 787 1399 autem
835 1364 1028 1410 probatur
1073 1374 1142 1410 per
1181 1362 1257 1398 hoc
1296 1362 1406 1410 quod
1443 1369 1608 1409 propter
1646 1359 1800 1395 nullum

492 1421 621 1457 minus
667 1423 817 1457 bonurn
862 1420 1124 1456 dimittendus
1163 1428 1221 1455 est
1260 1432 1373 1455 amor
1412 1418 1538 1466 magis
1572 1418 1685 1463 boni;
1732 1418 1800 1453 sed

491 1492 601 1515 omne
633 1480 790 1515 verbum
815 1479 916 1528 quod
933 1478 1113 1528 procedit
1145 1478 1191 1513 de
1214 1490 1280 1513 ore
1302 1477 1379 1513 Dei
1409 1486 1466 1513 est
1499 1476 1625 1524 magis
1650 1477 1799 1511 bonum
1817 1485 1858 1506 20

491 1550 612 1586 quarn
659 1537 769 1573 cibus
814 1536 1048 1585 corporalis.
1096 1537 1196 1572 Sunt
1241 1535 1345 1571 enim
1380 1535 1565 1571 veritates
1603 1534 1801 1581 scripture

491 1608 567 1644 que
605 1604 696 1631 sunt
739 1596 857 1631 verba
902 1594 974 1630 Dei
1018 1594 1072 1630 sic
1106 1605 1282 1630 connexa
1329 1594 1437 1641 quod
1482 1593 1800 1640 unumquodque

492 1653 600 1690 iuvat
639 1653 846 1701 quodlibet
886 1661 922 1688 et
961 1652 1098 1688 onmia
1136 1651 1273 1688 iuvant
1307 1654 1449 1687 Deum.
1496 1653 1596 1687 Nam
1635 1651 1799 1686 verbum

494 1711 564 1747 Dei
599 1711 800 1748 efficacius
834 1710 961 1758 pascit
985 1722 1129 1758 corpus
1153 1723 1273 1758 quam
1304 1709 1414 1745 cibus
1438 1708 1673 1756 corporalis,
1708 1720 1801 1755 ergo

493 1779 550 1806 est
582 1770 669 1817 ipso
702 1768 966 1817 prestancius,
1001 1767 1228 1816 specialiter
1261 1781 1352 1804 curn
1386 1767 1539 1803 nutrire
1573 1779 1718 1813 corpus
1752 1765 1800 1801 sit
1819 1763 1858 1795 25

493 1827 681 1876 operacio
715 1826 1005 1875 perfectissima
1029 1825 1105 1861 cibi
1130 1825 1364 1874 corporalis.
1397 1826 1659 1872 Assumptum
1693 1832 1801 1871 patet

493 1887 541 1922 de
573 1888 708 1933 Moyse
741 1884 865 1922 Exodi
887 1886 1042 1929 XXIVO,
1077 1884 1143 1932 qui
1166 1885 1288 1920 verbo
1318 1883 1389 1919 Dei
1422 1882 1594 1919 nutritus
1628 1890 1684 1918 θεῖ
1717 1894 1803 1929 per-

493 1943 639 1980 feccius
658 1945 789 1991 quoad
807 1956 951 1991 corpus
969 1955 1090 1991 quam
1109 1942 1141 1978 si
1160 1955 1304 1990 panem
1325 1941 1572 1978 cotidianum
1590 1948 1803 1988 quantum-

494 2001 588 2038 libet
620 2003 775 2037 lautum
809 2001 1024 2049 reciperet3
1058 2008 1094 2036 et
1122 1999 1229 2036 idem
1261 2008 1372 2047 patet
1408 2000 1454 2035 de
1483 1998 1599 2034 Helia
1622 2000 1683 2034 III.
1709 1999 1801 2045 Reg.

494 2061 600 2095 XIXO
647 2068 684 2095 et
728 2061 775 2095 de
821 2059 979 2094 Christo
1025 2058 1106 2104 hic3
1154 2058 1280 2094 immo
1325 2056 1585 2105 probabiliter
1629 2055 1862 2092 crediturffl)

494 2118 602 2165 quod
634 2117 690 2153 sic
721 2126 941 2165 pascuntur
964 2118 1073 2152 Enoc
1107 2125 1143 2152 et
1174 2115 1310 2152 Helias
1343 2115 1383 2151 in
1405 2114 1592 2162 paradiso
1627 2123 1663 2150 et
1696 2112 1804 2149 credi

495 2177 612 2211 debet
644 2187 687 2211 ex
719 2175 796 2211 fide
829 2176 937 2222 quod
970 2173 1024 2210 sic
1048 2182 1267 2222 pascuntur
1301 2185 1471 2220 corpora
1501 2181 1731 2208 sanctorum
1764 2170 1804 2206 in

494 2234 591 2269 celo.
645 2235 790 2280 Magna
836 2245 929 2280 ergo
975 2231 1213 2268 excellencia
1257 2231 1374 2266 huius
1416 2229 1525 2266 verbi
1577 2229 1649 2265 Dei
1695 2229 1802 2276 quod

495 2303 660 2327 manens
685 2290 884 2338 integrum
909 2289 1036 2337 pascit
1058 2289 1177 2325 simul
1195 2298 1275 2325 tam
1301 2301 1444 2336 corpus
1468 2300 1589 2336 quam
1612 2287 1802 2323 animam.

552 2349 736 2385 Secunda
769 2348 878 2384 racio
913 2347 1147 2384 excellencie
1187 2356 1243 2383 est
1284 2348 1391 2395 quod
1430 2346 1544 2393 panis
1583 2344 1802 2392 corporalis
1821 2344 1860 2377 :³5

494 2419 574 2442 non
608 2405 766 2454 proficit
799 2407 865 2442 sed
900 2405 1025 2442 officit
1057 2405 1132 2441 nisi
1170 2406 1218 2441 de
1248 2413 1398 2453 quanto
1427 2411 1622 2439 sustentat
1657 2415 1804 2450 suppo-

493 2464 613 2500 situm
638 2465 687 2501 ad
712 2464 1018 2500 custodiendum
1041 2464 1205 2500 verbum
1230 2462 1314 2499 Dei.
1339 2461 1498 2498 Dictum
1523 2474 1616 2509 ergo
1639 2462 1802 2497 verbum

563 2629 589 2649 ε’..
612 2622 654 2649 H:
682 2622 747 2649 eius
767 2621 861 2649 deest.
948 2621 975 2649 ι’».
999 2623 1041 2648 A:
1070 2621 1323 2648 sustfflztacionem
1342 2620 1401 2647 sui.
1487 2619 1513 2646 S.
1536 2618 1579 2645 H:
1607 2620 1803 2645 ostentante&

496 2664 529 2683 ιι.
569 2657 611 2684 D:
650 2657 680 2683 in
714 2657 786 2689 illim
824 2657 867 2684 H:
906 2658 936 2684 in
969 2657 1094 2691 aliqua,-
1131 2656 1170 2682 ib.
1204 2655 1228 2682 D
1262 2655 1291 2682 in
1325 2663 1438 2689 marg:
1480 2653 1602 2687 Optima
1638 2653 1803 2680 conclusio.

497 2699 605 2724 12—14.
635 2692 678 2718 G:
709 2692 900 2726 corporalem
930 2707 961 2710 —
990 2691 1104 2718 nullum
1133 2690 1226 2717 deest.
1355 2689 1391 2716 15.
1420 2689 1524 2716 bom:
1553 2688 1727 2722 corporalis
1746 2687 1804 2726 'sih

497 2726 537 2753 ιώ.
555 2726 595 2752 D:
618 2725 780 2753 Deidcest.
838 2734 876 2760 17.
892 2727 936 2753 A:
957 2725 1059 2761 magis
1073 2725 1166 2752 deest.
1224 2732 1331 2759 17—11).
1348 2723 1421 2751 AH:
1444 2723 1648 2750 necessarium
1662 2738 1695 2741 —
1708 2730 1806 2748 muzus

495 2761 590 2787 deest.
647 2768 693 2787 20.
709 2762 752 2788 A:
771 2761 934 2796 pres-cedit.
995 2767 1034 2787 21.
1050 2760 1075 2786 D
1090 2759 1120 2786 in
1136 2767 1249 2791 marg:
1272 2759 1375 2785 Prima
1390 2759 1485 2785 ναοῖο.
1548 2765 1592 2790 27.
1607 2758 1652 2784 A:
1673 2755 1804 2783 XXXIV.

496 2796 540 2821 28.
564 2796 605 2822 H:
627 2803 704 2831 ergo
724 2794 773 2822 ad.
830 2803 875 2830 29,
891 2794 936 2822 30.
952 2796 995 2822 A:
1017 2792 1258 2830 11'.Reg..x·l.x·‚·
1279 2793 1321 2820 H:
1342 2793 1385 2820 IV
1401 2794 1494 2820 deest.
1556 2790 1600 2819 33.
1622 2791 1664 2818 H:
1687 2791 1807 2825 magis,-

496 2830 536 2856 ib.
558 2830 630 2857 DG:
650 2830 770 2865 ιἰιζίίιιν,7
790 2830 829 2857 ib.
850 2829 957 2856 AGH:
980 2829 1042 2856 Dei
1059 2829 1152 2856 deest.
1225 2827 1271 2861 34.
1292 2829 1336 2855 A:
1357 2828 1457 2855 semel.
1530 2825 1571 2854 35.
1592 2826 1617 2853 D
1638 2826 1667 2853 in
1690 2833 1804 2859 marga

497 2864 641 2901 Secunda
661 2865 758 2891 racio.
849 2863 895 2892 36.
918 2862 1035 2900 officit,-
1063 2863 1103 2890 ib.
1125 2862 1181 2889 DG
1202 2863 1231 2889 iu
1253 2871 1366 2897 marga
1392 2862 1426 2889 id
1443 2865 1488 2889 est
1506 2864 1604 2888 nocet.
1695 2859 1738 2896 37.
1760 2860 1804 2887 G:

499 2898 619 2926 [Melum
639 2915 672 2918 —
691 2899 812 2926 verbum
833 2899 933 2931 deest5
954 2899 994 2925 ib.
1017 2899 1058 2925 D:
1081 2898 1179 2933 igilur
1198 2897 1319 2924 verbum
1342 2897 1407 2924 Dei.
