2062 3276
252 266 388 294 SERMO
410 257 503 313 LIX-l
730 271 921 309 QUARTA
950 271 1075 302 PARS.

253 377 300 412 lit
339 385 471 413 tamen
510 385 643 413 tacent
682 377 740 413 vel
779 378 912 414 fovent
957 378 1246 426 applaudentes
1280 380 1564 416 dehonoranti-

252 435 324 470 bus
356 443 510 482 patrem
549 448 679 471 suum.
729 434 828 480 Quis
863 448 985 483 queso
1026 436 1137 472 miles
1180 438 1241 473 vel
1279 437 1564 485 stipendiarius

252 493 312 528 vel
344 501 482 529 tenens
516 492 618 541 regis
651 493 885 540 temporalis
925 492 987 529 cui
1027 494 1119 530 fecit
1152 495 1383 543 homagium
1425 505 1461 531 et
1500 508 1564 532 ac-

252 549 356 598 cepit
395 563 464 598 pre
504 550 687 587 manibus
719 550 874 598 largum
908 550 1153 599 stipendium
1186 566 1269 589 non
1301 553 1478 590 obiceret
1509 566 1563 598 se,

218 609 414 656 §quando
453 607 610 644 audiret
649 607 689 643 in
727 610 848 645 verbo
887 608 1097 646 dominum
1137 623 1253 646 suum
1294 611 1565 659 blasphemari

251 674 288 701 et
326 665 477 702 videret
515 665 556 701 in
593 677 714 714 opere
753 666 827 702 sibi
865 666 1061 715 iniuriari,
1101 667 1329 716 specialiter
1366 669 1397 704 si
1431 677 1565 717 posset

251 722 423 759 inimicis
456 723 610 760 domini
649 723 709 759 sui
742 724 949 761 resistere?
986 728 1128 762 Nonne
1161 726 1217 763 sic
1250 734 1378 763 tacens
1410 739 1565 763 consen-

249 781 325 816 tire
349 781 501 817 videtur
523 781 745 830 proditorie
769 782 966 820 inimicis?
991 786 1153 830 Quanto
1178 784 1304 832 magis
1319 797 1453 821 nonne
1476 784 1565 821 falsi

250 838 458 875 christiani
496 852 634 875 sumus
679 840 957 889 dampnabiles
1004 851 1144 879 contra
1183 843 1367 879 celestem
1408 851 1564 891 patrem

197 910 234 930 lo
249 905 286 933 et
310 896 534 943 dominum,
559 910 649 934 cum
674 910 718 934 ex
741 898 1058 937 circumstanciis
1081 900 1130 936 sit
1153 900 1331 949 undique
1354 910 1564 949 peecatum

250 954 408 1002 gravius
442 955 610 1002 infinite,
646 965 683 992 et
704 956 745 992 in
773 957 849 994 ista
877 958 1193 1006 degeneracione
1217 971 1261 995 ex
1284 959 1441 995 defectu
1465 959 1566 996 cari-

250 1012 343 1049 tatis
376 1022 413 1049 et
446 1013 538 1049 fidei
573 1026 787 1061 peccamus
820 1029 959 1053 omnes
994 1016 1178 1054 honerati
1212 1030 1293 1054 non
1318 1017 1447 1053 solum
1473 1030 1565 1065 pec-

250 1070 348 1108 catis
382 1071 556 1119 propriis
588 1073 657 1108 sed
690 1073 818 1110 eciam
852 1074 1008 1111 alienis.

308 1130 423 1166 Unde
459 1131 681 1166 secundum
705 1132 971 1179 Augustinum
1006 1132 1107 1169 libro
1141 1132 1272 1180 primo
1307 1135 1365 1169 De
1396 1132 1565 1169 Civitate

195 1187 336 1233 151)ei‚
371 1188 421 1223 IX
454 1192 584 1236 cap.0,
624 1189 696 1225 hec
734 1199 792 1226 est
824 1203 944 1228 causa
982 1204 1107 1240 quare
1146 1190 1240 1227 iusti
1279 1192 1413 1240 quoad
1453 1200 1565 1228 actus

251 1244 436 1293 proprios
467 1255 560 1282 sunt
593 1246 723 1294 puniti
763 1249 1042 1297 temporaliter
1075 1262 1166 1285 cum
1200 1249 1383 1297 reprobis
1406 1249 1447 1285 in
1472 1262 1564 1286 con-

250 1303 470 1351 questibus,
510 1304 550 1340 in
583 1305 826 1353 pestilenciis
860 1316 898 1343 et
934 1307 975 1343 in
1012 1307 1099 1344 aliis
1139 1307 1333 1344 cladibus.
1380 1310 1467 1344 Non
1508 1316 1566 1343 est

251 1361 355 1397 enim
396 1361 542 1410 aliquis
581 1372 765 1400 nostrum
805 1374 1163 1414 quantumcunque
1204 1366 1331 1402 iustus
1371 1375 1565 1414 appareat

251 1419 346 1468 quin
380 1432 423 1456 ex
457 1421 614 1457 defectu
639 1422 911 1470 correpcionis
935 1424 1109 1460 fraterne
1134 1433 1335 1461 mereatur
1360 1423 1563 1460 infinitum

193 1489 234 1510 20
251 1478 340 1526 plus
374 1477 507 1526 puniri
540 1492 661 1527 quam
687 1489 744 1516 est
766 1481 956 1529 possibile
980 1483 1088 1531 quod
1111 1482 1302 1531 puniatur
1325 1482 1566 1519 sensibiliter

250 1534 313 1572 hic
345 1535 385 1572 in
416 1537 493 1573 via.
527 1539 671 1574 Ymmo
703 1539 794 1575 talis
827 1540 981 1576 accidia
1014 1540 1090 1576 nisi
1123 1542 1246 1577 homo
1275 1541 1484 1590 resipiscat
1508 1549 1565 1577 est

249 1594 534 1642 dampnabiliS‚
576 1595 672 1643 quia
716 1606 856 1634 contra
894 1599 1022 1646 legem
1070 1599 1248 1636 caritatis
1286 1600 1474 1645 fraterne,
1521 1611 1564 1635 ex

249 1665 327 1700 qua
361 1661 546 1689 tenemur
579 1654 745 1702 diligere
778 1656 981 1703 proximos
1014 1666 1057 1693 ut
1088 1670 1162 1694 nos
1186 1657 1308 1705 ipsos.
1344 1658 1442 1703 Quis
1466 1670 1564 1705 rogo

248 1710 432 1747 infirmus
456 1712 724 1759 corporaliter
745 1727 826 1750 non
849 1716 967 1751 debet
990 1715 1292 1753 racionabiliter
1315 1716 1412 1752 velle
1436 1715 1564 1752 iuvari

216 1769 298 1805 §ab
336 1768 573 1806 infirmitate
613 1783 683 1818 per
719 1772 884 1809 fratrem
925 1786 1040 1809 suum
1081 1775 1131 1810 ad
1164 1775 1240 1811 hoc
1273 1774 1564 1811 sufficientem?

250 1828 412 1872 Quanto
457 1828 585 1876 magis
624 1831 815 1866 debemus
860 1832 935 1867 hoc
974 1832 1073 1868 velle
1111 1834 1246 1880 quoad
1285 1832 1563 1868 infirmitatem

249 1885 520 1933 spiritualem3
554 1895 592 1922 et
625 1899 716 1923 cum
751 1900 795 1924 ex
826 1889 911 1937 lege
939 1899 1081 1926 nature
1111 1891 1290 1926 dehemus
1311 1892 1454 1939 facere
1470 1891 1566 1939 fra-

249 1943 373 1979 tribus
406 1945 549 1980 nostris
581 1946 707 1981 onznia
732 1958 953 1996 quecunque
977 1949 1155 1984 debemus
1180 1949 1276 1985 velle
1297 1949 1402 1998 ipsos
1422 1949 1566 1997 facere

249 2002 367 2044 nobis,
406 2010 449 2037 ut
481 2011 592 2050 patet
624 2004 792 2041 Matthei
824 2007 930 2052 V110‚
962 2016 1022 2051 12,
1063 2006 1321 2043 manifestum
1362 2016 1420 2043 est
1457 2007 1566 2055 quod

192 2061 234 2093 30
249 2059 502 2096 obmittendo
535 2073 749 2108 peccamus
783 2072 923 2100 contra
956 2065 1085 2112 legem
1118 2064 1296 2102 caritatis
1329 2066 1504 2101 fraterne
1528 2073 1566 2101 et

248 2118 374 2165 legem
408 2127 563 2155 nature.

307 2177 388 2212 Nec
402 2177 505 2213 valet
519 2177 587 2213 illa
601 2177 781 2216 obieccio
797 2192 876 2228 qua
890 2181 1086 2228 allegatur
1100 2183 1318 2229 Apostolus
1328 2182 1505 2228 Gal.V10,
1518 2194 1528 2216 1
1542 2192 1563 2217 2

250 2235 359 2282 quod
382 2235 657 2284 unusquisque
681 2250 782 2274 onus
805 2250 921 2274 suum
939 2239 1128 2287 portabit,
1148 2240 1243 2288 quia
1266 2240 1414 2276 ibidem
1438 2239 1566 2288 preci-

252 2292 378 2340 pitur:
413 2293 524 2329 Alter
555 2295 717 2330 alterius
749 2308 866 2332 onera
895 2305 1053 2345 portate
1081 2305 1115 2333 et
1137 2298 1190 2334 sic
1212 2299 1417 2348 implebitis
1439 2299 1564 2348 legem

194 2350 413 2387 35Cl1risti.
461 2352 553 2388 ldeo
597 2352 699 2389 sicut
744 2366 787 2390 ex
825 2355 911 2402 lege
951 2356 1340 2393 communicacionis
1386 2356 1565 2392 fidelium

251 2420 391 2445 omnes
424 2409 612 2446 homines
647 2412 989 2461 comparticipant
1021 2414 1062 2450 in
1094 2414 1222 2459 bonis,
1256 2415 1313 2451 sic
1347 2427 1391 2451 ex
1424 2415 1562 2451 eadem

251 2466 336 2514 lege
358 2467 602 2516 participare
626 2470 773 2506 debent
795 2470 835 2506 in
859 2472 990 2517 malis,
1014 2472 1108 2521 quia
1128 2475 1298 2509 tacendo
1321 2473 1387 2509 ubi
1404 2481 1567 2521 possent

250 2525 434 2561 resistere
480 2527 743 2564 consenciunt
782 2530 923 2565 sceleri
961 2530 1092 2567 alieno
1132 2539 1169 2566 et
1207 2544 1278 2579 per
1317 2543 1566 2579 consequens

250 2582 358 2619 iuxta
379 2584 619 2631 Apostolum
646 2587 758 2622 Rom.
784 2589 834 2634 10,
862 2588 910 2623 32
947 2589 1059 2639 digni
1087 2596 1175 2625 sunt
1206 2597 1342 2628 morte.
1378 2590 1454 2626 Sed
1488 2590 1566 2625 heu

193 1779 207 1800 k)

319 2713 344 2737 7.
361 2705 433 2745 DC:
455 2705 547 2733 Immo
567 2708 611 2734 sic
630 2710 744 2736 tacens.
819 2718 851 2737 11.
869 2711 912 2737 A:
935 2712 1067 2745 gravius
1087 2712 1212 2747 infecte.
1286 2714 1328 2749 16,
1345 2721 1382 2748 17.
1400 2712 1518 2740 Codd.:
1539 2715 1569 2739 et

249 2741 472 2779 coliquesttbzcs.
526 2775 539 2783 ⁴,
556 2742 690 2783 18.m[)(j:
711 2745 877 2784 apparebit
972 2755 1012 2779 ις).
1035 2748 1078 2773 A:
1099 2747 1255 2781 quoniam.
1341 2756 1387 2775 20.
1410 2748 1454 2775 G:
1475 2755 1565 2782 quam

244 2778 407 2809 pzmzatur.
525 2785 571 2807 ³4.
594 2785 634 2804 ³).
656 2779 701 2805 A:
729 2782 757 2805 et
776 2788 821 2806 stc
842 2796 870 2799 —
895 2780 1014 2808 Clu-isti
1032 2780 1126 2809 deest.
1244 2781 1288 2817 37.
1310 2783 1353 2811 D:
1382 2784 1451 2819 lege
1471 2785 1564 2809 deest.

249 2808 296 2845 39.
318 2809 392 2837 DG:
414 2810 479 2838 Sed
495 2811 572 2838 lteri.

324 2893 374 2925 15.
402 2895 494 2936 Opp.
520 2902 604 2927 tom.
623 2896 695 2937 VII,
722 2908 800 2940 pag.
826 2898 857 2930 S.

1384 2964 1428 2995 30

1768 265 1848 309 465

1598 1136 1687 1165 Tacit
1707 1141 1836 1164 consent

1609 1172 1748 1200 involves
1770 1171 1819 1199 the

1628 1206 1688 1241 just
1707 1207 1736 1234 in
1758 1207 1808 1234 the

1593 1242 1793 1277 punishment
1812 1242 1846 1268 of

1622 1277 1670 1304 the
1691 1276 1818 1304 wickcd.
