<?xml version="1.0" encoding="UTF-8"?>
<!DOCTYPE html PUBLIC "-//W3C//DTD XHTML 1.0 Transitional//EN"
    "http://www.w3.org/TR/xhtml1/DTD/xhtml1-transitional.dtd">
<html xmlns="http://www.w3.org/1999/xhtml" xml:lang="en" lang="en">
 <head>
  <title>
</title>
<meta http-equiv="Content-Type" content="text/html;charset=utf-8" />
  <meta name='ocr-system' content='tesseract 3.04.00' />
  <meta name='ocr-capabilities' content='ocr_page ocr_carea ocr_par ocr_line ocrx_word'/>
</head>
<body>
  <div class='ocr_page' id='page_1' title='image "./iohanniswyclifse0704wycl_0163.png"; bbox 0 0 2062 3276; ppageno 0'>
   <div class='ocr_carea' id='block_1_1' title="bbox 246 244 1850 300">
    <p class='ocr_par' dir='ltr' id='par_1_1' title="bbox 246 244 1850 300">
     <span class='ocr_line' id='line_1_1' title="bbox 246 244 1850 300; baseline 0.011 -18"><span class='ocrx_word' id='word_1_1' title='bbox 246 253 381 282; x_wconf 63' lang='lat' dir='ltr'><strong>samio</strong></span> <span class='ocrx_word' id='word_1_2' title='bbox 405 244 516 300; x_wconf 77' lang='lat' dir='ltr'>XV11.]</span> <span class='ocrx_word' id='word_1_3' title='bbox 727 257 916 297; x_wconf 73' lang='lat' dir='ltr'><strong>QUARTA</strong></span> <span class='ocrx_word' id='word_1_4' title='bbox 946 258 1070 289; x_wconf 69' lang='lat' dir='ltr'><strong>PARs.</strong></span> <span class='ocrx_word' id='word_1_5' title='bbox 1781 253 1850 299; x_wconf 78' lang='lat'><strong>143</strong></span> 
     </span>
    </p>
   </div>
   <div class='ocr_carea' id='block_1_2' title="bbox 146 363 1849 2687">
    <p class='ocr_par' dir='ltr' id='par_1_2' title="bbox 190 363 1836 1228">
     <span class='ocr_line' id='line_1_2' title="bbox 246 363 1808 412; baseline 0.003 -14"><span class='ocrx_word' id='word_1_6' title='bbox 246 363 493 411; x_wconf 86' lang='lat' dir='ltr'><strong>loquendum</strong></span> <span class='ocrx_word' id='word_1_7' title='bbox 518 364 565 399; x_wconf 85' lang='lat' dir='ltr'><strong>de</strong></span> <span class='ocrx_word' id='word_1_8' title='bbox 588 376 658 400; x_wconf 91' lang='lat' dir='ltr'><strong>sua</strong></span> <span class='ocrx_word' id='word_1_9' title='bbox 682 363 898 400; x_wconf 84' lang='lat' dir='ltr'><strong>omissione</strong></span> <span class='ocrx_word' id='word_1_10' title='bbox 921 363 1043 401; x_wconf 83' lang='lat' dir='ltr'><strong>officii</strong></span> <span class='ocrx_word' id='word_1_11' title='bbox 1067 365 1127 401; x_wconf 89' lang='lat' dir='ltr'><strong>vel</strong></span> <span class='ocrx_word' id='word_1_12' title='bbox 1151 377 1360 402; x_wconf 86' lang='lat' dir='ltr'><strong>consensu.</strong></span> <span class='ocrx_word' id='word_1_13' title='bbox 1392 368 1561 403; x_wconf 87' lang='lat' dir='ltr'>Constat</span> <span class='ocrx_word' id='word_1_14' title='bbox 1628 375 1808 412; x_wconf 82' lang='lat' dir='ltr'><strong>Lay-rulers</strong></span> 
     </span>
     <span class='ocr_line' id='line_1_3' title="bbox 246 411 1836 474; baseline 0.003 -18"><span class='ocrx_word' id='word_1_15' title='bbox 246 420 350 457; x_wconf 89' lang='lat' dir='ltr'><strong>enim</strong></span> <span class='ocrx_word' id='word_1_16' title='bbox 391 433 434 457; x_wconf 88' lang='lat' dir='ltr'><strong>ex</strong></span> <span class='ocrx_word' id='word_1_17' title='bbox 479 421 711 459; x_wconf 90' lang='lat' dir='ltr'><strong>testimonio</strong></span> <span class='ocrx_word' id='word_1_18' title='bbox 760 421 973 470; x_wconf 86' lang='lat' dir='ltr'>multiplici</span> <span class='ocrx_word' id='word_1_19' title='bbox 1019 431 1056 459; x_wconf 88' lang='lat' dir='ltr'><strong>et</strong></span> <span class='ocrx_word' id='word_1_20' title='bbox 1100 422 1263 459; x_wconf 80' lang='lat' dir='ltr'>racione</span> <span class='ocrx_word' id='word_1_21' title='bbox 1307 425 1415 472; x_wconf 88' lang='lat' dir='ltr'><strong>quod</strong></span> <span class='ocrx_word' id='word_1_22' title='bbox 1453 426 1562 460; x_wconf 80' lang='lat' dir='ltr'><strong>Deus</strong></span> <span class='ocrx_word' id='word_1_23' title='bbox 1602 411 1836 474; x_wconf 47' lang='grc' dir='ltr'><strong>(ξ’ξῐζίζξῖἓξῗᾶῗῇ</strong></span> 
     </span>
     <span class='ocr_line' id='line_1_4' title="bbox 245 479 1788 530; baseline 0.003 -15"><span class='ocrx_word' id='word_1_24' title='bbox 245 480 464 527; x_wconf 84' lang='lat' dir='ltr'>prudenter</span> <span class='ocrx_word' id='word_1_25' title='bbox 508 480 668 517; x_wconf 88' lang='lat' dir='ltr'><strong>ordinat</strong></span> <span class='ocrx_word' id='word_1_26' title='bbox 713 493 825 517; x_wconf 91' lang='lat' dir='ltr'><strong>suam</strong></span> <span class='ocrx_word' id='word_1_27' title='bbox 880 479 1106 527; x_wconf 90' lang='lat' dir='ltr'><strong>ecclesiam,</strong></span> <span class='ocrx_word' id='word_1_28' title='bbox 1162 481 1255 530; x_wconf 89' lang='lat' dir='ltr'><strong>quia</strong></span> <span class='ocrx_word' id='word_1_29' title='bbox 1308 480 1399 518; x_wconf 90' lang='lat' dir='ltr'><strong>ideo</strong></span> <span class='ocrx_word' id='word_1_30' title='bbox 1452 481 1560 530; x_wconf 90' lang='lat' dir='ltr'><strong>ipsos</strong></span> <span class='ocrx_word' id='word_1_31' title='bbox 1650 485 1788 509; x_wconf 86' lang='lat' dir='ltr'><strong>consent.</strong></span> 
     </span>
     <span class='ocr_line' id='line_1_5' title="bbox 245 536 1561 586; baseline 0.003 -13"><span class='ocrx_word' id='word_1_32' title='bbox 245 536 379 585; x_wconf 86' lang='lat' dir='ltr'>posuit</span> <span class='ocrx_word' id='word_1_33' title='bbox 412 537 452 574; x_wconf 88' lang='lat' dir='ltr'><strong>in</strong></span> <span class='ocrx_word' id='word_1_34' title='bbox 486 539 562 575; x_wconf 92' lang='lat' dir='ltr'><strong>hoc</strong></span> <span class='ocrx_word' id='word_1_35' title='bbox 595 547 716 583; x_wconf 86' lang='lat' dir='ltr'><strong>statu,</strong></span> <span class='ocrx_word' id='word_1_36' title='bbox 756 547 799 575; x_wconf 90' lang='lat' dir='ltr'><strong>ut</strong></span> <span class='ocrx_word' id='word_1_37' title='bbox 833 550 903 586; x_wconf 90' lang='lat' dir='ltr'><strong>per</strong></span> <span class='ocrx_word' id='word_1_38' title='bbox 937 538 1229 576; x_wconf 89' lang='lat' dir='ltr'><strong>dominativam</strong></span> <span class='ocrx_word' id='word_1_39' title='bbox 1265 547 1301 575; x_wconf 90' lang='lat' dir='ltr'><strong>et</strong></span> <span class='ocrx_word' id='word_1_40' title='bbox 1336 539 1561 577; x_wconf 83' lang='lat' dir='ltr'>coactivam</span> 
     </span>
     <span class='ocr_line' id='line_1_6' title="bbox 212 595 1559 646; baseline 0.003 -16"><span class='ocrx_word' id='word_1_41' title='bbox 212 595 475 643; x_wconf 81' lang='lat' dir='ltr'><strong>5p0tenciam</strong></span> <span class='ocrx_word' id='word_1_42' title='bbox 510 597 725 633; x_wconf 83' lang='lat' dir='ltr'><strong>defendant</strong></span> <span class='ocrx_word' id='word_1_43' title='bbox 758 596 797 632; x_wconf 92' lang='lat' dir='ltr'><strong>in</strong></span> <span class='ocrx_word' id='word_1_44' title='bbox 832 597 1022 633; x_wconf 81' lang='lat' dir='ltr'>membris</span> <span class='ocrx_word' id='word_1_45' title='bbox 1051 597 1219 634; x_wconf 82' lang='lat' dir='ltr'><strong>ecclesie</strong></span> <span class='ocrx_word' id='word_1_46' title='bbox 1242 598 1368 646; x_wconf 85' lang='lat' dir='ltr'><strong>legem</strong></span> <span class='ocrx_word' id='word_1_47' title='bbox 1396 598 1559 645; x_wconf 83' lang='lat' dir='ltr'>Christi,</span> 
     </span>
     <span class='ocr_line' id='line_1_7' title="bbox 245 653 1563 702; baseline 0.003 -13"><span class='ocrx_word' id='word_1_48' title='bbox 245 655 353 702; x_wconf 91' lang='lat' dir='ltr'><strong>quod</strong></span> <span class='ocrx_word' id='word_1_49' title='bbox 393 653 424 690; x_wconf 92' lang='lat' dir='ltr'><strong>si</strong></span> <span class='ocrx_word' id='word_1_50' title='bbox 458 654 649 691; x_wconf 90' lang='lat' dir='ltr'><strong>omittunt</strong></span> <span class='ocrx_word' id='word_1_51' title='bbox 683 654 781 690; x_wconf 90' lang='lat' dir='ltr'><strong>illud</strong></span> <span class='ocrx_word' id='word_1_52' title='bbox 820 654 1013 697; x_wconf 78' lang='lat' dir='ltr'><strong>officium,</strong></span> <span class='ocrx_word' id='word_1_53' title='bbox 1058 655 1274 692; x_wconf 81' lang='lat' dir='ltr'><strong>servientes</strong></span> <span class='ocrx_word' id='word_1_54' title='bbox 1321 656 1484 693; x_wconf 86' lang='lat' dir='ltr'><strong>diabolo</strong></span> <span class='ocrx_word' id='word_1_55' title='bbox 1526 664 1563 693; x_wconf 93' lang='lat' dir='ltr'><strong>et</strong></span> 
     </span>
     <span class='ocr_line' id='line_1_8' title="bbox 246 711 1563 758; baseline 0.004 -11"><span class='ocrx_word' id='word_1_56' title='bbox 246 713 412 758; x_wconf 85' lang='lat' dir='ltr'><strong>mundo,</strong></span> <span class='ocrx_word' id='word_1_57' title='bbox 458 711 628 749; x_wconf 90' lang='lat' dir='ltr'><strong>insultus</strong></span> <span class='ocrx_word' id='word_1_58' title='bbox 670 714 946 749; x_wconf 90' lang='lat' dir='ltr'><strong>membrorum</strong></span> <span class='ocrx_word' id='word_1_59' title='bbox 983 713 1134 750; x_wconf 89' lang='lat' dir='ltr'><strong>diaboli</strong></span> <span class='ocrx_word' id='word_1_60' title='bbox 1168 723 1308 751; x_wconf 84' lang='lat' dir='ltr'><strong>contra</strong></span> <span class='ocrx_word' id='word_1_61' title='bbox 1341 727 1458 751; x_wconf 88' lang='lat' dir='ltr'><strong>suum</strong></span> <span class='ocrx_word' id='word_1_62' title='bbox 1493 715 1563 751; x_wconf 87' lang='lat' dir='ltr'><strong>do-</strong></span> 
     </span>
     <span class='ocr_line' id='line_1_9' title="bbox 245 769 1562 820; baseline 0.003 -15"><span class='ocrx_word' id='word_1_63' title='bbox 245 769 398 806; x_wconf 89' lang='lat' dir='ltr'><strong>minum</strong></span> <span class='ocrx_word' id='word_1_64' title='bbox 433 770 723 818; x_wconf 85' lang='lat' dir='ltr'><strong>permittentes,</strong></span> <span class='ocrx_word' id='word_1_65' title='bbox 748 770 836 820; x_wconf 88' lang='lat' dir='ltr'><strong>quis</strong></span> <span class='ocrx_word' id='word_1_66' title='bbox 870 771 983 808; x_wconf 90' lang='lat' dir='ltr'><strong>miles</strong></span> <span class='ocrx_word' id='word_1_67' title='bbox 1018 771 1156 808; x_wconf 90' lang='lat' dir='ltr'><strong>mundi</strong></span> <span class='ocrx_word' id='word_1_68' title='bbox 1190 781 1247 809; x_wconf 89' lang='lat' dir='ltr'><strong>est</strong></span> <span class='ocrx_word' id='word_1_69' title='bbox 1279 773 1505 815; x_wconf 73' lang='lat' dir='ltr'><strong>vecordior,</strong></span> <span class='ocrx_word' id='word_1_70' title='bbox 1540 785 1562 809; x_wconf 90' lang='lat' dir='ltr'><strong>a</strong></span> 
     </span>
     <span class='ocr_line' id='line_1_10' title="bbox 243 828 1563 878; baseline 0.003 -14"><span class='ocrx_word' id='word_1_71' title='bbox 243 828 438 864; x_wconf 87' lang='lat' dir='ltr'>laudabili</span> <span class='ocrx_word' id='word_1_72' title='bbox 471 828 622 866; x_wconf 89' lang='lat' dir='ltr'>milicia</span> <span class='ocrx_word' id='word_1_73' title='bbox 654 830 742 878; x_wconf 91' lang='lat' dir='ltr'><strong>plus</strong></span> <span class='ocrx_word' id='word_1_74' title='bbox 776 830 976 878; x_wconf 88' lang='lat' dir='ltr'><strong>culpande</strong></span> <span class='ocrx_word' id='word_1_75' title='bbox 1009 830 1271 871; x_wconf 77' lang='lat' dir='ltr'><strong>abstraccior,</strong></span> <span class='ocrx_word' id='word_1_76' title='bbox 1318 840 1385 868; x_wconf 88' lang='lat' dir='ltr'><strong>aut</strong></span> <span class='ocrx_word' id='word_1_77' title='bbox 1424 831 1563 868; x_wconf 89' lang='lat' dir='ltr'><strong>falsior</strong></span> 
     </span>
     <span class='ocr_line' id='line_1_11' title="bbox 191 885 1562 937; baseline 0.004 -17"><span class='ocrx_word' id='word_1_78' title='bbox 191 885 284 921; x_wconf 79' lang='lat' dir='ltr'><strong>ioin</strong></span> <span class='ocrx_word' id='word_1_79' title='bbox 308 887 383 923; x_wconf 91' lang='lat' dir='ltr'><strong>hoc</strong></span> <span class='ocrx_word' id='word_1_80' title='bbox 408 887 584 924; x_wconf 81' lang='lat' dir='ltr'><strong>mundo?</strong></span> <span class='ocrx_word' id='word_1_81' title='bbox 615 889 741 924; x_wconf 90' lang='lat' dir='ltr'><strong>Debet</strong></span> <span class='ocrx_word' id='word_1_82' title='bbox 765 887 870 924; x_wconf 91' lang='lat' dir='ltr'><strong>enim</strong></span> <span class='ocrx_word' id='word_1_83' title='bbox 897 887 1047 925; x_wconf 85' lang='lat' dir='ltr'>milicia</span> <span class='ocrx_word' id='word_1_84' title='bbox 1070 889 1196 937; x_wconf 86' lang='lat' dir='ltr'><strong>legem</strong></span> <span class='ocrx_word' id='word_1_85' title='bbox 1223 888 1294 925; x_wconf 92' lang='lat' dir='ltr'><strong>Dei</strong></span> <span class='ocrx_word' id='word_1_86' title='bbox 1318 898 1356 925; x_wconf 89' lang='lat' dir='ltr'><strong>et</strong></span> <span class='ocrx_word' id='word_1_87' title='bbox 1380 890 1562 926; x_wconf 90' lang='lat' dir='ltr'><strong>membra</strong></span> 
     </span>
     <span class='ocr_line' id='line_1_12' title="bbox 243 945 1560 995; baseline 0.002 -14"><span class='ocrx_word' id='word_1_88' title='bbox 243 957 314 981; x_wconf 91' lang='lat' dir='ltr'><strong>sua</strong></span> <span class='ocrx_word' id='word_1_89' title='bbox 347 945 587 993; x_wconf 90' lang='lat' dir='ltr'><strong>potestative</strong></span> <span class='ocrx_word' id='word_1_90' title='bbox 619 946 846 992; x_wconf 83' lang='lat' dir='ltr'><strong>defendere,</strong></span> <span class='ocrx_word' id='word_1_91' title='bbox 871 947 979 995; x_wconf 91' lang='lat' dir='ltr'><strong>quod</strong></span> <span class='ocrx_word' id='word_1_92' title='bbox 1005 946 1034 982; x_wconf 90' lang='lat' dir='ltr'><strong>si</strong></span> <span class='ocrx_word' id='word_1_93' title='bbox 1060 955 1226 995; x_wconf 90' lang='lat' dir='ltr'><strong>propter</strong></span> <span class='ocrx_word' id='word_1_94' title='bbox 1248 947 1404 983; x_wconf 91' lang='lat' dir='ltr'><strong>lucrum</strong></span> <span class='ocrx_word' id='word_1_95' title='bbox 1438 947 1560 985; x_wconf 91' lang='lat' dir='ltr'><strong>seculi</strong></span> 
     </span>
     <span class='ocr_line' id='line_1_13' title="bbox 244 1003 1561 1054; baseline 0.002 -15"><span class='ocrx_word' id='word_1_96' title='bbox 244 1003 307 1039; x_wconf 90' lang='lat' dir='ltr'><strong>vel</strong></span> <span class='ocrx_word' id='word_1_97' title='bbox 338 1004 588 1052; x_wconf 88' lang='lat' dir='ltr'><strong>voluptatem</strong></span> <span class='ocrx_word' id='word_1_98' title='bbox 624 1004 754 1041; x_wconf 89' lang='lat' dir='ltr'><strong>carnis</strong></span> <span class='ocrx_word' id='word_1_99' title='bbox 786 1003 981 1051; x_wconf 86' lang='lat' dir='ltr'><strong>omiserit,</strong></span> <span class='ocrx_word' id='word_1_100' title='bbox 1017 1005 1105 1054; x_wconf 89' lang='lat' dir='ltr'><strong>quis</strong></span> <span class='ocrx_word' id='word_1_101' title='bbox 1138 1005 1251 1042; x_wconf 88' lang='lat' dir='ltr'><strong>miles</strong></span> <span class='ocrx_word' id='word_1_102' title='bbox 1285 1014 1343 1042; x_wconf 90' lang='lat' dir='ltr'><strong>est</strong></span> <span class='ocrx_word' id='word_1_103' title='bbox 1376 1005 1415 1042; x_wconf 89' lang='lat' dir='ltr'><strong>in</strong></span> <span class='ocrx_word' id='word_1_104' title='bbox 1439 1018 1561 1043; x_wconf 89' lang='lat' dir='ltr'><strong>causa</strong></span> 
     </span>
     <span class='ocr_line' id='line_1_14' title="bbox 244 1060 1562 1101; baseline 0.004 -5"><span class='ocrx_word' id='word_1_105' title='bbox 244 1060 316 1098; x_wconf 89' lang='lat' dir='ltr'><strong>Dei</strong></span> <span class='ocrx_word' id='word_1_106' title='bbox 348 1061 585 1098; x_wconf 84' lang='lat' dir='ltr'><strong>vecordior?</strong></span> <span class='ocrx_word' id='word_1_107' title='bbox 617 1064 673 1098; x_wconf 80' lang='lat' dir='ltr'><strong>Ex</strong></span> <span class='ocrx_word' id='word_1_108' title='bbox 706 1063 780 1100; x_wconf 87' lang='lat' dir='ltr'><strong>hac</strong></span> <span class='ocrx_word' id='word_1_109' title='bbox 813 1062 919 1099; x_wconf 93' lang='lat' dir='ltr'><strong>enim</strong></span> <span class='ocrx_word' id='word_1_110' title='bbox 955 1075 1074 1100; x_wconf 88' lang='lat' dir='ltr'><strong>causa</strong></span> <span class='ocrx_word' id='word_1_111' title='bbox 1098 1063 1389 1100; x_wconf 85' lang='lat' dir='ltr'><strong>Constantinus</strong></span> <span class='ocrx_word' id='word_1_112' title='bbox 1422 1063 1562 1101; x_wconf 89' lang='lat' dir='ltr'><strong>infecit</strong></span> 
     </span>
     <span class='ocr_line' id='line_1_15' title="bbox 244 1119 1561 1171; baseline 0.003 -16"><span class='ocrx_word' id='word_1_113' title='bbox 244 1119 454 1157; x_wconf 87' lang='lat' dir='ltr'><strong>ecclesiam</strong></span> <span class='ocrx_word' id='word_1_114' title='bbox 489 1128 526 1157; x_wconf 89' lang='lat' dir='ltr'><strong>et</strong></span> <span class='ocrx_word' id='word_1_115' title='bbox 566 1129 731 1169; x_wconf 90' lang='lat' dir='ltr'><strong>propter</strong></span> <span class='ocrx_word' id='word_1_116' title='bbox 775 1121 946 1169; x_wconf 85' lang='lat' dir='ltr'><strong>gloriam</strong></span> <span class='ocrx_word' id='word_1_117' title='bbox 992 1121 1082 1158; x_wconf 85' lang='lat' dir='ltr'><strong>vani</strong></span> <span class='ocrx_word' id='word_1_118' title='bbox 1127 1121 1303 1158; x_wconf 90' lang='lat' dir='ltr'><strong>nominis</strong></span> <span class='ocrx_word' id='word_1_119' title='bbox 1348 1131 1561 1171; x_wconf 84' lang='lat' dir='ltr'><strong>sequentes</strong></span> 
     </span>
     <span class='ocr_line' id='line_1_16' title="bbox 190 1176 1481 1228; baseline 0.002 -14"><span class='ocrx_word' id='word_1_120' title='bbox 190 1176 226 1209; x_wconf 75' lang='lat'><strong>15</strong></span> <span class='ocrx_word' id='word_1_121' title='bbox 243 1178 442 1215; x_wconf 88' lang='lat' dir='ltr'><strong>seculares</strong></span> <span class='ocrx_word' id='word_1_122' title='bbox 475 1187 708 1227; x_wconf 86' lang='lat' dir='ltr'><strong>potentatus</strong></span> <span class='ocrx_word' id='word_1_123' title='bbox 742 1179 954 1216; x_wconf 89' lang='lat' dir='ltr'><strong>ecclesiam</strong></span> <span class='ocrx_word' id='word_1_124' title='bbox 989 1179 1192 1228; x_wconf 85' lang='lat' dir='ltr'><strong>copiosius</strong></span> <span class='ocrx_word' id='word_1_125' title='bbox 1226 1181 1481 1217; x_wconf 81' lang='lat' dir='ltr'><strong>dotaverunt.</strong></span> 
     </span>
    </p>

    <p class='ocr_par' dir='ltr' id='par_1_3' title="bbox 301 1237 1561 1287">
     <span class='ocr_line' id='line_1_17' title="bbox 301 1237 1561 1287; baseline 0.003 -15"><span class='ocrx_word' id='word_1_126' title='bbox 301 1238 349 1272; x_wconf 89' lang='lat' dir='ltr'><strong>Et</strong></span> <span class='ocrx_word' id='word_1_127' title='bbox 383 1245 537 1273; x_wconf 88' lang='lat' dir='ltr'><strong>certum</strong></span> <span class='ocrx_word' id='word_1_128' title='bbox 572 1246 629 1274; x_wconf 87' lang='lat' dir='ltr'><strong>est</strong></span> <span class='ocrx_word' id='word_1_129' title='bbox 663 1239 771 1286; x_wconf 86' lang='lat' dir='ltr'><strong>quod</strong></span> <span class='ocrx_word' id='word_1_130' title='bbox 803 1237 843 1273; x_wconf 91' lang='lat' dir='ltr'><strong>in</strong></span> <span class='ocrx_word' id='word_1_131' title='bbox 876 1237 1063 1274; x_wconf 87' lang='lat' dir='ltr'><strong>omnibus</strong></span> <span class='ocrx_word' id='word_1_132' title='bbox 1097 1237 1182 1275; x_wconf 89' lang='lat' dir='ltr'><strong>istis</strong></span> <span class='ocrx_word' id='word_1_133' title='bbox 1214 1252 1287 1287; x_wconf 91' lang='lat' dir='ltr'><strong>pro</strong></span> <span class='ocrx_word' id='word_1_134' title='bbox 1311 1238 1561 1276; x_wconf 87' lang='lat' dir='ltr'><strong>Antichristo</strong></span> 
     </span>
    </p>

    <p class='ocr_par' dir='ltr' id='par_1_4' title="bbox 146 1294 1560 1461">
     <span class='ocr_line' id='line_1_18' title="bbox 243 1294 1560 1343; baseline 0.003 -13"><span class='ocrx_word' id='word_1_135' title='bbox 243 1294 315 1331; x_wconf 91' lang='lat' dir='ltr'><strong>Dei</strong></span> <span class='ocrx_word' id='word_1_136' title='bbox 338 1294 484 1332; x_wconf 87' lang='lat' dir='ltr'><strong>iniuria</strong></span> <span class='ocrx_word' id='word_1_137' title='bbox 508 1295 730 1343; x_wconf 89' lang='lat' dir='ltr'><strong>proditorie</strong></span> <span class='ocrx_word' id='word_1_138' title='bbox 754 1304 811 1332; x_wconf 87' lang='lat' dir='ltr'><strong>est</strong></span> <span class='ocrx_word' id='word_1_139' title='bbox 835 1296 1065 1333; x_wconf 88' lang='lat' dir='ltr'><strong>commissa.</strong></span> <span class='ocrx_word' id='word_1_140' title='bbox 1099 1299 1181 1333; x_wconf 92' lang='lat' dir='ltr'><strong>Nec</strong></span> <span class='ocrx_word' id='word_1_141' title='bbox 1213 1298 1317 1334; x_wconf 90' lang='lat' dir='ltr'><strong>valet</strong></span> <span class='ocrx_word' id='word_1_142' title='bbox 1351 1297 1560 1335; x_wconf 83' lang='lat' dir='ltr'><strong>excusacio</strong></span> 
     </span>
     <span class='ocr_line' id='line_1_19' title="bbox 146 1329 1559 1409; baseline 0.003 -20"><span class='ocrx_word' id='word_1_143' title='bbox 146 1329 228 1406; x_wconf 50' lang='lat' dir='ltr'><strong>{gi</strong></span> <span class='ocrx_word' id='word_1_144' title='bbox 243 1354 351 1401; x_wconf 91' lang='lat' dir='ltr'><strong>quod</strong></span> <span class='ocrx_word' id='word_1_145' title='bbox 374 1352 644 1390; x_wconf 88' lang='lat' dir='ltr'><strong>Antichristus</strong></span> <span class='ocrx_word' id='word_1_146' title='bbox 668 1367 711 1391; x_wconf 81' lang='lat' dir='ltr'><strong>ex</strong></span> <span class='ocrx_word' id='word_1_147' title='bbox 734 1367 806 1390; x_wconf 89' lang='lat' dir='ltr'><strong>sua</strong></span> <span class='ocrx_word' id='word_1_148' title='bbox 830 1363 1015 1403; x_wconf 86' lang='lat' dir='ltr'><strong>pretensa</strong></span> <span class='ocrx_word' id='word_1_149' title='bbox 1039 1354 1190 1392; x_wconf 82' lang='lat' dir='ltr'><strong>noticia</strong></span> <span class='ocrx_word' id='word_1_150' title='bbox 1213 1364 1370 1392; x_wconf 85' lang='lat' dir='ltr'><strong>tantum</strong></span> <span class='ocrx_word' id='word_1_151' title='bbox 1396 1356 1537 1393; x_wconf 83' lang='lat' dir='ltr'><strong>celavit</strong></span> <span class='ocrx_word' id='word_1_152' title='bbox 1556 1352 1559 1409; x_wconf 87' lang='grc' dir='ltr'>Ι</span> 
     </span>
     <span class='ocr_line' id='line_1_20' title="bbox 146 1403 1559 1461; baseline 0.004 -15"><span class='ocrx_word' id='word_1_153' title='bbox 146 1403 154 1408; x_wconf 52' lang='grc'>”</span> <span class='ocrx_word' id='word_1_154' title='bbox 243 1410 438 1448; x_wconf 87' lang='lat' dir='ltr'><strong>militibus</strong></span> <span class='ocrx_word' id='word_1_155' title='bbox 493 1424 655 1449; x_wconf 89' lang='lat' dir='ltr'><strong>causam</strong></span> <span class='ocrx_word' id='word_1_156' title='bbox 705 1412 867 1459; x_wconf 83' lang='lat' dir='ltr'><strong>Christi,</strong></span> <span class='ocrx_word' id='word_1_157' title='bbox 915 1412 1009 1461; x_wconf 92' lang='lat' dir='ltr'><strong>quia</strong></span> <span class='ocrx_word' id='word_1_158' title='bbox 1054 1412 1202 1450; x_wconf 85' lang='lat' dir='ltr'><strong>milites</strong></span> <span class='ocrx_word' id='word_1_159' title='bbox 1247 1415 1393 1451; x_wconf 89' lang='lat' dir='ltr'><strong>debent</strong></span> <span class='ocrx_word' id='word_1_160' title='bbox 1440 1415 1559 1451; x_wconf 88' lang='lat' dir='ltr'><strong>fidem</strong></span> 
     </span>
    </p>

    <p class='ocr_par' dir='ltr' id='par_1_5' title="bbox 186 1468 1561 1754">
     <span class='ocr_line' id='line_1_21' title="bbox 186 1468 1561 1521; baseline 0.004 -17"><span class='ocrx_word' id='word_1_161' title='bbox 186 1480 228 1501; x_wconf 82' lang='lat'><strong>20</strong></span> <span class='ocrx_word' id='word_1_162' title='bbox 244 1468 391 1505; x_wconf 89' lang='lat' dir='ltr'><strong>Christi</strong></span> <span class='ocrx_word' id='word_1_163' title='bbox 424 1468 464 1506; x_wconf 92' lang='lat' dir='ltr'><strong>in</strong></span> <span class='ocrx_word' id='word_1_164' title='bbox 497 1471 572 1507; x_wconf 87' lang='lat' dir='ltr'><strong>hac</strong></span> <span class='ocrx_word' id='word_1_165' title='bbox 605 1479 719 1519; x_wconf 89' lang='lat' dir='ltr'><strong>parte</strong></span> <span class='ocrx_word' id='word_1_166' title='bbox 753 1483 996 1519; x_wconf 83' lang='lat' dir='ltr'><strong>cognoscere</strong></span> <span class='ocrx_word' id='word_1_167' title='bbox 1029 1480 1066 1508; x_wconf 90' lang='lat' dir='ltr'><strong>et</strong></span> <span class='ocrx_word' id='word_1_168' title='bbox 1089 1473 1309 1508; x_wconf 90' lang='lat' dir='ltr'><strong>secundum</strong></span> <span class='ocrx_word' id='word_1_169' title='bbox 1335 1472 1444 1510; x_wconf 89' lang='lat' dir='ltr'><strong>illam</strong></span> <span class='ocrx_word' id='word_1_170' title='bbox 1470 1485 1561 1521; x_wconf 88' lang='lat' dir='ltr'><strong>cog-</strong></span> 
     </span>
     <span class='ocr_line' id='line_1_22' title="bbox 242 1526 1559 1577; baseline 0.004 -14"><span class='ocrx_word' id='word_1_171' title='bbox 242 1526 369 1564; x_wconf 89' lang='lat' dir='ltr'><strong>nitam</strong></span> <span class='ocrx_word' id='word_1_172' title='bbox 402 1541 528 1577; x_wconf 91' lang='lat' dir='ltr'><strong>usque</strong></span> <span class='ocrx_word' id='word_1_173' title='bbox 561 1530 611 1565; x_wconf 89' lang='lat' dir='ltr'><strong>ad</strong></span> <span class='ocrx_word' id='word_1_174' title='bbox 644 1538 817 1566; x_wconf 90' lang='lat' dir='ltr'><strong>mortem</strong></span> <span class='ocrx_word' id='word_1_175' title='bbox 851 1529 1072 1566; x_wconf 89' lang='lat' dir='ltr'><strong>animosius</strong></span> <span class='ocrx_word' id='word_1_176' title='bbox 1116 1530 1316 1567; x_wconf 84' lang='lat' dir='ltr'><strong>laborare.</strong></span> <span class='ocrx_word' id='word_1_177' title='bbox 1371 1533 1489 1577; x_wconf 89' lang='lat' dir='ltr'><strong>Quod</strong></span> <span class='ocrx_word' id='word_1_178' title='bbox 1528 1531 1559 1568; x_wconf 91' lang='lat' dir='ltr'><strong>si</strong></span> 
     </span>
     <span class='ocr_line' id='line_1_23' title="bbox 241 1585 1560 1638; baseline 0.004 -17"><span class='ocrx_word' id='word_1_179' title='bbox 241 1585 344 1622; x_wconf 92' lang='lat' dir='ltr'><strong>foret</strong></span> <span class='ocrx_word' id='word_1_180' title='bbox 376 1585 416 1622; x_wconf 92' lang='lat' dir='ltr'><strong>in</strong></span> <span class='ocrx_word' id='word_1_181' title='bbox 462 1586 655 1624; x_wconf 88' lang='lat' dir='ltr'><strong>militibus</strong></span> <span class='ocrx_word' id='word_1_182' title='bbox 700 1587 833 1624; x_wconf 87' lang='lat' dir='ltr'><strong>debite</strong></span> <span class='ocrx_word' id='word_1_183' title='bbox 877 1589 1148 1635; x_wconf 91' lang='lat' dir='ltr'><strong>observatum,</strong></span> <span class='ocrx_word' id='word_1_184' title='bbox 1194 1602 1404 1638; x_wconf 88' lang='lat' dir='ltr'><strong>nunquam</strong></span> <span class='ocrx_word' id='word_1_185' title='bbox 1450 1598 1560 1627; x_wconf 85' lang='lat' dir='ltr'><strong>tante</strong></span> 
     </span>
     <span class='ocr_line' id='line_1_24' title="bbox 242 1643 1558 1695; baseline 0.004 -15"><span class='ocrx_word' id='word_1_186' title='bbox 242 1643 382 1681; x_wconf 91' lang='lat' dir='ltr'><strong>mundi</strong></span> <span class='ocrx_word' id='word_1_187' title='bbox 427 1644 567 1682; x_wconf 89' lang='lat' dir='ltr'><strong>divicie</strong></span> <span class='ocrx_word' id='word_1_188' title='bbox 612 1646 742 1683; x_wconf 87' lang='lat' dir='ltr'><strong>forent</strong></span> <span class='ocrx_word' id='word_1_189' title='bbox 789 1647 895 1683; x_wconf 92' lang='lat' dir='ltr'><strong>clero</strong></span> <span class='ocrx_word' id='word_1_190' title='bbox 940 1655 1022 1683; x_wconf 91' lang='lat' dir='ltr'><strong>tam</strong></span> <span class='ocrx_word' id='word_1_191' title='bbox 1069 1647 1306 1684; x_wconf 87' lang='lat' dir='ltr'><strong>seculariter</strong></span> <span class='ocrx_word' id='word_1_192' title='bbox 1340 1648 1558 1695; x_wconf 88' lang='lat' dir='ltr'><strong>cumulate,</strong></span> 
     </span>
     <span class='ocr_line' id='line_1_25' title="bbox 241 1701 1558 1754; baseline 0.004 -16"><span class='ocrx_word' id='word_1_193' title='bbox 241 1703 311 1738; x_wconf 91' lang='lat' dir='ltr'><strong>sed</strong></span> <span class='ocrx_word' id='word_1_194' title='bbox 344 1701 413 1739; x_wconf 92' lang='lat' dir='ltr'><strong>illo</strong></span> <span class='ocrx_word' id='word_1_195' title='bbox 446 1703 657 1752; x_wconf 89' lang='lat' dir='ltr'><strong>supposito</strong></span> <span class='ocrx_word' id='word_1_196' title='bbox 688 1713 914 1753; x_wconf 86' lang='lat' dir='ltr'><strong>pugnarent</strong></span> <span class='ocrx_word' id='word_1_197' title='bbox 937 1704 1077 1754; x_wconf 89' lang='lat' dir='ltr'><strong>pocius</strong></span> <span class='ocrx_word' id='word_1_198' title='bbox 1101 1714 1241 1743; x_wconf 87' lang='lat' dir='ltr'><strong>contra</strong></span> <span class='ocrx_word' id='word_1_199' title='bbox 1266 1707 1337 1743; x_wconf 89' lang='lat' dir='ltr'><strong>hos</strong></span> <span class='ocrx_word' id='word_1_200' title='bbox 1361 1706 1558 1744; x_wconf 90' lang='lat' dir='ltr'><strong>hereticos</strong></span> 
     </span>
    </p>

    <p class='ocr_par' dir='ltr' id='par_1_6' title="bbox 184 1760 1558 1867">
     <span class='ocr_line' id='line_1_26' title="bbox 184 1760 1558 1812; baseline 0.005 -17"><span class='ocrx_word' id='word_1_201' title='bbox 184 1761 224 1794; x_wconf 81' lang='lat'><strong>25</strong></span> <span class='ocrx_word' id='word_1_202' title='bbox 240 1760 476 1798; x_wconf 91' lang='lat' dir='ltr'><strong>Antichristi</strong></span> <span class='ocrx_word' id='word_1_203' title='bbox 510 1761 728 1811; x_wconf 91' lang='lat' dir='ltr'><strong>discipulos</strong></span> <span class='ocrx_word' id='word_1_204' title='bbox 761 1776 881 1812; x_wconf 89' lang='lat' dir='ltr'><strong>quam</strong></span> <span class='ocrx_word' id='word_1_205' title='bbox 917 1772 1058 1801; x_wconf 90' lang='lat' dir='ltr'><strong>contra</strong></span> <span class='ocrx_word' id='word_1_206' title='bbox 1097 1765 1296 1802; x_wconf 89' lang='lat' dir='ltr'><strong>seculares</strong></span> <span class='ocrx_word' id='word_1_207' title='bbox 1337 1764 1475 1802; x_wconf 87' lang='lat' dir='ltr'><strong>fideles</strong></span> <span class='ocrx_word' id='word_1_208' title='bbox 1521 1774 1558 1802; x_wconf 91' lang='lat' dir='ltr'><strong>et</strong></span> 
     </span>
     <span class='ocr_line' id='line_1_27' title="bbox 240 1831 450 1867; baseline 0.005 -12"><span class='ocrx_word' id='word_1_209' title='bbox 240 1831 450 1867; x_wconf 89' lang='lat' dir='ltr'><strong>pauperes.</strong></span> 
     </span>
    </p>

    <p class='ocr_par' dir='ltr' id='par_1_7' title="bbox 240 1877 1849 2058">
     <span class='ocr_line' id='line_1_28' title="bbox 299 1877 1843 1930; baseline 0.003 -17"><span class='ocrx_word' id='word_1_210' title='bbox 299 1877 339 1914; x_wconf 88' lang='lat' dir='ltr'><strong>Si</strong></span> <span class='ocrx_word' id='word_1_211' title='bbox 373 1890 466 1926; x_wconf 87' lang='lat' dir='ltr'><strong>ergo</strong></span> <span class='ocrx_word' id='word_1_212' title='bbox 500 1878 691 1916; x_wconf 88' lang='lat' dir='ltr'><strong>invadens</strong></span> <span class='ocrx_word' id='word_1_213' title='bbox 725 1892 891 1928; x_wconf 83' lang='lat' dir='ltr'><strong>regnum</strong></span> <span class='ocrx_word' id='word_1_214' title='bbox 924 1880 1065 1929; x_wconf 84' lang='lat' dir='ltr'><strong>Anglie</strong></span> <span class='ocrx_word' id='word_1_215' title='bbox 1099 1893 1188 1917; x_wconf 90' lang='lat' dir='ltr'><strong>cum</strong></span> <span class='ocrx_word' id='word_1_216' title='bbox 1224 1894 1347 1930; x_wconf 86' lang='lat' dir='ltr'><strong>parva</strong></span> <span class='ocrx_word' id='word_1_217' title='bbox 1370 1881 1556 1930; x_wconf 86' lang='lat' dir='ltr'><strong>potencia</strong></span> <span class='ocrx_word' id='word_1_218' title='bbox 1580 1889 1706 1925; x_wconf 82' lang='lat' dir='ltr'><strong>Putting</strong></span> <span class='ocrx_word' id='word_1_219' title='bbox 1727 1898 1763 1918; x_wconf 76' lang='lat' dir='ltr'><strong>an</strong></span> <span class='ocrx_word' id='word_1_220' title='bbox 1786 1891 1843 1918; x_wconf 83' lang='lat' dir='ltr'><strong>end</strong></span> 
     </span>
     <span class='ocr_line' id='line_1_29' title="bbox 241 1926 1849 1988; baseline 0.004 -17"><span class='ocrx_word' id='word_1_221' title='bbox 241 1936 494 1983; x_wconf 85' lang='lat' dir='ltr'><strong>expellendus</strong></span> <span class='ocrx_word' id='word_1_222' title='bbox 542 1937 645 1974; x_wconf 92' lang='lat' dir='ltr'><strong>foret</strong></span> <span class='ocrx_word' id='word_1_223' title='bbox 695 1939 766 1974; x_wconf 90' lang='lat' dir='ltr'><strong>sub</strong></span> <span class='ocrx_word' id='word_1_224' title='bbox 814 1951 957 1987; x_wconf 84' lang='lat' dir='ltr'><strong>magna</strong></span> <span class='ocrx_word' id='word_1_225' title='bbox 1002 1939 1191 1976; x_wconf 91' lang='lat' dir='ltr'><strong>vecordia</strong></span> <span class='ocrx_word' id='word_1_226' title='bbox 1236 1948 1273 1976; x_wconf 89' lang='lat' dir='ltr'><strong>et</strong></span> <span class='ocrx_word' id='word_1_227' title='bbox 1317 1940 1555 1988; x_wconf 90' lang='lat' dir='ltr'><strong>prodicione</strong></span> <span class='ocrx_word' id='word_1_228' title='bbox 1571 1926 1849 1988; x_wconf 49' lang='grc' dir='ltr'><strong>ᾦξυῖἓᾱξζᾝξῖῗζι.</strong></span> 
     </span>
     <span class='ocr_line' id='line_1_30' title="bbox 240 1993 1848 2058; baseline -0.004 -29"><span class='ocrx_word' id='word_1_229' title='bbox 240 1993 345 2041; x_wconf 88' lang='lat' dir='ltr'><strong>regis</strong></span> <span class='ocrx_word' id='word_1_230' title='bbox 390 2007 412 2031; x_wconf 92' lang='lat' dir='ltr'><strong>a</strong></span> <span class='ocrx_word' id='word_1_231' title='bbox 457 1994 583 2032; x_wconf 92' lang='lat' dir='ltr'><strong>milite</strong></span> <span class='ocrx_word' id='word_1_232' title='bbox 627 1994 683 2032; x_wconf 90' lang='lat' dir='ltr'><strong>sic</strong></span> <span class='ocrx_word' id='word_1_233' title='bbox 730 2005 908 2045; x_wconf 84' lang='lat' dir='ltr'><strong>potente,</strong></span> <span class='ocrx_word' id='word_1_234' title='bbox 962 2006 1113 2046; x_wconf 87' lang='lat' dir='ltr'><strong>quanto</strong></span> <span class='ocrx_word' id='word_1_235' title='bbox 1160 1997 1286 2046; x_wconf 88' lang='lat' dir='ltr'><strong>magis</strong></span> <span class='ocrx_word' id='word_1_236' title='bbox 1331 1999 1381 2035; x_wconf 88' lang='lat' dir='ltr'><strong>acl</strong></span> <span class='ocrx_word' id='word_1_237' title='bbox 1428 1998 1555 2035; x_wconf 90' lang='lat' dir='ltr'><strong>maius</strong></span> <span class='ocrx_word' id='word_1_238' title='bbox 1571 1994 1848 2058; x_wconf 28' lang='lat' dir='ltr'><strong>1¹¹³¹1F&lt;3⁴Zffltggying</strong></span> 
     </span>
    </p>

    <p class='ocr_par' dir='ltr' id='par_1_8' title="bbox 184 2052 1775 2339">
     <span class='ocr_line' id='line_1_31' title="bbox 184 2052 1775 2105; baseline 0.005 -19"><span class='ocrx_word' id='word_1_239' title='bbox 184 2053 225 2085; x_wconf 77' lang='lat'><strong>30</strong></span> <span class='ocrx_word' id='word_1_240' title='bbox 240 2052 462 2100; x_wconf 87' lang='lat' dir='ltr'><strong>dampnum</strong></span> <span class='ocrx_word' id='word_1_241' title='bbox 487 2052 750 2101; x_wconf 88' lang='lat' dir='ltr'><strong>spiritualiter</strong></span> <span class='ocrx_word' id='word_1_242' title='bbox 773 2054 964 2092; x_wconf 90' lang='lat' dir='ltr'><strong>invadens</strong></span> <span class='ocrx_word' id='word_1_243' title='bbox 981 2055 1167 2103; x_wconf 86' lang='lat' dir='ltr'><strong>Angliam</strong></span> <span class='ocrx_word' id='word_1_244' title='bbox 1192 2068 1311 2104; x_wconf 90' lang='lat' dir='ltr'><strong>quem</strong></span> <span class='ocrx_word' id='word_1_245' title='bbox 1329 2069 1555 2105; x_wconf 80' lang='lat' dir='ltr'><strong>expugnare</strong></span> <span class='ocrx_word' id='word_1_246' title='bbox 1769 2052 1775 2057; x_wconf 56' lang='lat'>⁵</span> 
     </span>
     <span class='ocr_line' id='line_1_32' title="bbox 239 2109 1554 2163; baseline 0.005 -17"><span class='ocrx_word' id='word_1_247' title='bbox 239 2109 340 2147; x_wconf 88' lang='lat' dir='ltr'><strong>foret</strong></span> <span class='ocrx_word' id='word_1_248' title='bbox 363 2110 519 2148; x_wconf 88' lang='lat' dir='ltr'><strong>facilius</strong></span> <span class='ocrx_word' id='word_1_249' title='bbox 543 2113 615 2148; x_wconf 89' lang='lat' dir='ltr'><strong>sub</strong></span> <span class='ocrx_word' id='word_1_250' title='bbox 640 2112 784 2150; x_wconf 89' lang='lat' dir='ltr'><strong>maiori</strong></span> <span class='ocrx_word' id='word_1_251' title='bbox 807 2126 911 2162; x_wconf 85' lang='lat' dir='ltr'><strong>pena</strong></span> <span class='ocrx_word' id='word_1_252' title='bbox 930 2113 1001 2150; x_wconf 90' lang='lat' dir='ltr'><strong>Dei</strong></span> <span class='ocrx_word' id='word_1_253' title='bbox 1025 2113 1262 2162; x_wconf 87' lang='lat' dir='ltr'><strong>diligencius</strong></span> <span class='ocrx_word' id='word_1_254' title='bbox 1287 2115 1554 2163; x_wconf 88' lang='lat' dir='ltr'><strong>expellendus.</strong></span> 
     </span>
     <span class='ocr_line' id='line_1_33' title="bbox 239 2168 1556 2222; baseline 0.005 -18"><span class='ocrx_word' id='word_1_255' title='bbox 239 2169 287 2204; x_wconf 87' lang='lat' dir='ltr'><strong>Et</strong></span> <span class='ocrx_word' id='word_1_256' title='bbox 331 2168 386 2205; x_wconf 89' lang='lat' dir='ltr'><strong>sic</strong></span> <span class='ocrx_word' id='word_1_257' title='bbox 430 2169 588 2207; x_wconf 89' lang='lat' dir='ltr'><strong>videtur</strong></span> <span class='ocrx_word' id='word_1_258' title='bbox 632 2172 740 2220; x_wconf 89' lang='lat' dir='ltr'><strong>quod</strong></span> <span class='ocrx_word' id='word_1_259' title='bbox 786 2171 1020 2209; x_wconf 88' lang='lat' dir='ltr'><strong>dotaciones</strong></span> <span class='ocrx_word' id='word_1_260' title='bbox 1069 2185 1228 2210; x_wconf 86' lang='lat' dir='ltr'><strong>cesaree</strong></span> <span class='ocrx_word' id='word_1_261' title='bbox 1268 2182 1305 2209; x_wconf 89' lang='lat' dir='ltr'><strong>et</strong></span> <span class='ocrx_word' id='word_1_262' title='bbox 1343 2173 1556 2222; x_wconf 88' lang='lat' dir='ltr'><strong>religiones</strong></span> 
     </span>
     <span class='ocr_line' id='line_1_34' title="bbox 238 2226 1556 2280; baseline 0.005 -18"><span class='ocrx_word' id='word_1_263' title='bbox 238 2226 392 2274; x_wconf 92' lang='lat' dir='ltr'><strong>private</strong></span> <span class='ocrx_word' id='word_1_264' title='bbox 425 2240 501 2277; x_wconf 90' lang='lat' dir='ltr'><strong>que</strong></span> <span class='ocrx_word' id='word_1_265' title='bbox 540 2237 631 2265; x_wconf 89' lang='lat' dir='ltr'><strong>sunt</strong></span> <span class='ocrx_word' id='word_1_266' title='bbox 675 2228 715 2265; x_wconf 90' lang='lat' dir='ltr'><strong>in</strong></span> <span class='ocrx_word' id='word_1_267' title='bbox 759 2230 927 2267; x_wconf 89' lang='lat' dir='ltr'><strong>ecclesia</strong></span> <span class='ocrx_word' id='word_1_268' title='bbox 959 2230 1101 2279; x_wconf 86' lang='lat' dir='ltr'><strong>Anglie</strong></span> <span class='ocrx_word' id='word_1_269' title='bbox 1145 2230 1201 2267; x_wconf 91' lang='lat' dir='ltr'><strong>sic</strong></span> <span class='ocrx_word' id='word_1_270' title='bbox 1245 2231 1370 2268; x_wconf 86' lang='lat' dir='ltr'><strong>ditate</strong></span> <span class='ocrx_word' id='word_1_271' title='bbox 1415 2232 1556 2280; x_wconf 87' lang='lat' dir='ltr'><strong>pocius</strong></span> 
     </span>
     <span class='ocr_line' id='line_1_35' title="bbox 237 2285 1555 2339; baseline 0.005 -18"><span class='ocrx_word' id='word_1_272' title='bbox 237 2285 367 2322; x_wconf 89' lang='lat' dir='ltr'><strong>forent</strong></span> <span class='ocrx_word' id='word_1_273' title='bbox 400 2298 521 2334; x_wconf 90' lang='lat' dir='ltr'><strong>quam</strong></span> <span class='ocrx_word' id='word_1_274' title='bbox 556 2299 721 2336; x_wconf 81' lang='lat' dir='ltr'><strong>regnum</strong></span> <span class='ocrx_word' id='word_1_275' title='bbox 755 2288 921 2325; x_wconf 87' lang='lat' dir='ltr'><strong>Francie</strong></span> <span class='ocrx_word' id='word_1_276' title='bbox 956 2290 1210 2326; x_wconf 85' lang='lat' dir='ltr'><strong>destruende.</strong></span> <span class='ocrx_word' id='word_1_277' title='bbox 1245 2290 1323 2326; x_wconf 89' lang='lat' dir='ltr'><strong>Sed</strong></span> <span class='ocrx_word' id='word_1_278' title='bbox 1347 2291 1555 2339; x_wconf 89' lang='lat' dir='ltr'><strong>quomodo</strong></span> 
     </span>
    </p>

    <p class='ocr_par' dir='ltr' id='par_1_9' title="bbox 177 2342 1555 2687">
     <span class='ocr_line' id='line_1_36' title="bbox 181 2342 1555 2396; baseline 0.006 -19"><span class='ocrx_word' id='word_1_279' title='bbox 181 2342 306 2380; x_wconf 78' lang='lat' dir='ltr'><strong>35i110</strong></span> <span class='ocrx_word' id='word_1_280' title='bbox 339 2344 548 2392; x_wconf 91' lang='lat' dir='ltr'><strong>supposito</strong></span> <span class='ocrx_word' id='word_1_281' title='bbox 583 2355 779 2383; x_wconf 89' lang='lat' dir='ltr'><strong>cresceret</strong></span> <span class='ocrx_word' id='word_1_282' title='bbox 812 2346 851 2383; x_wconf 91' lang='lat' dir='ltr'><strong>in</strong></span> <span class='ocrx_word' id='word_1_283' title='bbox 880 2347 1024 2395; x_wconf 86' lang='lat' dir='ltr'><strong>Anglia</strong></span> <span class='ocrx_word' id='word_1_284' title='bbox 1058 2356 1197 2384; x_wconf 90' lang='lat' dir='ltr'><strong>contra</strong></span> <span class='ocrx_word' id='word_1_285' title='bbox 1230 2347 1357 2396; x_wconf 89' lang='lat' dir='ltr'><strong>legem</strong></span> <span class='ocrx_word' id='word_1_286' title='bbox 1392 2348 1555 2385; x_wconf 90' lang='lat' dir='ltr'><strong>Domini</strong></span> 
     </span>
     <span class='ocr_line' id='line_1_37' title="bbox 236 2403 1555 2454; baseline 0.005 -17"><span class='ocrx_word' id='word_1_287' title='bbox 236 2409 392 2438; x_wconf 89' lang='lat' dir='ltr'><strong>tantum</strong></span> <span class='ocrx_word' id='word_1_288' title='bbox 413 2403 543 2440; x_wconf 79' lang='lat' dir='ltr'><strong>ultus?</strong></span> <span class='ocrx_word' id='word_1_289' title='bbox 562 2403 619 2440; x_wconf 91' lang='lat' dir='ltr'><strong>Illi</strong></span> <span class='ocrx_word' id='word_1_290' title='bbox 644 2413 778 2441; x_wconf 90' lang='lat' dir='ltr'><strong>autem</strong></span> <span class='ocrx_word' id='word_1_291' title='bbox 803 2404 869 2454; x_wconf 91' lang='lat' dir='ltr'><strong>qui</strong></span> <span class='ocrx_word' id='word_1_292' title='bbox 893 2407 943 2442; x_wconf 93' lang='lat' dir='ltr'><strong>ad</strong></span> <span class='ocrx_word' id='word_1_293' title='bbox 967 2407 1281 2454; x_wconf 88' lang='lat' dir='ltr'><strong>perpetrandum</strong></span> <span class='ocrx_word' id='word_1_294' title='bbox 1308 2407 1383 2444; x_wconf 89' lang='lat' dir='ltr'><strong>hoc</strong></span> <span class='ocrx_word' id='word_1_295' title='bbox 1402 2407 1555 2444; x_wconf 89' lang='lat' dir='ltr'><strong>facinus</strong></span> 
     </span>
     <span class='ocr_line' id='line_1_38' title="bbox 237 2459 1553 2514; baseline 0.005 -19"><span class='ocrx_word' id='word_1_296' title='bbox 237 2459 523 2498; x_wconf 88' lang='lat' dir='ltr'><strong>machinantur</strong></span> <span class='ocrx_word' id='word_1_297' title='bbox 566 2471 657 2498; x_wconf 89' lang='lat' dir='ltr'><strong>sunt</strong></span> <span class='ocrx_word' id='word_1_298' title='bbox 701 2476 724 2499; x_wconf 91' lang='lat' dir='ltr'><strong>a</strong></span> <span class='ocrx_word' id='word_1_299' title='bbox 769 2462 944 2500; x_wconf 89' lang='lat' dir='ltr'><strong>dominis</strong></span> <span class='ocrx_word' id='word_1_300' title='bbox 996 2464 1107 2511; x_wconf 80' lang='lat' dir='ltr'><strong>regni</strong></span> <span class='ocrx_word' id='word_1_301' title='bbox 1149 2464 1290 2512; x_wconf 89' lang='lat' dir='ltr'><strong>Anglie</strong></span> <span class='ocrx_word' id='word_1_302' title='bbox 1343 2474 1553 2514; x_wconf 89' lang='lat' dir='ltr'><strong>tamquam</strong></span> 
     </span>
     <span class='ocr_line' id='line_1_39' title="bbox 237 2517 1554 2571; baseline 0.005 -17"><span class='ocrx_word' id='word_1_303' title='bbox 237 2517 365 2555; x_wconf 87' lang='lat' dir='ltr'><strong>clerus</strong></span> <span class='ocrx_word' id='word_1_304' title='bbox 387 2520 602 2568; x_wconf 88' lang='lat' dir='ltr'><strong>precipuus</strong></span> <span class='ocrx_word' id='word_1_305' title='bbox 625 2521 816 2567; x_wconf 87' lang='lat' dir='ltr'><strong>venerati,</strong></span> <span class='ocrx_word' id='word_1_306' title='bbox 847 2521 887 2558; x_wconf 88' lang='lat' dir='ltr'><strong>in</strong></span> <span class='ocrx_word' id='word_1_307' title='bbox 911 2530 1067 2559; x_wconf 88' lang='lat' dir='ltr'><strong>tantum</strong></span> <span class='ocrx_word' id='word_1_308' title='bbox 1095 2524 1203 2571; x_wconf 92' lang='lat' dir='ltr'><strong>quod</strong></span> <span class='ocrx_word' id='word_1_309' title='bbox 1226 2523 1306 2560; x_wconf 90' lang='lat' dir='ltr'><strong>iam</strong></span> <span class='ocrx_word' id='word_1_310' title='bbox 1331 2523 1554 2560; x_wconf 90' lang='lat' dir='ltr'><strong>machinati</strong></span> 
     </span>
     <span class='ocr_line' id='line_1_40' title="bbox 237 2576 1553 2628; baseline 0.005 -16"><span class='ocrx_word' id='word_1_311' title='bbox 237 2585 330 2613; x_wconf 90' lang='lat' dir='ltr'><strong>sunt</strong></span> <span class='ocrx_word' id='word_1_312' title='bbox 364 2576 497 2615; x_wconf 84' lang='lat' dir='ltr'><strong>media</strong></span> <span class='ocrx_word' id='word_1_313' title='bbox 528 2590 599 2627; x_wconf 90' lang='lat' dir='ltr'><strong>per</strong></span> <span class='ocrx_word' id='word_1_314' title='bbox 632 2592 708 2628; x_wconf 91' lang='lat' dir='ltr'><strong>que</strong></span> <span class='ocrx_word' id='word_1_315' title='bbox 741 2591 784 2616; x_wconf 88' lang='lat' dir='ltr'><strong>ex</strong></span> <span class='ocrx_word' id='word_1_316' title='bbox 816 2579 920 2628; x_wconf 83' lang='lat' dir='ltr'><strong>regis</strong></span> <span class='ocrx_word' id='word_1_317' title='bbox 953 2581 1185 2618; x_wconf 88' lang='lat' dir='ltr'><strong>defensione</strong></span> <span class='ocrx_word' id='word_1_318' title='bbox 1230 2590 1267 2618; x_wconf 89' lang='lat' dir='ltr'><strong>et</strong></span> <span class='ocrx_word' id='word_1_319' title='bbox 1311 2581 1553 2619; x_wconf 87' lang='lat' dir='ltr'><strong>secularium</strong></span> 
     </span>
     <span class='ocr_line' id='line_1_41' title="bbox 177 2634 1554 2687; baseline 0.004 -17"><span class='ocrx_word' id='word_1_320' title='bbox 177 2634 495 2676; x_wconf 90' lang='lat' dir='ltr'><strong>4odominorum</strong></span> <span class='ocrx_word' id='word_1_321' title='bbox 529 2636 716 2685; x_wconf 90' lang='lat' dir='ltr'><strong>potencia</strong></span> <span class='ocrx_word' id='word_1_322' title='bbox 755 2638 999 2675; x_wconf 87' lang='lat' dir='ltr'><strong>necessitant</strong></span> <span class='ocrx_word' id='word_1_323' title='bbox 1045 2651 1211 2687; x_wconf 82' lang='lat' dir='ltr'><strong>regnum</strong></span> <span class='ocrx_word' id='word_1_324' title='bbox 1257 2639 1432 2677; x_wconf 88' lang='lat' dir='ltr'><strong>tribuere</strong></span> <span class='ocrx_word' id='word_1_325' title='bbox 1476 2639 1554 2676; x_wconf 90' lang='lat' dir='ltr'><strong>illis</strong></span> 
     </span>
    </p>
   </div>
   <div class='ocr_carea' id='block_1_3' title="bbox 235 2694 1555 2745">
    <p class='ocr_par' dir='ltr' id='par_1_10' title="bbox 235 2694 1555 2745">
     <span class='ocr_line' id='line_1_42' title="bbox 235 2694 1555 2745; baseline 0.004 -16"><span class='ocrx_word' id='word_1_326' title='bbox 235 2700 318 2730; x_wconf 90' lang='lat' dir='ltr'><strong>tarn</strong></span> <span class='ocrx_word' id='word_1_327' title='bbox 346 2694 588 2743; x_wconf 90' lang='lat' dir='ltr'><strong>temporalia</strong></span> <span class='ocrx_word' id='word_1_328' title='bbox 611 2708 731 2744; x_wconf 91' lang='lat' dir='ltr'><strong>quam</strong></span> <span class='ocrx_word' id='word_1_329' title='bbox 755 2709 963 2745; x_wconf 83' lang='lat' dir='ltr'><strong>personas,</strong></span> <span class='ocrx_word' id='word_1_330' title='bbox 988 2706 1026 2734; x_wconf 94' lang='lat' dir='ltr'><strong>et</strong></span> <span class='ocrx_word' id='word_1_331' title='bbox 1049 2697 1259 2735; x_wconf 90' lang='lat' dir='ltr'><strong>resistente</strong></span> <span class='ocrx_word' id='word_1_332' title='bbox 1282 2697 1359 2735; x_wconf 89' lang='lat' dir='ltr'><strong>illis</strong></span> <span class='ocrx_word' id='word_1_333' title='bbox 1383 2698 1555 2736; x_wconf 87' lang='lat' dir='ltr'><strong>fideliter</strong></span> 
     </span>
    </p>
   </div>
   <div class='ocr_carea' id='block_1_4' title="bbox 233 2827 1551 2939">
    <p class='ocr_par' dir='ltr' id='par_1_11' title="bbox 233 2827 1551 2939">
     <span class='ocr_line' id='line_1_43' title="bbox 304 2827 1551 2869; baseline 0.005 -14"><span class='ocrx_word' id='word_1_334' title='bbox 304 2836 334 2862; x_wconf 82' lang='lat'><strong>4.</strong></span> <span class='ocrx_word' id='word_1_335' title='bbox 355 2827 380 2856; x_wconf 91' lang='lat' dir='ltr'>E</span> <span class='ocrx_word' id='word_1_336' title='bbox 393 2827 422 2855; x_wconf 88' lang='lat' dir='ltr'><strong>in</strong></span> <span class='ocrx_word' id='word_1_337' title='bbox 439 2836 554 2868; x_wconf 37' lang='lat' dir='ltr'><strong>marg-r</strong></span> <span class='ocrx_word' id='word_1_338' title='bbox 576 2829 740 2858; x_wconf 75' lang='lat' dir='ltr'><strong>seculares</strong></span> <span class='ocrx_word' id='word_1_339' title='bbox 761 2830 880 2859; x_wconf 84' lang='lat' dir='ltr'><strong>domini</strong></span> <span class='ocrx_word' id='word_1_340' title='bbox 897 2839 951 2859; x_wconf 85' lang='lat' dir='ltr'><strong>cur</strong></span> <span class='ocrx_word' id='word_1_341' title='bbox 970 2834 1042 2859; x_wconf 78' lang='lat' dir='ltr'><strong>sunt</strong></span> <span class='ocrx_word' id='word_1_342' title='bbox 1060 2832 1090 2859; x_wconf 82' lang='lat' dir='ltr'><strong>in</strong></span> <span class='ocrx_word' id='word_1_343' title='bbox 1112 2832 1241 2861; x_wconf 80' lang='lat' dir='ltr'><strong>ecclesia</strong></span> <span class='ocrx_word' id='word_1_344' title='bbox 1251 2833 1358 2869; x_wconf 82' lang='lat' dir='ltr'><strong>posili.</strong></span> <span class='ocrx_word' id='word_1_345' title='bbox 1415 2842 1455 2861; x_wconf 92' lang='lat'><strong>10.</strong></span> <span class='ocrx_word' id='word_1_346' title='bbox 1477 2833 1501 2860; x_wconf 90' lang='lat' dir='ltr'>E</span> <span class='ocrx_word' id='word_1_347' title='bbox 1522 2833 1551 2861; x_wconf 86' lang='lat' dir='ltr'><strong>in</strong></span> 
     </span>
     <span class='ocr_line' id='line_1_44' title="bbox 236 2863 1550 2903; baseline 0.005 -14"><span class='ocrx_word' id='word_1_348' title='bbox 236 2869 349 2898; x_wconf 63' lang='lat' dir='ltr'><strong>marg:</strong></span> <span class='ocrx_word' id='word_1_349' title='bbox 402 2863 457 2890; x_wconf 85' lang='lat' dir='ltr'><strong>uid</strong></span> <span class='ocrx_word' id='word_1_350' title='bbox 474 2864 590 2892; x_wconf 82' lang='lat' dir='ltr'><strong>mtlzcia</strong></span> <span class='ocrx_word' id='word_1_351' title='bbox 610 2864 704 2893; x_wconf 77' lang='lat' dir='ltr'><strong>debet.</strong></span> <span class='ocrx_word' id='word_1_352' title='bbox 728 2865 806 2893; x_wconf 55' lang='lat' dir='ltr'><strong>ls&#39;ide.</strong></span> <span class='ocrx_word' id='word_1_353' title='bbox 899 2875 938 2903; x_wconf 84' lang='lat'><strong>17.</strong></span> <span class='ocrx_word' id='word_1_354' title='bbox 961 2867 1000 2894; x_wconf 79' lang='lat' dir='ltr'><strong>E:</strong></span> <span class='ocrx_word' id='word_1_355' title='bbox 1019 2867 1194 2901; x_wconf 75' lang='lat' dir='ltr'><strong>proditore.</strong></span> <span class='ocrx_word' id='word_1_356' title='bbox 1286 2870 1331 2895; x_wconf 71' lang='lat'><strong>28.</strong></span> <span class='ocrx_word' id='word_1_357' title='bbox 1350 2868 1424 2902; x_wconf 85' lang='lat' dir='ltr'><strong>sub;</strong></span> <span class='ocrx_word' id='word_1_358' title='bbox 1443 2868 1550 2896; x_wconf 88' lang='lat' dir='ltr'><strong>codd.:</strong></span> 
     </span>
     <span class='ocr_line' id='line_1_45' title="bbox 233 2898 1550 2939; baseline 0.005 -15"><span class='ocrx_word' id='word_1_359' title='bbox 233 2905 335 2933; x_wconf 83' lang='lat' dir='ltr'><strong>super.</strong></span> <span class='ocrx_word' id='word_1_360' title='bbox 409 2898 437 2926; x_wconf 84' lang='lat'><strong>8.</strong></span> <span class='ocrx_word' id='word_1_361' title='bbox 457 2898 527 2926; x_wconf 89' lang='lat' dir='ltr'><strong>DE:</strong></span> <span class='ocrx_word' id='word_1_362' title='bbox 549 2899 649 2927; x_wconf 83' lang='lat' dir='ltr'><strong>clerus</strong></span> <span class='ocrx_word' id='word_1_363' title='bbox 669 2900 770 2935; x_wconf 85' lang='lat' dir='ltr'><strong>deest;</strong></span> <span class='ocrx_word' id='word_1_364' title='bbox 791 2901 831 2928; x_wconf 92' lang='lat' dir='ltr'><strong>ib.</strong></span> <span class='ocrx_word' id='word_1_365' title='bbox 847 2900 886 2929; x_wconf 81' lang='lat' dir='ltr'><strong>E:</strong></span> <span class='ocrx_word' id='word_1_366' title='bbox 907 2902 1042 2930; x_wconf 79' lang='lat' dir='ltr'><strong>onerati.</strong></span> <span class='ocrx_word' id='word_1_367' title='bbox 1097 2911 1139 2938; x_wconf 82' lang='lat'><strong>41.</strong></span> <span class='ocrx_word' id='word_1_368' title='bbox 1161 2902 1230 2931; x_wconf 87' lang='lat' dir='ltr'><strong>DE:</strong></span> <span class='ocrx_word' id='word_1_369' title='bbox 1252 2903 1436 2939; x_wconf 76' lang='lat' dir='ltr'><strong>temporalia</strong></span> <span class='ocrx_word' id='word_1_370' title='bbox 1457 2903 1550 2931; x_wconf 83' lang='lat' dir='ltr'><strong>deest.</strong></span> 
     </span>
    </p>
   </div>
  </div>
 </body>
</html>
