2062 3276
162 259 239 304 184

174 553 359 588 Blasphemy
380 553 414 580 of

189 623 240 650 ind
247 588 397 658 glaggililces.

218 1363 305 1399 They
327 1371 376 1390 are

160 1398 287 1432 granted
308 1398 357 1425 for
371 1402 435 1425 acts

160 1437 307 1469 contrary
326 1437 358 1460 to
378 1433 429 1460 the

245 1467 348 1495 divine

199 1502 393 1530 commands.

210 2172 278 2200 The
299 2180 378 2208 pope

168 2208 276 2235 claims
297 2208 378 2235 what
398 2207 424 2234 is

160 2251 275 2278 proper
295 2246 325 2269 to
348 2241 428 2269 God.

742 264 965 296 JOHANNIS
984 262 1168 294 WYCLIF
1189 262 1445 293 SERMONUM
1507 248 1658 305 [SERMO
1680 257 1759 286 XXI-

448 385 537 408 cum
562 371 611 407 sit
634 371 753 407 simul
776 382 840 406 rex
866 379 902 407 et
935 369 1156 418 imperator
1189 377 1225 405 et
1259 368 1449 405 sacerdos
1483 366 1760 404 sanctissimus

448 429 528 466 sive
562 442 679 477 papa.

507 487 623 524 Circa
669 488 770 523 hanc
815 485 1027 534 epistolam
1074 484 1283 521 dubitatur
1328 492 1461 519 utrum
1509 482 1612 530 sapit
1657 482 1760 519 blas-

448 545 651 593 phemiam
691 557 836 593 papam
878 544 933 580 sic
968 543 1156 580 bullative
1196 543 1417 579 concedere
1457 541 1758 577 absolucionem

449 615 469 639 a
503 615 605 651 pena
638 611 675 639 et
708 602 826 650 culpa
860 610 897 637 et
931 610 1063 638 cetera
1096 599 1324 649 spiritualia
1347 598 1564 636 carismata
1588 602 1794 647 quorumS

449 660 656 698 concessio
682 669 739 696 est
763 659 929 708 propria
963 658 1123 704 deitati3
1159 667 1196 695 et
1227 658 1385 694 videtur
1419 656 1515 693 mihi
1549 657 1655 705 quod
1690 656 1759 703 sic,

448 719 542 767 quia
574 718 658 754 sine
693 717 932 765 excepcione
965 729 1136 764 persone
1169 716 1339 764 prescite
1372 715 1468 751 dicit
1491 727 1531 751 se
1556 715 1761 750 absolvere

448 777 669 825 quemlibet
702 776 823 812 talem
858 774 932 811 sibi
957 774 997 810 in
1019 774 1089 810 illo
1115 775 1222 822 quod
1247 773 1401 822 appetit
1425 773 1760 820 complacentem,

448 844 484 871 et
518 847 610 882 sepe
643 842 734 870 sunt
779 833 894 869 multi
927 833 1026 869 tales
1060 845 1160 880 quos
1194 834 1277 868 Deo
1315 844 1396 868 non
1430 831 1561 879 placet
1600 830 1655 866 sic
1694 831 1762 867 ab·

447 893 613 929 solvere.
648 894 752 939 Ergo
786 903 879 939 sepe
903 890 942 926 in
966 890 1113 927 talibus
1137 889 1466 926 absolucionibus
1489 887 1761 925 contrariatur
1782 904 1821 924 10

448 949 702 999 beneplacito
721 948 793 985 Dei
818 948 890 985 sui.
926 950 1028 996 Sepe
1052 947 1214 997 quidem
1238 960 1319 984 non
1341 948 1473 995 placet
1493 948 1576 983 Deo
1600 958 1761 982 movere

448 1009 556 1045 illam
592 1019 806 1056 personam
841 1008 891 1043 ad
925 1005 1216 1043 contricionem
1252 1005 1314 1042 cui
1347 1014 1484 1042 tamen
1524 1016 1628 1053 papa
1668 1017 1762 1041 con-

449 1066 553 1103 cedit
586 1067 708 1102 talem
743 1064 1055 1113 indulgenciam.

507 1123 714 1170 Similiter,
755 1135 859 1172 papa
901 1122 1036 1159 multis
1074 1121 1221 1158 talibus
1255 1120 1440 1167 concedit
1485 1119 1761 1168 indulgencias

449 1182 516 1231 qui
550 1195 593 1218 ex
625 1181 700 1218 sibi
735 1181 856 1217 dubio
890 1190 980 1217 sunt
1012 1180 1190 1229 presciti,
1225 1188 1262 1215 et
1294 1181 1400 1215 Deus
1431 1178 1531 1214 nulli
1563 1177 1633 1214 tali
1667 1190 1759 1215 con·
1782 1183 1818 1216 15

450 1240 555 1277 cedit
586 1238 864 1287 indulgencias
889 1240 1002 1285 tales,
1036 1251 1132 1287 ergo
1155 1250 1258 1286 pape
1284 1237 1527 1274 extolluntur
1549 1235 1590 1272 in
1614 1235 1761 1272 talibus

449 1311 571 1347 supra
605 1297 825 1334 Christum.

509 1355 715 1401 Similiter,
749 1354 967 1403 requiritur
1000 1355 1050 1390 ad
1073 1354 1192 1390 talem
1220 1352 1520 1389 concessionem
1546 1351 1759 1388 discretam

450 1427 598 1463 papam
633 1415 781 1450 habere
813 1412 1007 1449 noticiam
1041 1413 1151 1460 quod
1174 1414 1280 1447 Deus
1304 1412 1354 1447 ad
1377 1419 1532 1447 tantum
1564 1411 1761 1458 approbat

449 1473 528 1509 tale
561 1473 724 1517 factum,
766 1473 834 1507 sed
874 1483 980 1519 papa
1019 1479 1126 1507 caret
1165 1469 1235 1506 tali
1276 1468 1427 1505 noticia
1460 1477 1541 1505 tam
1577 1480 1620 1504 ex
1652 1480 1760 1504 reve·
1777 1483 1819 1505 20

449 1530 606 1567 lacione
639 1542 759 1578 quam
795 1542 838 1565 ex
872 1529 961 1574 fide,
1002 1541 1121 1577 quam
1162 1526 1287 1564 tercio
1321 1539 1365 1563 ex
1399 1525 1573 1564 racionis
1614 1527 1761 1562 deduc-

450 1588 578 1625 cione.
629 1587 736 1634 Quid
790 1599 883 1635 ergo
930 1595 1108 1622 moveret
1160 1597 1306 1634 papam
1355 1593 1437 1621 tam
1487 1583 1761 1632 presumptive

450 1647 669 1683 concedere
709 1646 818 1693 quod
851 1646 957 1680 Deus
997 1657 1040 1680 ex
1080 1643 1153 1680 sibi
1194 1642 1316 1679 dubio
1355 1655 1436 1679 non
1476 1641 1662 1679 concedit
1700 1642 1761 1678 vel

447 1705 618 1741 vendere
647 1704 755 1752 quod
778 1715 859 1739 non
882 1703 1014 1750 placet
1039 1704 1121 1738 Deo
1146 1701 1339 1737 reddere?
1372 1713 1509 1737 revera
1533 1699 1761 1737 evidencius

448 1771 582 1811 posset
622 1774 726 1810 papa
767 1773 926 1797 movere
965 1760 1148 1796 homines
1181 1761 1231 1795 ad
1270 1760 1522 1807 purgandum
1563 1754 1758 1810 latrinas}

448 1821 509 1857 vel
547 1819 774 1857 faciendum
821 1819 1092 1866 quodcunque
1137 1830 1237 1865 opus
1283 1817 1493 1864 corporale
1533 1817 1641 1865 quod
1686 1815 1760 1852 sibi

448 1877 646 1926 placuerit
679 1889 797 1926 quam
834 1877 1041 1913 absolvere
1065 1887 1346 1924 quemcunque
1381 1887 1403 1911 a
1436 1887 1540 1923 pena
1573 1883 1610 1911 et
1643 1874 1761 1922 culpa

450 1935 517 1985 qui
562 1935 670 1972 iuvat
708 1936 757 1971 ad
803 1934 1096 1971 restituendum
1141 1933 1214 1970 sibi
1260 1944 1463 1969 cesaream
1510 1931 1759 1980 dignitatem,

450 1993 544 2042 quia
588 1994 664 2030 hoc
712 1992 862 2028 directe
915 1991 1186 2029 contrariatur
1238 1990 1490 2027 ordinacioni
1544 1989 1676 2027 divine
1720 1989 1760 2026 in

451 2051 611 2089 Christo
645 2059 682 2087 et
715 2050 795 2087 suis
835 2050 1028 2099 apostolis
1068 2058 1104 2086 et
1144 2048 1369 2098 cuicunque
1407 2061 1501 2085 vero
1540 2047 1760 2085 successori
1778 2054 1820 2087 30

452 2122 604 2146 eorum.

510 2166 715 2211 Similiter,
740 2165 865 2202 nichil
888 2174 946 2201 est
970 2165 1096 2213 magis
1120 2164 1331 2213 proprium
1357 2166 1440 2200 Deo
1465 2176 1584 2212 quam
1611 2164 1761 2199 donare

450 2226 510 2262 vel
544 2223 749 2261 remittere
788 2222 976 2259 iniuriam
1016 2222 1089 2259 sibi
1129 2223 1290 2267 factam,
1331 2223 1399 2258 sed
1433 2221 1489 2258 sic
1522 2220 1616 2257 facit
1655 2233 1758 2269 papa

452 2283 492 2319 in
524 2281 784 2319 concessione
817 2280 906 2317 talis
940 2280 1207 2328 indulgencie.
1248 2282 1352 2327 Ergo
1385 2279 1569 2316 concedit
1602 2279 1641 2314 in
1673 2278 1760 2315 tali-

452 2342 524 2377 bus
557 2341 665 2389 quod
699 2348 756 2376 est
790 2341 873 2375 Deo
906 2338 1132 2387 proprium,
1172 2350 1264 2374 nam
1299 2338 1432 2374 nullus
1466 2336 1657 2374 secularis
1691 2337 1760 2372 do·
1778 2343 1817 2376 35

453 2398 582 2435 minus
625 2398 686 2434 vel
732 2398 855 2433 homo
901 2396 1013 2448 alius
1048 2404 1180 2444 potest
1227 2397 1448 2433 concedere
1493 2394 1606 2432 alteri
1651 2395 1758 2443 quod

521 2530 546 2559 3.
566 2531 634 2559 DEI
653 2531 682 2558 in
705 2538 818 2569 marg:
839 2529 978 2569 Durium.
1053 2539 1081 2563 4.
1103 2531 1114 2557 Ι
1135 2530 1163 2557 in
1186 2538 1300 2569 marg:
1325 2529 1449 2569 Questso
1469 2528 1507 2556 de
1525 2529 1725 2556 absolucione
1742 2536 1761 2555 a

450 2569 583 2627 ΡέὝιὲῗ
600 2564 1397 2627 ‘31552‘532223123221222<?¹³¹'g·*zl'bdssl-gff‘ssifffbs'pef
1425 2565 1465 2626 ¹}'·
1486 2563 1762 2633 ¹³E¹³1²nh133‘333‘f⁷'3›‘

453 2609 493 2663 iS.
509 2635 533 2662 E
548 2621 706 2667 in'margr:
721 2643 755 2670 3.
785 2633 877 2662 Nota.
916 2620 925 2626 „
946 2620 996 2660 izo.
1019 2620 1143 2673 Β-Ϊίᾳίε
1162 2607 1396 2660 ἀειιιυιρῐκζ-ἰεε.
1458 2608 1504 2661 ἓι,
1525 2633 1594 2660 DE:
1615 2614 1759 2660 eadees‘t:

452 2669 494 2696 23.
517 2670 544 2696 l:
567 2669 724 2696 excedere.
785 2676 829 2702 27.
851 2668 1075 2707 DE:plac141t;
1095 2669 1137 2707 ib,
1180 2668 1220 2695 E:
1243 2675 1451 2703 quemcunque
1471 2668 1565 2695 deest.
1622 2667 1667 2695 28.
1689 2666 1757 2694 DE:

452 2705 687 2731 restrtucionem.
760 2702 802 2730 32.
825 2704 868 2730 A:
892 2703 986 2730 Deum
996 2713 1006 2735 ;
1026 2704 1066 2730 lb.
1087 2703 1111 2730 E
1131 2711 1160 2730 ιη
1182 2711 1296 2738 marg:
1317 2709 1350 2736 4.

520 2786 550 2821 s).
579 2788 675 2825 Quae
702 2786 757 2818 hic
783 2794 985 2829 sequuntur,
1013 2788 1047 2818 in
1072 2797 1177 2828 opere
1202 2786 1367 2818 ,Iohannis
1394 2782 1468 2817 Hus
1494 2786 1682 2817 ‘Adversus
1709 2786 1758 2816 in-

451 2834 650 2875 dulgencias
675 2833 826 2875 papales,
854 2834 925 2864 sive
953 2833 994 2864 de
1014 2833 1171 2864 Cruciata
1198 2843 1285 2875 pape
1310 2832 1476 2864 Johannis
1492 2831 1608 2863 XXIII’
1636 2831 1758 2862 verbo-

448 2887 547 2911 tenus
562 2880 782 2910 inveniuntur
796 2880 902 2921 (Opp.
917 2886 1000 2912 tom.
1015 2879 1037 2918 Ι,
1053 2879 1111 2910 fol.
1127 2878 1363 2913 libb—183³).
1460 2879 1512 2912 32.
1529 2877 1647 2910 ib.f01.
1666 2876 1754 2910 183⁶.

1777 1741 1853 1772 Fol.

1778 1788 1857 1821 310c

2049 396 2062 497 fimum.
