2062 3276
153 897 190 917 10

153 1177 188 1209 15

205 253 340 281 senno
362 241 417 300 v.]
683 253 872 293 QUARTA
903 253 1028 284 PARS.

206 362 329 398 ferina
363 360 549 409 superbia
582 373 662 396 non
698 361 815 397 habet
850 358 1118 395 humilitatem
1144 358 1413 405 evangelicam
1449 370 1518 405 per

206 433 326 469 quam
362 420 445 456 eius
482 420 663 455 membra
702 418 859 466 singula
899 426 991 453 sunt
1029 425 1252 464 compacta.
1300 417 1517 461 Quomodo

207 491 300 526 ergo
339 477 405 514 ille
445 477 641 525 dyabolus
680 476 782 513 foret
823 477 1048 512 membrum
1090 474 1255 511 ecclesie
1296 473 1363 522 qui
1397 486 1518 521 supra

207 536 457 572 luciferinam
493 534 721 583 superbiam
756 533 875 570 sentit
908 533 1123 569 infideliter
1157 533 1204 569 de
1238 544 1278 568 se
1318 531 1419 580 ipso,
1462 532 1516 568 sic

206 595 314 642 quod
348 606 417 642 per
450 593 671 630 elecciones
710 592 872 628 frivolas
915 601 952 628 et
991 589 1323 628 conversaciones
1358 589 1518 627 Christo

207 652 412 688 difformes
444 660 643 688 statuatur
676 659 796 698 caput
829 659 897 686 aut
931 651 1157 686 membrum
1183 647 1331 685 Christi
1365 656 1402 684 et
1426 660 1516 684 cum

207 710 292 758 ipso
327 718 522 758 perpetuo
556 708 851 757 desponsatus?

264 770 317 804 Ex
350 768 427 804 fide
460 776 594 804 autem
627 766 826 815 scripture
859 775 940 802 tam
975 766 1080 802 clare
1114 773 1223 813 patet
1257 764 1365 812 quod
1399 775 1517 799 nemo

206 835 337 874 potest
382 825 564 862 desinere
609 837 692 862 esse
733 826 960 861 membrum
1001 831 1138 860 sancte
1180 821 1318 858 matris
1352 821 1518 858 ecclesie

205 885 264 921 vel
297 893 492 932 perpetuo
526 882 831 931 condempnari,
866 891 902 919 et
937 881 1029 918 hinc
1061 881 1212 917 viantes
1251 880 1396 928 quibus
1438 892 1518 915 non

206 942 326 979 fiebat
366 943 438 978 hec
478 941 673 978 revelacio
712 941 815 977 sicut
853 940 973 977 fiebat
1013 938 1206 987 apostolis
1246 951 1327 974 non
1372 939 1519 974 debent

205 1000 350 1037 viando
384 1011 616 1048 presumere
656 1000 764 1048 quod
803 998 881 1035 sint
921 997 1053 1046 capita
1091 997 1151 1033 vel
1192 997 1373 1032 membra
1413 995 1518 1032 illius

206 1058 383 1104 ecclesie,
429 1059 497 1095 sed
539 1059 632 1094 dum
673 1057 826 1094 faciunt
863 1055 1094 1105 quicunque
1128 1054 1287 1100 fuerint,
1335 1067 1405 1090 sua
1438 1053 1517 1090 vita

206 1126 242 1154 et
275 1116 532 1165 presumpcio
567 1115 863 1152 contradicunt.
898 1116 946 1150 Et
979 1122 1088 1162 patet
1123 1126 1165 1150 ex
1199 1112 1277 1149 fide
1301 1113 1409 1160 quod
1434 1125 1518 1149 om-

205 1175 271 1211 nia
305 1176 488 1211 membra
520 1183 657 1211 sancte
690 1173 830 1210 matris
863 1172 1029 1209 ecclesie
1070 1171 1198 1208 eciam
1232 1170 1442 1207 militantis
1476 1183 1519 1206 ex

205 1232 392 1270 unicordi
425 1232 626 1269 iux-amine
659 1241 696 1268 et
729 1231 958 1268 defensione
991 1229 1148 1266 virtutis
1181 1228 1344 1277 regitive
1379 1238 1519 1265 contra

206 1291 335 1339 ipsum
371 1291 587 1339 dyabolum
621 1299 658 1327 et
690 1302 831 1326 omnes
865 1290 998 1326 hostes
1031 1287 1164 1325 anime
1198 1286 1389 1324 continue
1428 1296 1519 1323 sunt

207 1349 246 1385 in
280 1362 391 1397 pace,
426 1358 463 1385 et
495 1361 565 1397 per
599 1360 862 1397 consequens,
903 1345 1065 1395 presciti
1099 1345 1166 1395 qui
1206 1355 1297 1381 sunt
1337 1346 1519 1382 membra

207 1407 380 1455 dyaboli,
420 1407 459 1443 in
491 1416 805 1456 quantacunque
839 1418 984 1454 magna
1016 1416 1115 1452 pace
1153 1412 1390 1452 appareant,
1426 1416 1520 1440 con-

206 1465 316 1502 tinue
349 1474 440 1501 sunt
473 1465 635 1511 turbati,
679 1477 767 1501 cum
805 1465 953 1500 habent
985 1461 1262 1499 infirmitatem
1297 1461 1428 1498 finalis
1462 1461 1520 1497 in—

207 1523 431 1572 penitencie
466 1524 678 1560 ducentem
712 1524 762 1559 ad
796 1530 967 1559 mortem
1001 1521 1233 1557 secundam>

264 1583 497 1618 Notandum
552 1582 661 1630 quod
710 1581 932 1617 secundum
980 1578 1252 1616 variacionem
1305 1577 1432 1626 logice
1485 1586 1522 1614 et

207 1639 417 1688 opiniones
455 1639 496 1676 in
534 1639 612 1676 fide
653 1640 699 1675 de
738 1638 974 1676 necessitate
1014 1637 1241 1674 futurorum
1282 1645 1443 1684 oportet
1482 1635 1521 1671 in

207 1698 337 1735 forma
382 1697 576 1746 loquendi
621 1697 804 1734 homines
848 1696 1016 1738 variare,
1061 1704 1105 1731 ut
1149 1694 1204 1731 illi
1251 1694 1319 1743 qui
1365 1703 1522 1742 ponunt

207 1769 407 1793 summam
441 1756 668 1793 libertatem
703 1753 1043 1792 contradiccionis
1076 1755 1127 1790 ad
1159 1751 1430 1789 salvacionem
1461 1753 1522 1788 vel

208 1814 545 1863 dampnacionem
590 1814 631 1850 in
676 1826 920 1863 quocunque
966 1811 1128 1848 homine
1175 1812 1270 1847 dum
1314 1810 1370 1847 sic
1419 1810 1521 1855 viat3

207 1872 263 1909 illi
297 1872 495 1922 (inquam)
528 1881 734 1909 camerant
766 1873 887 1908 verba
910 1883 981 1907 sua
1005 1879 1042 1906 et
1065 1882 1225 1906 sensum
1250 1868 1520 1917 compositum

208 1940 245 1967 et
268 1930 453 1977 divisum,
483 1940 527 1967 ut
546 1943 628 1967 non
656 1939 733 1966 stat
756 1931 864 1979 quod
894 1928 1188 1977 predestinatus
1210 1928 1271 1964 vel
1295 1927 1521 1964 membrum

209 1988 374 2026 ecclesie
398 1988 448 2025 sit
472 1990 751 2037 dampnatum,
776 1987 868 2024 licet
890 1986 1080 2023 facillime
1105 1987 1332 2022 membrum
1357 1984 1523 2022 ecclesie

151 2050 166 2082 ζ’
207 2047 333 2095 possit
366 2047 578 2095 dampnari
612 2055 649 2083 et
681 2059 762 2083 non
796 2058 880 2082 esse
913 2046 1140 2081 membrum
1177 2043 1355 2080 ecclesie.

265 2104 342 2141 Alii
377 2113 512 2142 autem
555 2105 663 2152 (cum
699 2104 844 2153 quibus
877 2115 984 2140 nunc
1017 2105 1104 2151 ego)
1146 2101 1285 2138 dicunt
1318 2114 1361 2138 ex
1394 2103 1521 2139 deter-

209 2163 437 2200 minacione
478 2162 612 2199 divina
650 2162 929 2200 necessitatem
970 2159 1245 2210 quorumlibet
1277 2160 1520 2205 futurorum,

209 2230 246 2258 et
279 2221 334 2257 illi
367 2221 583 2270 imponunt
616 2222 737 2258 modo
776 2234 856 2270 quo
900 2219 1080 2268 loquitur
1119 2218 1319 2267 scriptura
1357 2219 1444 2255 Joh.
1486 2227 1522 2254 et

209 2279 275 2316 alii
315 2280 422 2328 quod
462 2279 552 2316 talis
591 2279 887 2328 predestinatus
925 2291 1007 2314 non
1046 2286 1176 2326 potest
1216 2276 1429 2325 dampnari
1462 2277 1522 2313 vel

153 2340 185 2371 Y-
210 2337 249 2374 in
290 2337 628 2386 dampnacionem
669 2337 804 2374 induci
842 2336 904 2373 vel
943 2349 965 2373 a
1004 2336 1176 2384 dyabolo
1218 2335 1273 2371 ita
1305 2334 1427 2382 tangi.
1475 2337 1523 2370 Et

209 2397 284 2432 hoc
318 2397 467 2432 bonum
502 2397 695 2432 habemus
728 2408 798 2444 pre
832 2395 972 2431 ceteris
1011 2395 1118 2443 quod
1158 2406 1372 2442 possumus
1405 2393 1523 2441 plane

209 2455 430 2490 concedere
463 2454 582 2491 fidem
617 2453 814 2502 scripture
848 2453 968 2489 modo
1001 2466 1081 2502 quo
1114 2452 1296 2488 Christus
1329 2450 1522 2499 loquitur,

208 2513 423 2558 johannes,
477 2513 623 2549 Paulus
676 2524 766 2548 cum
820 2511 974 2557 ceteris,
1029 2520 1071 2546 ut
1125 2509 1383 2547 concedimus
1431 2522 1522 2546 cum

279 2679 429 2716 3.f0ret;
448 2681 492 2707 A:
513 2682 567 2707 est.
642 2679 668 2707 8.
690 2680 718 2707 A
739 2680 768 2707 in
791 2687 905 2715 marg:
931 2679 1104 2707 Conclusio.
1182 2680 1266 2713 141:
1283 2679 1523 2714 presumvtorie.

211 2714 246 2741 15.
269 2715 310 2742 b:
339 2715 472 2742 membra
492 2715 575 2742 illius
595 2715 723 2742 ecclesie
741 2715 911 2741 militantis.
1030 2722 1071 2750 19,
1092 2722 1138 2741 20.
1158 2714 1183 2741 E
1203 2714 1233 2741 in
1254 2722 1368 2749 marg:
1421 2714 1528 2741 rexciti

209 2750 352 2776 continue
372 2752 444 2776 sunt
462 2749 588 2776 turbati.
645 2748 687 2776 23.
708 2750 737 2777 1:
759 2749 924 2784 opinionis.
982 2748 1023 2776 25.
1044 2750 1073 2776 A
1093 2749 1122 2776 in
1145 2757 1260 2784 marg:
1282 2748 1385 2776 Prima
1407 2749 1523 2783 opinio.

210 2784 255 2811 28.
277 2784 350 2811 AD:
372 2789 488 2811 noscat.
544 2791 590 2818 29.
613 2783 713 2811 ADE:
735 2784 861 2811 ecclesie
880 2784 980 2818 deest3
1002 2783 1042 2811 ib.
1063 2783 1088 2810 E
1107 2783 1137 2811 in
1159 2791 1272 2819 marg:
1295 2783 1526 2810 Predestinatus

209 2826 269 2846 non
279 2821 384 2854 potest
396 2818 569 2854 dampnari.
642 2817 681 2846 31.
698 2819 727 2845 A
740 2818 771 2846 in
786 2827 882 2853 marg.
896 2829 901 2845 z
916 2818 1057 2846 Secunda
1072 2819 1189 2853 opinio.
1263 2817 1305 2846 33.
1320 2819 1349 2845 A
1363 2819 1393 2845 in
1410 2825 1505 2852 marg.
1518 2827 1524 2845 τ

213 2853 304 2891 Quod
321 2854 424 2881 omnia
444 2861 503 2889 que
522 2853 664 2880 evenient
680 2854 856 2881 necessario
877 2854 1024 2881 evenient.
1114 2852 1154 2880 35.
1177 2853 1260 2880 DEI:
1281 2853 1523 2888 temptacionem.

211 2886 256 2915 30.
278 2888 306 2915 1:
334 2888 372 2914 ha
394 2896 476 2915 emus
492 2896 552 2923 pre
570 2888 690 2915 ceteris.
766 2887 809 2915 38.
831 2889 874 2915 A:
903 2892 936 2915 ut
954 2889 1048 2915 deest.

1577 770 1636 798 We
1656 777 1767 799 cannot

1548 805 1637 832 know
1659 808 1797 834 whether

1613 849 1657 868 we
1677 850 1728 869 are

1533 876 1688 903 members
1708 877 1743 903 of
1759 877 1809 904 the

1605 910 1741 940 Church.

1600 1587 1628 1614 A
1650 1586 1749 1614 man's

1572 1622 1721 1656 language
1742 1629 1781 1648 on

1537 1656 1597 1684 this
1613 1656 1699 1691 point
1715 1656 1813 1683 varies

1537 1691 1704 1729 according
1717 1695 1747 1718 to
1764 1691 1811 1718 his

1608 1726 1696 1753 belief
1717 1726 1746 1753 in

1597 1761 1758 1797 necessity.

1556 2109 1614 2137 We
1635 2109 1706 2137 hold
1728 2110 1792 2136 that

1537 2145 1586 2172 the
1607 2144 1812 2180 predestinate

1589 2183 1701 2206 cannot
1724 2180 1758 2206 be

1584 2214 1716 2249 brought
1735 2219 1765 2241 to

1580 2250 1769 2276 damnation.
