2062 3276
212 874 250 894 10

210 1154 246 1186 15

270 233 405 262 SERMO
426 222 552 280 xxm]
750 237 941 276 QUARTA
969 237 1094 269 PARS.

267 342 328 379 vie
372 352 408 379 et
455 342 537 379 dies
587 351 669 379 etas
709 352 863 387 octava,
904 352 1014 391 patet
1053 344 1160 391 quod
1202 351 1331 379 totum
1379 342 1581 379 residuum

269 401 464 449 temporis
499 414 625 449 usque
659 402 707 438 ad
743 401 847 437 diem
883 400 1019 437 iudicii
1055 409 1112 436 est
1136 401 1197 437 vix
1230 413 1310 437 una
1344 401 1456 436 hora.
1492 402 1583 437 Ideo

269 458 366 495 dicit
398 460 616 508 Apostolus
661 468 704 495 ut
748 471 869 507 supra
913 459 1022 506 quod
1067 459 1164 494 hora
1211 465 1267 495 est
1310 458 1384 494 iam
1433 470 1500 493 nos
1539 460 1585 494 de

267 529 427 566 sompno
450 529 628 568 surgere.
656 519 703 552 Et
726 516 980 565 Evangelista
1004 518 1030 552 Ι.
1054 517 1140 553 Joh.
1167 519 1233 563 110,
1266 517 1332 552 18:
1363 516 1584 552 Novissima

267 575 364 610 hora
417 583 484 619 est,
537 575 628 611 ideo
682 587 844 611 necesse
898 583 955 610 est
1004 574 1318 611 christianorum
1366 573 1583 610 exercitum

268 641 305 668 et
329 633 553 682 quamlibet
587 632 670 669 eius
704 645 917 680 personam
948 631 1125 680 vigilare,
1161 632 1311 669 armari
1346 641 1382 668 et
1405 645 1585 680 pugnare

266 691 446 728 viriliter.
494 692 585 727 Ideo
625 690 722 727 dicit
755 691 939 727 Christus
973 691 1114 727 Matth.
1149 692 1265 736 XXV,
1298 690 1364 726 13:
1406 690 1586 740 Vigilate,

267 749 352 796 quia
385 749 536 785 nescitis
559 749 657 784 diem
691 748 829 784 iudicii
863 760 980 797 neque
1012 749 1148 784 horam
1184 748 1339 785 mortis,
1373 749 1475 784 Nam
1510 747 1585 785 ista

267 807 346 843 duo
380 816 416 843 et
441 806 738 855 predestinacio
771 815 861 842 sunt
885 819 929 843 ex
952 805 1044 842 hinc
1080 806 1195 843 nobis
1229 805 1446 854 incognita.
1483 807 1583 842 Cum

265 873 398 901 autem
434 865 509 901 ista
543 877 676 913 pugna
715 864 764 901 sit
799 863 1033 912 spiritualis,
1068 873 1178 912 patet
1211 865 1320 913 quod
1354 863 1436 900 eius
1471 876 1584 900 arma

265 924 411 959 debent
444 935 529 959 esse
565 922 790 971 spiritualia
823 930 860 958 et
885 934 956 970 per
989 934 1238 971 consequens
1261 922 1447 968 virtutes3
1482 922 1584 958 sicut

263 990 374 1028 patet
397 982 445 1018 de
474 993 539 1018 sex
568 980 784 1018 armaturis
809 980 894 1023 Dei,
922 981 969 1016 de
994 979 1139 1028 quibus
1162 980 1341 1029 loquitur
1364 981 1582 1028 Apostolus

264 1040 314 1075 ad
347 1040 527 1088 Ephesos
559 1041 646 1085 VIO,
687 1051 864 1086 14-17,
909 1037 1061 1074 scilicet
1095 1040 1142 1075 de
1186 1040 1303 1089 galea
1348 1038 1496 1082 salutis,
1543 1047 1580 1074 et

264 1097 385 1134 lorica
419 1098 577 1145 iusticie,
611 1099 660 1134 de
691 1096 922 1146 scutofidei,
956 1097 1004 1133 de
1038 1095 1198 1144 cingulo
1223 1096 1476 1133 continencie
1500 1109 1580 1145 quo

265 1155 413 1192 lumbos
436 1156 708 1206 succingimus,
740 1155 786 1191 de
816 1154 1054 1191 calceacione
1072 1156 1217 1204 pedum
1241 1155 1277 1191 iu
1295 1155 1584 1204 preparacione

265 1215 458 1265 evangelii
494 1214 618 1263 pacis,
664 1222 701 1250 et
745 1222 852 1249 sexta
898 1221 1106 1249 armatura
1151 1212 1329 1249 invasiva
1374 1221 1465 1261 post
1511 1214 1583 1249 hec

265 1272 442 1321 quinque
466 1272 667 1308 defensiva
691 1284 810 1320 quam
836 1271 1054 1319 Apostolus
1078 1280 1196 1308 vocat
1218 1269 1398 1321 gladium
1423 1271 1584 1320 spiritus

264 1331 328 1378 qui
359 1338 413 1366 est
446 1331 604 1367 verbum
637 1329 714 1367 Dei
746 1332 805 1375 (ut
838 1329 1085 1377 Augustinus
1119 1329 1280 1377 exponit
1314 1329 1353 1365 in
1387 1328 1490 1365 libro
1521 1330 1583 1365 Ad

264 1388 458 1436 Spiritum
485 1390 711 1434 Sanctum).
745 1386 894 1424 Omnia
926 1395 1060 1423 autem
1095 1388 1167 1424 hec
1196 1389 1394 1424 habentur
1425 1387 1456 1423 si
1487 1386 1583 1424 assit

264 1446 410 1483 caritas
448 1455 659 1494 tamquam
699 1444 836 1482 tunica
875 1453 1093 1483 armature.
1139 1447 1317 1482 Moveret
1357 1454 1491 1482 autem
1531 1446 1581 1481 ad

262 1504 537 1552 arripiendum
559 1506 631 1540 hec
647 1516 760 1540 arma
783 1512 987 1540 armature
1003 1503 1187 1549 facilitas,
1212 1502 1357 1552 premii
1373 1502 1580 1549 securitas,

261 1563 466 1611 pugnandi
505 1561 735 1607 necessitas,
783 1561 1032 1598 condicionis
1078 1561 1267 1598 nobilitas
1308 1570 1345 1598 et
1384 1560 1580 1609 triumphi

262 1620 428 1657 utilitas.
462 1623 531 1657 Est
555 1620 661 1658 enim
686 1619 802 1657 facile
835 1620 1044 1668 acquirere
1077 1620 1153 1657 ista
1187 1633 1313 1666 arma,
1349 1632 1438 1656 cum
1464 1619 1580 1656 facile

262 1678 312 1715 sit
335 1680 481 1716 habere
515 1678 767 1716 caritativam
797 1678 1047 1714 voluntatem
1084 1691 1127 1715 ex
1161 1690 1346 1715 sermone
1379 1677 1577 1726 proximo.

228 1735 339 1774 Ksed
372 1737 447 1774 ista
481 1737 617 1774 habita
650 1749 790 1773 omnes
823 1736 928 1773 dicte
961 1745 1166 1773 armature
1200 1745 1517 1785 consequuntur.

318 1798 400 1832 Nec
434 1804 592 1832 moveat
625 1796 734 1844 quod
767 1795 874 1831 solus
908 1797 1013 1831 Deus
1059 1796 1127 1831 dat
1172 1795 1383 1831 caritatem
1429 1803 1467 1831 et
1507 1806 1578 1842 per

262 1866 511 1902 consequens
544 1853 828 1890 difficillimum
864 1861 921 1889 est
956 1854 1102 1889 habere
1137 1853 1391 1889 caritativam
1434 1853 1575 1889 volun-

261 1920 399 1958 tatem,
435 1912 529 1960 quia
562 1911 725 1947 difficile
750 1920 806 1947 est
827 1910 1075 1947 obnubilatis
1099 1911 1274 1947 tenebris
1298 1920 1574 1959 peccatorum,

261 1971 330 2006 sed
362 1970 478 2006 facile
510 1969 765 2017 vigilantibus
789 1971 838 2005 ad
863 1969 967 2005 fores
990 1969 1090 2005 lucis
1115 1977 1262 2014 eterne,
1296 1978 1353 2015 ut,
1385 1968 1576 2005 existente

204 2027 219 2058 Γ
261 2041 352 2065 aere
384 2041 525 2065 sereno
560 2036 596 2064 et
629 2027 820 2063 existente
854 2027 937 2063 sole
962 2027 1001 2062 in
1024 2036 1164 2063 nostro
1189 2027 1419 2075 emisperio,
1455 2026 1573 2063 facile

261 2095 318 2123 est
347 2085 580 2123 domesticis
615 2086 762 2122 habere
795 2086 932 2122 lumen
965 2085 1186 2133 aperiendo
1220 2086 1449 2132 fenestram,
1484 2085 1576 2122 licet

260 2145 324 2181 lux
356 2145 486 2181 solum
521 2157 542 2181 a
566 2145 650 2180 sole
674 2143 801 2180 active
825 2143 1058 2192 proveniat3
1094 2145 1460 2192 correspondentes
1484 2156 1575 2180 eum

260 2203 319 2239 sol
352 2202 510 2239 iusticie
543 2215 625 2238 non
658 2210 794 2250 posset
826 2202 1013 2238 occidere
1046 2202 1107 2239 vel
1140 2203 1189 2238 ab
1224 2201 1497 2238 irradiacione
1532 2214 1577 2238 ex

260 2269 374 2308 parte
419 2261 480 2297 sui
526 2260 709 2305 deficere,
756 2273 838 2296 non
884 2269 1008 2297 restat
1056 2259 1131 2296 nisi
1180 2259 1338 2308 aperire
1384 2260 1577 2297 fenestras

260 2318 392 2355 anime
427 2327 464 2356 et
497 2331 567 2367 per
601 2331 850 2367 consequens
883 2319 1019 2355 lumen
1063 2318 1195 2365 gracie
1240 2327 1298 2355 est
1344 2318 1577 2366 dispositive

329 2473 354 2492 2.
376 2464 449 2492 DG:
471 2468 514 2492 est
533 2465 589 2493 vie.
671 2463 696 2493 3.
717 2466 761 2493 A:
783 2464 947 2501 Apostolus
967 2465 1018 2492 ubi
1037 2465 1145 2492 thema.
1228 2474 1256 2499 4.
1279 2464 1352 2492 DG:
1374 2463 1577 2499 Evangelz'sta

258 2508 407 2527 sermone.
510 2501 537 2527 6.
560 2500 633 2527 DG:
660 2508 804 2529 armare:
828 2500 868 2527 ib.
891 2500 964 2527 DG:
988 2508 1160 2536 pungnare
1261 2508 1286 2534 7.
1308 2499 1382 2527 DG:
1410 2499 1518 2526 illaltlz.
1540 2499 1576 2527 ll.

259 2536 286 2562 8.
309 2534 383 2561 DG:
410 2535 489 2562 diem
516 2535 616 2567 deest;
643 2535 683 2562 ib.
706 2535 750 2563 H:
778 2535 889 2562 iudicii
913 2535 1006 2562 deest.
1111 2534 1138 2569 8,
1160 2542 1188 2569 9.
1211 2534 1286 2561 DG:
1314 2534 1395 2561 Nota
1421 2535 1478 2561 ista
1504 2534 1575 2562 duo.

260 2578 288 2605 9.
310 2570 384 2597 DG:
408 2570 600 2605 presciencia
621 2573 658 2596 et.
794 2569 831 2597 13.
852 2569 927 2597 AH:
954 2569 996 2596 (τά
1014 2570 1108 2596 deest.
1236 2577 1277 2604 19.
1300 2569 1373 2596 DG:
1400 2570 1455 2596 ltec
1475 2570 1575 2602 dcem

259 2612 305 2632 20.
318 2607 494 2637 armature;
508 2604 532 2630 I)
545 2604 630 2631 addit
641 2604 799 2639 :facilitas
806 2605 931 2644 premii,
943 2605 1092 2631 securz'las
1102 2604 1307 2644 pungnandi:
1321 2604 1362 2631 ib.
1376 2604 1431 2631 Do
1443 2614 1449 2631 :
1461 2603 1576 2632 Movet.

257 2648 297 2666 21.
313 2641 357 2667 A:
401 2639 486 2666 remi.
542 2646 586 2665 22.
602 2639 676 2666 DG:
691 2639 906 2669 condiciones:
925 2640 948 2666 Η
962 2649 966 2666 ;
981 2647 1087 2674 pugne
1101 2639 1266 2671 nobzlitas;
1286 2639 1326 2667 ib.
1344 2639 1383 2666 l):
1399 2639 1573 2666 nobilitans.

259 2674 303 2702 28.
325 2674 348 2701 D
393 2684 398 2701 ι
426 2673 620 2701 obumbratis.
736 2682 783 2709 29.
807 2675 829 2701 l)
852 2674 881 2701 in
904 2682 1018 2708 marga
1050 2673 1209 2709 Quomodo
1229 2676 1389 2700 armatura
1409 2676 1452 2700 est
1462 2673 1577 2709 facilis

259 2709 396 2744 exemplo
421 2709 494 2735 solis
509 2709 614 2743 facile
641 2708 834 2740 irradianu's,
863 2709 1016 2770 &comodo
1042 2716 1148 2735 secura
1175 2711 1209 2735 ut
1232 2709 1317 2735 nulla
1342 2716 1456 2736 nocere
1484 2711 1579 2744 queat

259 2746 413 2771 creatura.
487 2742 532 2770 30.
553 2743 596 2770 D:
622 2744 701 2770 solo.
774 2742 810 2770 31.
832 2744 860 2771 A
895 2743 937 2771 G:
960 2747 1003 2770 est
1021 2743 1110 2776 liiizc,·
1130 2743 1242 2770 habere
1262 2743 1363 2770 deest:
1384 2743 1424 2771 ib.
1440 2744 1484 2770 A:
1505 2743 1578 2770 licet

259 2779 363 2812 twice;
391 2778 434 2806 H:
462 2778 517 2805 sed
535 2785 601 2805 cum
621 2779 682 2805 lux.
756 2776 799 2805 32.
820 2778 863 2806 D:
885 2779 1059 2814 perveniat.

331 2864 360 2898 3.
386 2863 488 2895 Rom.
510 2862 595 2902 XIII,
620 2873 668 2896 11.
770 2861 818 2896 18.
846 2864 878 2897 S.
907 2862 1090 2905 Augustini
1119 2863 1211 2905 Opp.
1238 2868 1321 2894 tom.
1350 2862 1405 2902 IV,
1435 2860 1509 2895 385,

1601 1812 1672 1840 God
1694 1813 1766 1849 only
1786 1814 1870 1849 gives

1597 1848 1729 1884 charity,
1753 1850 1804 1876 but
1826 1849 1872 1876 He

1613 1882 1699 1917 gives
1719 1883 1742 1910 it
1762 1888 1794 1910 to
1815 1885 1852 1911 all

1596 1918 1667 1944 who
1683 1918 1743 1957 will
1759 1924 1865 1954 accept

1712 1957 1745 1980 1t.
