2062 3276
166 266 246 301 204
749 265 972 296 JoHANle
990 264 1175 295 WYCLIF
1195 264 1450 295 SERMONUM
1490 250 1641 308 [SERMO
1660 261 1767 289 XXIII-

163 379 229 406 The
251 379 382 405 warmth
404 379 438 405 of
513 372 634 408 Calor
688 370 814 407 eciam
870 370 1019 407 amoris
1065 382 1182 418 quem
1236 371 1473 406 haberemus
1524 371 1572 406 de
1618 370 1768 419 duplici

182 414 417 475 (j‘flssisssogffoffid
455 431 628 466 adventu
652 428 800 465 Christi
825 429 1021 477 digereret
1054 428 1291 465 affecciones
1325 427 1610 476 temporalium
1644 428 1769 464 instar

164 483 528 544 ²¹b5233ss50123¹cj1ss¹l¹¹0¹‘sui,
587 500 636 524 ne
693 499 966 535 preponamus
1020 486 1182 523 Christo
1244 485 1465 522 mundialia
1526 485 1566 521 in
1628 498 1768 522 amore

454 546 622 582 Matthei
646 547 713 591 XO,
742 546 811 593 37:
843 545 920 589 Qui
950 552 1054 580 amat
1081 552 1237 594 patrem
1270 552 1335 580 aut
1359 551 1522 579 matrem
1541 544 1633 593 plus
1655 556 1768 592 quam

454 617 513 640 me
551 616 623 640 non
661 611 717 639 est
755 616 814 638 me
847 603 1001 652 dignus,
1042 611 1079 638 et
1118 602 1174 639 sic
1215 603 1263 638 de
1303 601 1385 638 filio
1426 611 1462 638 et
1502 601 1584 638 filia
1624 610 1660 638 et
1699 603 1801 650 per*

454 674 703 710 consequens
734 663 781 697 de
807 660 985 708 qualibet
1010 669 1205 697 creatura.
1240 661 1366 696 Debet
1391 660 1496 696 enim
1528 659 1768 696 christianus

454 720 493 757 in
539 732 658 756 causa
698 719 769 755 Dei
810 719 897 766 plus
936 727 1041 754 stare
1081 731 1153 766 pro
1192 718 1359 754 veritate
1399 727 1435 754 et
1473 717 1646 754 utilitate
1694 717 1768 754 rei-

453 778 612 826 publice
646 789 767 825 quam
802 789 875 824 pro
909 775 1127 812 affeccione
1161 775 1364 824 personali
1405 777 1455 812 ad
1488 784 1674 824 parentes
1706 776 1767 812 vel

455 844 647 883 cognatos
700 834 871 870 maxime
921 834 1101 870 dilectos.
1155 833 1281 869 Aliter
1326 833 1432 870 enim
1478 833 1683 870 dormiunt
1715 833 1768 869 'in

455 902 635 942 peccato.

513 954 560 987 Et
594 952 665 987 hec
699 951 835 998 regula
868 959 1117 998 preservaret
1151 949 1399 998 respublicas
1438 949 1475 985 in
1511 949 1654 997 quibus
1687 962 1767 986 non

455 1018 667 1058 caperetur
682 1008 854 1057 pecunia
868 1009 929 1044 vel
952 1007 1026 1044 sibi
1051 1007 1282 1056 equivalens
1306 1009 1355 1044 ad
1379 1007 1556 1056 aliquam
1580 1007 1767 1043 iniuriam

454 1067 737 1104 sufferendam.
772 1069 826 1102 Ex
849 1066 994 1103 talibus
1028 1065 1133 1102 enim
1168 1065 1332 1114 privatis
1366 1065 1592 1101 commodis
1614 1075 1768 1113 tempo-

456 1125 605 1162 ralibus
657 1124 875 1161 destruitur
925 1123 1153 1172 respublica
1201 1123 1420 1160 intoxicata
1478 1123 1639 1171 spissim
1699 1135 1768 1171 per

457 1192 680 1232 peccatum,
716 1196 794 1232 quo
827 1183 913 1219 solo
948 1182 989 1218 fit
1013 1194 1185 1230 persona
1210 1181 1385 1218 deterior
1418 1190 1454 1217 et
1478 1191 1768 1230 consequenter
1809 1181 1823 1213 ἶ

457 1241 699 1278 sensibiliter
738 1253 808 1289 per
841 1240 1007 1276 iniurias
1040 1240 1247 1276 sensitivas
1280 1241 1415 1288 quoad
1447 1241 1553 1276 bona
1587 1239 1767 1288 corporis

458 1301 562 1336 facta
596 1299 636 1335 in
668 1299 887 1347 proximos.

213 1362 310 1390 God's
331 1364 399 1390 love
517 1357 829 1394 Consideremus
862 1356 997 1404 itaque
1031 1356 1240 1392 caritatem
1275 1355 1346 1391 Dei
1385 1355 1510 1403 patris
1544 1368 1621 1403 qua
1661 1355 1767 1391 misit

169 1398 586 1460 S¹tz¹¹¹1365²ffv¹ffl¹⁵finum
627 1428 742 1451 suum
777 1416 826 1451 ad
860 1414 1138 1451 redimendum
1174 1413 1299 1450 eciam
1340 1413 1524 1450 inimicos
1559 1422 1595 1449 et
1628 1426 1767 1449 accen-

195 1468 416 1495 ourenemies.
460 1476 603 1510 damur
637 1473 917 1521 exemplariter
949 1472 1038 1520 igne
1078 1472 1182 1508 illius
1223 1471 1401 1508 caritatis
1434 1473 1484 1507 ad
1518 1471 1765 1519 diligendum

460 1531 585 1568 eciam
640 1530 838 1577 inimicos,
893 1539 930 1567 et
975 1539 1069 1566 tunc
1115 1542 1158 1566 ex
1203 1529 1441 1566 condicione
1494 1529 1673 1565 caritatis
1719 1530 1766 1565 de

459 1589 633 1626 maximo
672 1588 836 1625 inimico
877 1587 1112 1624 habebimus
1152 1587 1347 1629 amicum;
1394 1588 1501 1635 quod
1542 1586 1597 1623 sic
1636 1596 1767 1623 osten-

460 1647 584 1684 ditur:
625 1646 766 1683 Omnis
806 1646 1020 1683 racionalis
1058 1658 1229 1694 persona
1269 1645 1384 1681 nobis
1424 1645 1676 1681 benefaciens
1709 1654 1767 1681 est

459 1716 501 1742 ut
534 1705 590 1742 sic
622 1705 737 1741 nobis
770 1704 913 1749 amica,
947 1705 1015 1740 sed
1049 1703 1179 1740 omnis
1212 1712 1376 1739 vocatus
1415 1702 1601 1739 inimicus
1634 1704 1767 1739 obser-

457 1763 564 1800 vanti
598 1763 807 1799 caritatem
841 1761 1038 1798 benefacit
1061 1761 1148 1803 sibi,
1173 1761 1267 1810 quia
1290 1762 1568 1809 persequendo
1598 1762 1769 1808 adauget
1811 1760 1822 1764 ”

460 1821 666 1861 meritum:
701 1834 794 1868 ergo
827 1820 958 1856 omnis
990 1819 1080 1856 talis
1120 1829 1176 1856 est
1215 1819 1368 1855 amicus
1407 1818 1634 1855 observanti
1668 1818 1767 1854 cari-

459 1889 595 1916 tatem.
630 1881 671 1915 In
705 1879 816 1915 cuius
849 1878 1006 1926 signum
1041 1877 1223 1914 Christus
1255 1876 1448 1913 Johannis
1476 1878 1619 1912 ΧΧῙΙΙΙΟ
1653 1885 1768 1912 vocat

457 1939 599 1974 Judam
641 1936 836 1973 amicum:
882 1937 1026 1983 Amice,
1067 1935 1208 1984 inquit,
1248 1936 1299 1970 ad
1336 1935 1427 1984 qnid
1460 1935 1623 1970 venisti?
1666 1935 1766 1970 Cum

460 2008 552 2043 ergo
586 1997 776 2031 debemus
810 2007 855 2031 eo
889 1995 977 2042 plus
1002 1996 1128 2029 Deum
1164 1993 1328 2040 diligere
1351 2005 1430 2040 quo
1463 1993 1618 2040 plurem
1650 1992 1768 2028 dilec-

460 2054 615 2090 cionem
661 2053 775 2089 nobis
814 2051 1046 2101 ostenderit,
1085 2060 1126 2087 ut
1158 2060 1267 2099 patet
1307 2063 1350 2086 ex
1382 2052 1558 2087 secundo
1597 2052 1800 2087 adventu?

460 2111 673 2147 coniuncto
707 2110 837 2158 primo
870 2110 909 2146 in
932 2122 1011 2158 quo
1036 2109 1223 2145 dominus
1245 2111 1356 2144 jesus
1380 2108 1560 2144 Christus
1589 2108 1768 2156 graciose

460 2169 662 2204 illustrans
696 2168 872 2204 animam
897 2167 1090 2211 illabitur,
1125 2168 1315 2203 debemus
1339 2168 1466 2202 Deum
1491 2167 1579 2214 plus
1604 2166 1769 2214 diligere

460 2236 497 2263 et
514 2239 582 2274 per
599 2238 846 2274 consequens
862 2225 1136 2262 renunciando
1160 2233 1327 2272 peccato
1345 2225 1451 2272 quod
1468 2226 1573 2260 Deus
1599 2224 1769 2260 maxime

460 2285 544 2321 odit
575 2284 804 2332 signancius
827 2283 1010 2331 vigilare3
1037 2283 1126 2319 ideo
1150 2282 1245 2319 dicit
1268 2282 1484 2330 Apostolus
1514 2282 1595 2327 (ubi
1619 2283 1768 2319 themai

531 2476 550 2495 1.
572 2468 670 2497 enim:
696 2467 737 2494 1›:
761 2467 845 2494 ecul:
873 2466 918 2493 G:
946 2467 1040 2493 deest.
1150 2474 1174 2493 2.
1197 2466 1238 2492 l):
1266 2465 1399 2499 digeret.
1506 2472 1532 2498 2,
1555 2463 1578 2490 3.
1602 2463 1645 2490 G:
1673 2463 1771 2490 instar

458 2504 568 2529 summi
583 2511 630 2530 ne.
710 2511 738 2532 4-
760 2500 833 2528 DG:
856 2501 961 2528 Jlaltlz.
983 2500 1059 2528 XVI.
1139 2501 1162 2528 5.
1184 2500 1257 2527 JJG:
1278 2499 1409 2526 secundo
1429 2499 1475 2525 de.
1554 2498 1580 2525 8.
1604 2498 1677 2525 DG:
1694 2505 1770 2532 pro-

460 2538 562 2564 babili.
630 2545 657 2565 0.
680 2536 753 2563 DG:
775 2536 962 2563 dileccionis.
1028 2544 1049 2562 11
1083 2535 1126 2562 H:
1147 2536 1292 2562 salvaret.
1355 2533 1392 2561 13.
1414 2532 1519 2560 ADG:
1538 2532 1771 2573 szfflficiendam:

461 2572 500 2599 ib.
531 2571 604 2598 le:
631 2568 732 2607 ⁴igitur
758 2571 896 2606 privatis.
1041 2569 1081 2597 16.
1110 2569 1214 2597 ADG:
1244 2577 1303 2604 pet·
1328 2569 1461 2595 iniurias
1485 2569 1647 2595 senxltivas
1673 2567 1768 2594 deest.

461 2614 568 2637 10-21.
585 2606 629 2633 H:
651 2609 681 2633 et
693 2605 899 2632 accendamur
914 2620 944 2624 ψ-
959 2605 1100 2632 inimicos
1115 2605 1209 2631 deest.
1266 2603 1308 2630 23.
1324 2603 1428 2630 ADG:
1451 2603 1619 2630 rat-ionalis
1637 2605 1749 2629 natura
1761 2611 1770 2630 .-

461 2641 501 2668 ib.
523 2640 595 2668 DG:
624 2640 823 2676 benefaciens
843 2640 936 2666 deest.
1027 2639 1069 2667 25.
1092 2639 1165 2666 DG:
1193 2638 1351 2673 benefacit
1367 2638 1427 2665 sibi
1443 2638 1515 2673 quia
1535 2638 1636 2669 deest;
1664 2637 1704 2663 ib.
1726 2636 1767 2663 D:

459 2675 644 2712 adaugetur.
719 2674 761 2709 25,
783 2675 828 2701 26.
851 2674 894 2701 H:
916 2674 1070 2713 benefacit
1091 2690 1119 2693 —
1139 2673 1210 2700 talis
1231 2673 1325 2699 deest.
1399 2672 1445 2706 26,
1462 2680 1505 2706 27.
1527 2671 1571 2698 H:
1594 2671 1772 2698 observanti

460 2710 618 2737 carimtem
639 2710 734 2737 deest.
797 2708 843 2736 28.
864 2709 908 2735 H:
929 2717 1058 2735 ammam
1078 2709 1188 2735 dicem.
1251 2715 1298 2743 29.
1320 2706 1394 2734 DG:
1416 2706 1557 2733 debemus-
1578 2706 1673 2733 Deum
1690 2706 1768 2740 plus.

461 2744 506 2772 30.
528 2744 602 2771 DG:
630 2743 779 2777 ostendit;
804 2744 847 2771 H:
876 2744 1071 2771 ostendebat:
1096 2743 1137 2770 ib.
1158 2743 1202 2769 H:
1230 2746 1261 2769 ut
1281 2742 1373 2769 deest.
1500 2740 1542 2768 32.
1564 2740 1608 2768 H:
1634 2740 1771 2767 animas:

461 2779 600 2806 illabitur·
620 2779 713 2806 deest.
786 2777 832 2811 34.
854 2778 895 2805 H:
916 2777 1159 2812 signisimnciux.

532 2886 584 2919 28.
611 2886 731 2916 Recte:
760 2884 877 2918 Matth.
904 2885 1022 2922 XXVI,
1052 2883 1103 2916 50.
