2062 3276
187 280 196 302 ¹
216 281 261 303 ¹0
763 275 987 308 ιῙΟΗΑΝΝΙΒ
1006 275 1190 308 WYCLIF
1211 274 1466 307 SERMONUM
1525 260 1677 319 [SERMO
1699 271 1779 299 XIII-

470 382 576 418 bona
607 380 683 417 nisi
717 380 894 428 mobilia,
940 383 1146 418 moderate
1191 389 1389 429 quantum
1435 380 1489 416 eis
1533 380 1607 416 fuit
1646 392 1782 416 neces-

468 438 619 476 sarium
653 452 743 475 cum
778 438 858 475 suis
891 439 1006 476 sociis
1039 440 1088 475 ad
1121 438 1311 476 alimenta
1344 447 1381 474 et
1412 446 1656 486 tegumenta,
1691 451 1782 474 curn

469 497 616 534 Paulus
660 498 728 534 dat
771 510 844 546 pro
889 497 1025 545 regula
1071 509 1081 532 1
1121 496 1224 534 Tim.
1258 497 1345 542 V10‚
1380 496 1423 532 8:
1469 496 1678 544 Habentes,
1724 495 1784 532 in-

200 562 280 590 This
300 561 327 590 is
346 562 431 600 what
470 555 569 603 quit,
614 555 797 591 alimenta
842 561 877 591 et
920 555 1053 603 quibus
1096 562 1279 606 tegamur
1323 554 1394 589 hiis
1438 554 1603 589 contenti
1638 566 1782 590 sumus.

178 596 448 659 Ψεῑξὴεᾞῇᾘθξῖνε
470 615 517 649 Et
550 612 605 649 sic
638 622 835 661 quantum
869 625 942 660 ego
975 611 1158 660 concipio
1190 611 1283 648 licet
1317 611 1463 648 curatis
1508 620 1545 647 et
1589 611 1784 659 episcopis
1804 614 1815 620 '

469 672 615 707 habere
648 670 886 718 temporalia
919 671 969 707 ad
1002 679 1159 706 tantum
1205 679 1242 706 et
1285 683 1366 706 non
1410 670 1533 716 ultra3
1579 678 1616 705 et
1659 681 1785 717 usque

469 730 519 765 ad
550 728 658 765 illam
693 741 924 765 mensuram
959 728 1066 764 dedit
1099 728 1272 776 populus
1306 727 1432 763 fidelis
1476 726 1666 775 apostolis
1711 728 1786 763 ele-

470 786 667 823 mosinam
721 795 757 822 et
809 799 890 822 non
942 786 1059 822 ultra.
1124 788 1251 822 Immo
1311 785 1342 821 si
1393 785 1581 822 voluisset
1633 784 1786 821 dedisse

470 843 656 892 amplius,
690 844 861 892 apostoli
894 856 975 880 non
999 843 1207 892 cepissent.
1241 846 1322 880 Nec
1345 843 1458 880 video
1482 844 1589 892 quod
1614 843 1786 891 populus

471 903 587 938 debet
622 903 716 938 dare
749 901 896 938 curatis
930 902 1189 938 elemosinam
1223 902 1328 938 ultra
1360 901 1470 937 illud.

241 967 391 996 Christis
529 961 606 996 Sed
640 960 854 996 difficultas
888 968 964 996 stat
998 969 1195 1008 quantum
1240 959 1331 996 licet
1376 958 1649 996 sacerdotibus
1695 971 1787 995 con-

187 1002 447 1072 ῂζξῗξρροξξξῖξξςά
472 1030 636 1066 gregare
668 1017 883 1066 pecuniam
929 1019 978 1054 ad
1024 1019 1130 1054 hunc
1174 1018 1309 1064 finem,
1356 1030 1446 1053 cum
1481 1016 1662 1054 Christus
1695 1029 1787 1064 sup-

226 1080 282 1100 200
303 1079 407 1108 pence.
470 1075 636 1124 ponitur
668 1075 932 1124 probabiliter
965 1076 1151 1113 habuisse
1184 1077 1379 1112 ducentos
1413 1074 1597 1111 denarios
1630 1074 1670 1110 in
1704 1087 1787 1111 ma-

471 1133 588 1170 nibus
622 1133 854 1170 Scariothis.

221 1199 281 1227 We
300 1203 414 1227 cannot
529 1194 571 1228 In
604 1191 687 1228 istis
719 1192 853 1228 nescio
887 1193 980 1228 dare
1014 1193 1206 1240 regulam,
1253 1205 1344 1229 cum
1389 1191 1597 1229 assistente
1644 1204 1788 1239 magna
1830 1195 1841 1227 ἶ

192 1235 309 1271 exactly
330 1235 408 1262 limit
428 1242 444 1260 a
577 1249 583 1255 -
666 1249 672 1255 -
842 1263 855 1269 ἢ
1039 1250 1045 1256 .
1060 1263 1070 1269 .
1471 1249 1477 1255 .
1561 1249 1568 1255 .
1678 1263 1689 1268 Ἰ
1753 1249 1760 1255 .

199 1270 303 1305 priest,
325 1270 376 1296 but
396 1269 432 1296 he
472 1250 727 1286 multitudine
762 1258 991 1286 sanctorum
1021 1251 1113 1286 hcet
1135 1251 1223 1298 plus
1247 1252 1294 1286 de
1318 1251 1596 1286 elemosinaria
1619 1262 1789 1297 pecunia

182 1303 714 1367 ss'ssvsgs'bdssffi'fJSCS‘Ofcongregare
749 1317 785 1344 et
820 1320 910 1344 cum
944 1307 1030 1345 aliis
1063 1308 1227 1356 paribus
1261 1309 1308 1344 de
1332 1307 1478 1344 minori
1502 1307 1673 1356 pecunia
1696 1320 1789 1344 con-

471 1365 628 1402 tentari.
666 1367 757 1402 Ideo
791 1374 927 1402 careat
957 1375 1118 1402 curatus
1142 1365 1356 1402 avariciam
1381 1375 1417 1402 et
1441 1365 1786 1414 dispensacionem

473 1436 564 1460 curn
609 1423 777 1460 terrenis
822 1433 859 1460 et
903 1423 1128 1472 specialiter
1172 1425 1219 1460 de
1264 1424 1378 1460 bonis
1425 1423 1699 1460 immobilibus
1751 1432 1789 1459 et

473 1481 643 1530 Spiritus
677 1483 846 1518 Sanctus
880 1481 1037 1518 docebit
1070 1482 1241 1530 qualiter
1285 1495 1376 1518 cum
1420 1481 1497 1518 illis
1536 1481 1698 1530 paribus
1731 1490 1789 1518 est

473 1541 693 1588 agendum3
735 1539 829 1588 quia
868 1541 1093 1577 sacerdotes
1133 1540 1197 1589 qui
1231 1540 1284 1576 sic
1325 1547 1411 1575 sunt
1430 1540 1514 1589 filii
1543 1540 1619 1576 Dei
1648 1539 1787 1589 spiritu

473 1598 549 1634 Dei
578 1605 753 1649 aguntur
784 1601 843 1643 (ut
876 1599 990 1634 docet
1022 1598 1238 1646 Apostolus
1271 1599 1320 1634 ad
1355 1599 1466 1634 Rom.
1490 1599 1611 1644 V1110‚
1643 1602 1717 1643 14).

209 1663 338 1702 Curates
358 1670 428 1698 may
531 1657 579 1692 Et
611 1665 719 1704 patet
742 1655 782 1691 in
806 1665 918 1704 parte
941 1656 1093 1692 solucio
1117 1657 1166 1692 ad
1191 1657 1265 1692 hoc
1288 1655 1457 1692 tercium
1482 1664 1785 1703 argumentum:

182 1697 573 1763 u.}r1{‘{e{{{{xf³1¹1¹g{d,Nam
608 1713 735 1750 curati
767 1713 953 1750 videntur
986 1715 1131 1750 habere
1174 1713 1293 1750 simul
1336 1713 1539 1750 racionem
1573 1713 1788 1750 elemosine

219 1762 414 1830 aii‘iutrffiaici?
450 1764 510 1807 'et
544 1771 746 1808 racionem
787 1771 908 1808 debiti
953 1784 995 1808 ex
1039 1785 1112 1808 suo
1155 1771 1289 1808 officio
1333 1771 1392 1821 (ut
1425 1773 1541 1808 docet
1572 1772 1788 1820 Apostolus
1831 1773 1843 1779 '

253 1837 380 1865 service.
482 1842 492 1865 1
535 1831 626 1866 Cor.
651 1829 730 1879 IX),
765 1829 891 1866 nichil
922 1838 1058 1866 tamen
1091 1831 1235 1866 debent
1269 1829 1444 1878 recipere
1477 1842 1498 1866 a
1531 1830 1681 1878 populo
1714 1828 1788 1865 nisi

475 1888 570 1923 dum
616 1887 796 1924 raciones
841 1887 914 1924 iste
959 1889 1009 1924 ad
1053 1887 1223 1924 invicem
1257 1897 1349 1924 sunt
1382 1887 1607 1924 commixte.
1652 1889 1700 1923 Et
1733 1886 1788 1923 sic

475 1945 589 1981 multi
622 1945 803 1982 homines
836 1947 885 1982 ad
918 1955 1077 1994 tempus
1109 1955 1279 1994 peccant
1309 1945 1350 1981 in
1383 1945 1612 1982 racionibus
1645 1944 1787 1982 talium

473 2003 796 2050 elemosinarum,
831 2012 868 2040 et
899 2012 1032 2041 tamen
1066 2005 1325 2052 postmodum
1350 2016 1392 2040 ex
1416 2003 1488 2040 Dei
1511 2002 1788 2040 misericordia

475 2063 702 2098 deserentes
735 2070 901 2110 peccata
932 2062 999 2098 illa
1033 2061 1268 2110 ewangelice
1313 2063 1362 2098 ad
1408 2074 1593 2109 magnam
1630 2061 1815 2097 edifica,

474 2119 629 2155 cionem
665 2119 828 2156 ecclesie
861 2129 998 2168 expost
1030 2119 1178 2158 vivunt.
1222 2122 1270 2155 Et
1313 2119 1368 2155 sic
1414 2118 1610 2167 contingit
1642 2131 1788 2167 pueros

474 2189 669 2225 pauperes
703 2178 752 2214 ad
790 2179 936 2225 gradus
980 2178 1208 2214 scolasticos
1253 2178 1441 2214 anhelare
1486 2186 1522 2213 et
1565 2186 1700 2214 tamen
1744 2188 1788 2212 ex

475 2235 735 2272 ordinacione
769 2235 903 2272 divina
936 2235 1021 2272 fieri
1053 2235 1294 2284 impotentes
1339 2248 1382 2271 ex
1426 2234 1617 2283 pauperie
1655 2234 1788 2271 officio

476 2293 581 2329 scole
614 2293 832 2330 intendere.
874 2295 951 2330 Sed
985 2293 1255 2330 communiter
1286 2293 1326 2329 in
1360 2305 1521 2329 assensu
1556 2291 1787 2329 huiusmodi

478 2349 520 2387 fit
552 2360 776 2399 peccatum.

187 2415 245 2445 We
267 2416 378 2444 should
401 2419 453 2442 not
532 2410 586 2444 Ex
630 2409 713 2445 istis
756 2409 913 2446 videtur
945 2411 1053 2458 quod
1097 2410 1252 2446 novella
1297 2408 1546 2446 mendicacio
1591 2407 1788 2456 episcopis

198 2453 265 2487 give
286 2459 396 2486 money
417 2456 447 2477 to
670 2467 676 2472 .
869 2481 876 2486 φ
944 2467 951 2473 .
1064 2467 1071 2473 .
1516 2467 1523 2473 .
1606 2466 1612 2472 .
1658 2467 1666 2472 .

255 2486 385 2521 fighting
474 2468 755 2513 guerrantibus
788 2480 810 2503 a
842 2467 1030 2503 fratribus
1063 2469 1293 2504 1ntroducta
1326 2476 1383 2504 est
1416 2480 1581 2503 omnmo
1604 2467 1789 2502 infunda-

255 2522 394 2555 bishops,

543 2576 567 2604 3.
588 2577 687 2604 Ami:
714 2577 771 2605 dat
789 2578 883 2606 deest.
1013 2587 1042 2612 4.
1064 2579 1148 2606 DEI:
1174 2578 1278 2606 simus.
1411 2578 1438 2605 6.
1460 2578 1484 2604 E
1504 2578 1532 2604 in
1555 2585 1668 2612 marg:
1698 2576 1787 2604 Nota.

474 2610 501 2639 8.
523 2612 580 2639 AI:
609 2613 749 2639 voluisse.
870 2621 898 2648 9.
919 2614 947 2640 1:
973 2614 1122 2648 apostolis
1140 2613 1270 2648 amplius
1288 2613 1440 2648 apostoli,·
1466 2614 1511 2640 A:
1539 2612 1677 2648 apos-loli
1694 2612 1787 2638 deest.

475 2654 508 2673 11.
531 2647 558 2673 1:
579 2648 818 2681 quantumlibet:
838 2648 877 2674 ib.
898 2648 953 2675 ΑΕ
974 2648 1003 2675 in
1026 2656 1140 2682 marg:
1161 2648 1349 2682 Difficultas.
1442 2647 1478 2675 15.
1500 2648 1523 2674 l.)
1546 2648 1575 2674 in
1598 2654 1693 2680 marg.
1716 2646 1786 2672 insa

477 2681 576 2716 Usque
589 2690 627 2716 qu
638 2685 734 2708 mlum
743 2686 846 2717 potest
859 2682 1006 2709 sacerdos
1019 2684 1056 2709 de
1063 2679 1200 2718 pecunia*
1213 2683 1364 2714 retinere;
1384 2683 1411 2709 Α
1427 2682 1455 2709 in
1473 2690 1586 2716 marg:
1607 2681 1786 2715 Responsio.

476 2718 514 2742 ιδ.
538 2716 561 2742 Ε
581 2716 609 2743 in
633 2724 745 2750 marg:
767 2717 858 2744 Nota.
934 2725 974 2753 ¹9·
997 2717 1037 2744 E:
1064 2717 1231 2743 mobilibus
1305 2725 1346 2744 22.
1370 2719 1413 2744 A:
1441 2719 1474 2743 ut
1491 2716 1575 2743 dicit.
1648 2715 1691 2742 25.
1714 2714 1737 2741 13
1758 2715 1786 2741 in

475 2758 588 2785 marg:
612 2750 703 2788 Nntfz.
766 2750 804 2779 31.
827 2755 953 2786 expost,·
972 2751 1012 2778 E:
1034 2759 1071 2778 ex
1091 2751 1185 2778 deest.
1246 2750 1288 2779 33.
1312 2752 1350 2778 E:
1368 2754 1518 2786 potentes
1574 2749 1620 2784 34.
1642 2751 1686 2777 A:
1707 2749 1792 2776 modi

475 2785 570 2812 deest.
644 2784 690 2812 30.
711 2786 740 2812 A
760 2786 789 2813 in
812 2794 926 2820 marg.:
952 2786 1124 2813 Conclusio.

546 2843 598 2877 ΞΓ).
626 2845 677 2876 Cf.
698 2846 748 2877 De
767 2846 987 2877 dissensione
1013 2856 1179 2887 paparum
1207 2846 1295 2885 (Pol.
1313 2846 1453 2886 XVorks,
1481 2846 1534 2879 ed.
1553 2844 1788 2885 Buddensieg,

475 2901 554 2935 pag.
584 2893 662 2934 3³74)
689 2899 721 2923 et
748 2892 942 2923 Cruciatarn
970 2893 1141 2935 (passim).
