2062 3276
251 232 396 259 selmo
418 221 524 279 1.x11.]
741 232 931 271 QUARTA
960 233 1086 263 PARS.

263 341 484 389 peccatoris
529 340 567 376 in
608 349 763 376 tantum
805 339 913 387 quod
954 339 1074 374 arbor
1113 337 1242 374 crucis
1282 338 1474 384 deputata
1515 345 1571 371 est

262 400 371 436 fatua
405 408 442 435 et
475 397 721 434 infructifera
754 395 999 441 infidelibus,
1035 397 1061 431 I.
1086 397 1176 432 Cor.
1203 398 1252 440 10,
1280 395 1327 430 23
1365 393 1570 430 scribitur:

261 458 343 493 Nos
364 465 490 493 autem
509 457 761 506 predicamus
781 454 977 490 Christum
1001 453 1246 503 crucifixum,
1266 452 1397 488 Judeis
1421 451 1571 500 quidem

260 515 501 560 scandulum,
539 514 718 565 gentibus
749 519 875 548 autem
909 511 1128 547 stulticiam.
1174 511 1285 548 Sicut
1318 510 1423 547 enim
1456 509 1571 546 Judei

230 572 521 610 5scandalizati
560 580 650 608 sunt
688 572 728 608 in
767 570 842 606 hoc
875 570 982 618 quod
1021 568 1304 605 crucifixerunt
1337 567 1571 612 Dominum,

261 632 317 668 sic
355 640 490 679 gentes
530 630 709 666 infideles
743 628 926 664 dixerunt
959 628 1067 676 quod
1100 626 1172 663 fuit
1205 638 1364 662 summa
1396 625 1573 661 stulticia

262 689 466 726 hominem
512 687 700 724 ordinare
745 699 785 723 se
830 686 960 734 ipsum
1012 685 1236 721 voluntarie
1287 683 1480 731 crucifigi,
1530 692 1573 719 ut

235 756 371 796 patet
403 748 451 783 de
484 748 591 794 Egea
625 745 733 782 cruci
763 742 767 796 Ι
799 744 944 792 figente
976 745 1194 780 Andream.

317 806 436 842 Tales
482 813 614 841 autem
661 803 844 852 graciose
894 801 1074 839 conversi
1125 801 1368 850 piofitentur
1412 798 1573 836 Christo

210 882 247 902 10
262 865 370 912 quod
404 872 537 912 preter
560 862 638 899 vite
670 860 896 898 necessaria
929 861 1060 897 ιοΙιιηι
1093 860 1218 896 onmia
1251 871 1318 895 sua
1343 858 1575 894 distribuere

258 922 497 971 pauperibus
532 920 722 957 membris
756 918 918 964 Christi,
958 920 1027 955 sed
1067 930 1156 954 cum
1198 916 1417 954 elemosina
1457 917 1574 953 debet

264 980 347 1016 fieri
388 981 436 1016 de
480 978 669 1028 propriis,
716 976 957 1027 promittunt
1002 989 1042 1013 se
1080 977 1212 1013 facere
1256 974 1573 1021 restitucionem,

263 1040 357 1075 dato
399 1039 505 1087 quod
544 1038 708 1086 aliquem
750 1036 1053 1086 desi-audancia,
1093 1043 1129 1071 et
1162 1033 1264 1071 sicut
1297 1033 1575 1070 defraudando

263 1105 481 1144 peccarunt
514 1095 554 1132 in
579 1097 719 1141 Deum,
754 1095 794 1131 in
824 1092 928 1131 cives
962 1094 1140 1139 celestes,
1174 1093 1213 1128 in
1248 1091 1449 1140 proximos
1474 1091 1575 1127 mili-

210 1163 392 1194 15tantes
432 1164 468 1191 et
507 1154 547 1190 in
586 1166 625 1190 se
664 1153 785 1202 ipsos,
826 1153 881 1189 ita
921 1160 1079 1200 oportet
1120 1151 1228 1200 quod
1269 1149 1481 1187 restituant
1515 1162 1573 1186 se-

264 1214 439 1249 cundum
474 1211 782 1260 quadruplicem
825 1210 1029 1248 racionem
1063 1209 1170 1246 iuxta
1203 1217 1378 1258 quatuor
1409 1208 1575 1245 virtutes

264 1270 488 1307 cardinales
522 1272 661 1307 doctas
700 1270 740 1306 in
781 1278 954 1318 quatuor
994 1266 1223 1316 evangeliis.
1264 1269 1311 1303 Et
1344 1276 1438 1303 tunc
1459 1267 1574 1315 facta

263 1337 319 1366 est
359 1330 464 1365 salus
497 1328 640 1375 domui,
679 1328 772 1376 quia
812 1327 961 1364 sanitas
995 1326 1128 1363 anime
1169 1325 1421 1371 confirmata,
1462 1324 1575 1361 cuius

265 1400 385 1425 causa
425 1385 662 1423 secundaria
702 1395 773 1432 est,
814 1385 906 1434 quia
947 1384 1080 1422 taliter
1121 1396 1337 1421 conversus
1382 1391 1436 1419 est
1463 1383 1576 1433 filius

208 1444 508 1485 zoimitatorius
539 1442 697 1482 Abrahe
728 1445 862 1492 quoad
897 1444 1030 1480 fidem.
1065 1443 1180 1479 Fides
1214 1442 1318 1478 enim
1355 1450 1411 1478 est
1445 1441 1576 1489 prima

264 1503 373 1541 racio
396 1502 554 1540 vivendi
578 1502 855 1551 spiritualiter,
881 1501 974 1550 quia
1003 1501 1167 1537 indubie
1201 1499 1434 1548 principalis
1468 1499 1576 1536 racio

264 1561 601 1611 prevaricacionis
641 1569 698 1597 est
731 1560 909 1597 defectus
944 1559 1048 1606 fidei,
1084 1572 1130 1596 eo
1164 1560 1273 1607 quod
1305 1570 1380 1595 nos
1425 1558 1577 1594 mundo

264 1620 389 1657 cecati
422 1620 551 1656 solum
586 1618 717 1655 sensui
755 1628 894 1656 nostro
928 1617 1136 1666 presencia
1168 1617 1346 1654 videntes
1379 1625 1421 1652 ut
1455 1615 1577 1653 bestie

265 1678 473 1715 deficimus
507 1690 528 1714 a
562 1677 712 1714 visione
746 1677 839 1713 fidei
872 1676 1084 1725 speculari.

208 1744 248 1776 25
323 1739 365 1773 In
403 1736 480 1772 isto
520 1735 726 1783 evangelio
765 1744 889 1772 restat
921 1736 1133 1772 ostendere
1167 1733 1375 1782 quomodo
1409 1731 1578 1769 ecclesia

266 1795 343 1832 fide
362 1795 548 1840 formata,
567 1795 743 1830 secundo
762 1806 838 1842 que
861 1793 995 1830 officia
1019 1802 1109 1830 sunt
1127 1792 1167 1828 in
1191 1790 1359 1828 ecclesia
1383 1790 1577 1836 facienda,

267 1862 303 1890 et
336 1852 462 1889 tercio
496 1865 572 1901 que
606 1851 707 1889 vicia
741 1860 833 1888 sunt
866 1852 915 1888 ab
950 1851 1118 1888 ecclesia
1151 1850 1352 1898 fugienda.

326 1913 394 1947 Est
445 1919 580 1947 autern
631 1909 781 1946 noticia
833 1909 925 1946 fidei
970 1909 1071 1946 visio
1116 1907 1349 1957 specularis.
1394 1908 1579 1943 Tradunt

268 1969 373 2006 enirn
415 1967 655 2018 perspectivi
689 1969 797 2017 quod
829 1967 1025 2016 contingit
1059 1980 1129 2016 per
1162 1966 1324 2015 specula
1358 1965 1418 2002 vel
1452 1964 1579 2001 diver-

211 2037 252 2069 30
267 2041 402 2065 sarum
448 2026 808 2075 dyaphoneitatum
864 2026 996 2063 media
1048 2026 1103 2062 sic
1156 2023 1315 2073 disponi
1368 2024 1476 2072 quod
1530 2024 1579 2059 ad

268 2094 627 2135 quantumcunque
690 2097 877 2133 magnam
927 2084 1166 2121 distanciam
1221 2091 1580 2132 quantumcunque

268 2157 390 2193 parva
434 2156 495 2180 res
541 2152 735 2191 appareat
781 2142 971 2180 notabilis
1010 2142 1260 2191 quantitatis,
1309 2151 1351 2177 ut
1392 2149 1501 2188 patet
1540 2138 1580 2175 in

269 2211 380 2252 parte
419 2203 466 2238 de
505 2202 669 2250 speculo
708 2214 788 2249 quo
829 2200 1022 2250 decrepiti
1060 2202 1197 2250 legunt
1235 2199 1371 2236 literas
1406 2197 1581 2234 minutas

269 2270 312 2297 ut
344 2261 525 2306 iuvenes;
560 2261 922 2308 correspondentes
955 2268 1114 2308 oportet
1155 2272 1198 2296 ex
1238 2258 1316 2295 fide
1349 2255 1581 2293 immediate

215 2327 253 2360 35
271 2331 414 2367 capere
455 2318 735 2355 credulitatem
776 2319 825 2355 ab
865 2331 945 2354 uno
985 2317 1090 2354 fideli
1130 2327 1171 2354 ut
1210 2316 1374 2364 speculo
1407 2315 1468 2351 vel
1502 2313 1581 2351 alio

272 2377 445 2414 mediate
479 2385 520 2413 ut
553 2376 632 2413 alio
666 2377 829 2425 speculo
854 2375 1060 2412 derivante
1094 2377 1143 2412 ad
1177 2374 1426 2423 proximum3
1462 2382 1498 2410 et
1527 2372 1583 2409 sic

271 2434 469 2484 gradatim
509 2447 718 2484 quousque
757 2434 991 2471 deveniatur
1024 2447 1094 2482 per
1126 2434 1245 2470 fidem
1286 2434 1335 2469 ad
1369 2431 1582 2468 minimum

272 2493 485 2530 articulum
531 2494 680 2530 factum
727 2493 766 2529 in
807 2492 946 2529 mundi
985 2491 1186 2540 principio
1226 2491 1287 2528 vel
1326 2491 1503 2527 fiendum
1544 2489 1584 2526 in

273 2551 355 2588 eius
379 2551 565 2598 termino,
599 2560 641 2587 ut
665 2560 775 2600 patet
799 2553 846 2588 de
876 2550 1086 2588 creacione
1112 2550 1249 2586 mundi
1280 2558 1317 2585 et
1340 2548 1402 2585 die
1432 2547 1582 2584 iudicii.

212 2629 257 2660 40
272 2612 375 2647 Nam
400 2622 502 2646 unus
525 2610 785 2660 interrogabit
802 2617 958 2660 patrem
984 2621 1093 2645 suum
1125 2616 1160 2645 et
1192 2608 1386 2644 nunciabit
1418 2607 1585 2643 maiores

272 2681 373 2714 suos,
406 2676 441 2706 et
474 2668 598 2705 dicent
629 2668 701 2705 sibi
721 2672 779 2714 (ut
806 2669 974 2705 docetur
998 2666 1302 2705 Deuteronomii
1326 2667 1501 2712 XXXIIO,
1527 2668 1582 2713 7),

172 731 247 762 Fol.

167 806 175 810 —
172 778 247 818 ³⁸44

343 2792 384 2820 25.
405 2792 437 2819 In
460 2800 572 2826 marg:
594 2790 674 2819 Nota
694 2792 777 2825 tria;
801 2791 841 2819 ib.
864 2791 1013 2824 ecclesm;
1032 2791 1126 2818 adde:
1147 2793 1200 2818 est.
1281 2790 1326 2818 28.
1347 2790 1380 2818 In
1402 2797 1513 2824 marg:
1537 2796 1583 2815 1111.

343 2875 375 2907 ς).
403 2864 454 2896 Cf.
481 2864 590 2896 Serm.
618 2863 656 2904 II,
684 2872 761 2906 292.

1606 803 1694 841 They
1715 804 1792 831 wish
1814 809 1844 831 to

1607 835 1695 866 make
1716 840 1845 866 ¹miends

1633 874 1681 901 tor
1700 874 1816 902 tol-mel

1668 917 1786 944 w1ong.

1631 1909 1717 1936 Fuith
1740 1910 1798 1936 like
1818 1918 1834 1935 a

1606 1946 1671 1973 lens
1693 1944 1799 1971 makes
1822 1953 1856 1970 us

1641 1988 1690 2007 see
1711 1979 1756 2006 sar
1777 1979 1821 2006 off

1600 2015 1704 2050 things
1726 2022 1758 2041 as
1780 2021 1862 2041 near.
