2062 3276
189 278 324 308 SERMO
345 267 414 326 vi]
664 281 853 320 QUARTA
884 280 1009 312 mas.

190 400 279 424 cum
328 387 410 424 istis
458 387 632 435 prelatis,
686 387 777 424 licet
829 386 1008 435 dyabolis
1062 396 1098 423 et
1150 386 1230 423 suis
1277 387 1511 435 ominibus:

190 445 478 493 desponsatus?

1741 275 1784 311 51

247 505 294 539 Et
326 512 524 552 quantum
558 504 607 539 ad
640 515 741 539 onus
775 502 951 548 ecclesie,
987 511 1096 550 patet
1130 515 1172 539 ex
1207 502 1283 539 fide
1307 502 1503 550 scripture
1520 511 1651 539 clu-ist's
1667 512 1792 546 religion

189 562 296 609 quod
331 561 478 598 Christi
512 560 647 608 religio
688 570 725 597 et
757 573 922 597 suorum
965 569 1021 596 est
1055 572 1193 597 cavere
1227 570 1270 597 ut
1302 574 1501 597 venenum

157 621 238 655 5ne
270 618 348 655 sint
381 618 565 655 fidelibus
597 618 768 655 onerosi.
814 620 915 654 Nam
956 631 1057 654 onus
1097 619 1175 655 tale
1209 618 1422 666 impediret
1456 632 1504 655 ne

189 689 320 713 sermo
344 676 489 713 Christi
512 689 534 713 a
557 676 637 712 suis
661 675 865 724 discipulis
895 684 1145 724 acceptetur3
1179 678 1284 712 unde
1308 676 1504 720 Christus,

190 734 279 771 licet
312 747 519 783 nunquam
553 733 819 782 acceptaverit
852 735 1102 781 corporalem
1137 734 1397 771 elemosinam
1431 734 1504 770 nisi

189 806 210 829 a
243 792 324 829 suis
358 792 586 829 domesticis
617 792 738 840 gratis
771 791 1067 829 conferentibus
1101 791 1186 828 sine
1228 805 1434 829 murmure
1468 801 1504 828 et

189 850 374 887 retribuit
406 850 482 886 illis
515 849 763 898 spiritualem
798 849 1058 886 elemosinam
1082 849 1285 886 infinitum
1310 851 1505 899 quodam-

136 910 309 944 iomodo
342 909 430 956 plus
462 909 674 954 valentem,
708 917 843 945 tamen
876 907 969 944 fecit
1001 908 1040 944 in
1065 908 1263 956 corporali
1287 907 1505 944 elemosina

189 966 358 1014 duplicis
390 966 450 1002 sui
483 966 652 1003 convivii
676 966 802 1014 patrie
827 979 1143 1014 recompensam.
1177 968 1210 1002 A
1234 979 1314 1015 quo
1340 967 1504 1002 edoctus

190 1025 334 1061 Paulus
367 1024 463 1060 dicit
496 1027 525 1060 ΙΙ
558 1025 696 1062 Thess,
731 1024 894 1060 ultimo:
928 1023 1216 1061 Denunciamus
1248 1032 1374 1060 autem
1400 1025 1504 1060 vobis

183 1083 336 1127 fratres
369 1090 407 1118 ut
439 1082 675 1118 subtrahatis
714 1094 780 1118 vos
819 1083 865 1118 ab
905 1082 1008 1118 omni
1028 1083 1168 1131 fratre
1199 1082 1419 1118 ambulante
1451 1082 1505 1118 in-

188 1141 365 1176 ordinate
396 1148 430 1176 et
463 1153 534 1176 non
568 1141 776 1177 secundum
810 1140 1061 1176 tradicionem
1095 1153 1207 1189 quam
1231 1148 1460 1190 acceperunt
1482 1153 1504 1176 a

136 1199 304 1237 15710bis.
357 1198 435 1248 Ipsi
480 1199 576 1234 enim
621 1198 725 1234 scitis
768 1199 1090 1247 quemadmodum
1142 1206 1318 1248 oporteat
1361 1198 1508 1234 imitari

189 1269 268 1299 nos,
301 1256 476 1305 quoniam
511 1269 582 1293 non
616 1256 771 1305 inquieti
789 1256 944 1305 suimus
983 1256 1083 1292 inter
1116 1269 1182 1293 vos
1220 1268 1338 1306 neque
1373 1257 1504 1306 gratis

161 1318 323 1364 §panem
371 1315 687 1351 manducavimus
731 1315 776 1350 ab
815 1314 942 1363 aliquo
980 1315 1048 1350 sea'
1080 1315 1115 1350 in
1149 1315 1282 1351 labore
1319 1322 1352 1350 et
1381 1314 1504 1366 [sati-

187 1373 350 1423 gacione
382 1381 490 1409 nocte
521 1380 555 1408 et
589 1373 649 1408 a’ie
681 1380 896 1421 operantes,
930 1384 974 1408 ne
1007 1385 1115 1422 quem
1151 1380 1320 1409 vestrum
1354 1385 1502 1423 grava-

189 1443 329 1467 remus.

131 1501 173 1522 20
245 1491 299 1525 Ex
332 1502 411 1537 quo
444 1497 551 1524 textu
586 1497 722 1535 patent
755 1488 830 1525 tria
863 1489 1042 1524 notanda
1080 1488 1163 1524 istis
1203 1488 1365 1536 privatis
1398 1488 1503 1524 ordi-

188 1546 303 1583 nibus
336 1546 382 1589 (si
413 1546 535 1583 velint
568 1548 803 1592 attendere),
838 1546 969 1594 primo
1003 1547 1111 1595 quod
1145 1547 1286 1583 fratres
1311 1548 1457 1583 debent
1481 1559 1503 1582 a

186 1605 304 1653 globo
337 1605 504 1642 fratrum
538 1617 578 1640 se
611 1604 810 1641 abstinere
849 1604 916 1652 qui
957 1605 1056 1640 hanc
1096 1605 1274 1652 regulam
1315 1604 1503 1652 apostoli-

187 1676 274 1699 cam
308 1676 388 1699 non
419 1664 652 1704 observant;
685 1676 765 1711 quo
798 1672 954 1699 servato
988 1663 1129 1710 globus
1154 1662 1320 1698 istorum
1346 1672 1504 1710 aposta-

186 1730 319 1757 tarum
357 1734 436 1757 non
481 1721 583 1757 foret
621 1720 676 1757 sic
715 1720 988 1768 irregulariter
1027 1730 1304 1769 congregatus.
1351 1722 1399 1756 Et
1432 1722 1503 1756 hec

131 1779 294 1816 251-:1ei0
327 1792 450 1828 quare
483 1779 646 1828 quidam
682 1778 854 1827 religiosi
893 1792 933 1815 se
973 1779 1211 1815 abstrahunt
1250 1791 1271 1815 a
1316 1778 1504 1815 comitiva

189 1846 225 1873 et
259 1837 633 1874 communicacione
665 1836 922 1873 intoxicativa
954 1838 1097 1872 horum
1132 1838 1314 1873 fratrum.

246 1897 430 1931 Secundo
475 1904 585 1943 patet
630 1907 673 1931 ex
718 1894 824 1931 dicto
856 1895 1036 1942 Apostoli
1082 1896 1187 1943 quod
1224 1895 1377 1933 ,fratres
1423 1907 1502 1930 non

187 1955 371 1990 obstante
410 1952 713 2000 dispensacione
751 1952 885 2000 papali
931 1954 990 1989 vel
1028 1952 1268 1989 auctoritate
1307 1952 1366 1988 sui
1410 1952 1502 1989 novi

187 2011 337 2047 ordinis
371 2012 516 2047 debent
548 2023 704 2047 servare
737 2011 777 2046 in
810 2010 894 2046 istis
926 2012 1104 2059 regulam
1139 2024 1259 2059 quam
1285 2011 1503 2058 Apostolus

131 2072 172 2104 30
187 2069 261 2105 illis
295 2071 430 2106 donat.
466 2070 556 2105 Ideo
590 2068 684 2105 dicit
717 2070 825 2117 quod
859 2078 1018 2116 oportet
1051 2068 1089 2104 in
1114 2070 1251 2105 labore
1277 2078 1313 2105 et
1336 2068 1502 2105 omnino

187 2127 225 2163 in
258 2140 338 2164 non
370 2127 606 2175 gravacione
648 2127 784 2175 populi
823 2128 1027 2174 apostolos
1064 2127 1232 2166 imitari:
1278 2127 1367 2163 ideo
1408 2126 1503 2163 dicit

186 2186 402 2233 Apostolus
435 2186 543 2235 quod
576 2185 630 2221 sic
662 2184 755 2221 vixit
787 2194 829 2220 ut
851 2186 1031 2234 sormam
1056 2186 1168 2222 daret
1189 2185 1430 2234 sequentibus
1453 2186 1504 2220 ad

185 2243 308 2293 ipsum
343 2243 382 2279 in
414 2243 583 2280 vivendo
616 2242 798 2279 similiter
831 2243 1070 2279 imitandum.

244 2303 292 2337 Et
324 2301 448 2338 tercio
482 2310 591 2349 patet
624 2303 732 2350 quod
765 2301 1001 2337 imminente
1035 2314 1128 2338 casu
1163 2314 1243 2350 quo
1267 2313 1310 2337 ex
1333 2302 1499 2338 fratrum

131 2361 170 2395 35
187 2359 302 2407 copia
334 2360 506 2407 populus
539 2369 784 2407 gravaretur,
828 2360 1057 2396 laborarent
1104 2359 1287 2396 manibus
1335 2361 1502 2396 colendo

186 2426 333 2454 terram
367 2430 440 2465 pro
478 2417 558 2453 suis
591 2417 786 2454 fructibus
826 2419 1119 2466 preparandam
1159 2418 1218 2453 vel
1256 2417 1377 2454 alium
1418 2431 1503 2454 cor-

187 2476 365 2523 poralem
407 2476 586 2512 laborem
626 2488 746 2524 quem
786 2475 958 2523 Spiritus
998 2478 1169 2512 Sanctus
1215 2488 1280 2511 eos
1321 2476 1502 2512 docuerit

188 2542 426 2570 exercerent.
461 2534 525 2570 Sic
549 2533 652 2570 enim
679 2533 770 2570 fecit
792 2535 869 2570 Vas
894 2533 1118 2580 eleccionis,
1148 2533 1238 2570 licet
1261 2546 1340 2570 non
1365 2533 1503 2570 habuit

99 1294 159 1325 1³01

94 1340 157 1384 291⁴)

256 2679 280 2707 5.
301 2681 345 2707 A:
374 2679 536 2714 impedire!
557 2682 598 2706 ut.
731 2679 757 2707 8.
779 2681 824 2707 A:
853 2688 990 2707 murmur
1009 2683 1062 2706 est.
1195 2688 1235 2707 10.
1256 2681 1301 2707 A:
1330 2680 1500 2715 cmnseciA

189 2713 226 2741 13.
247 2714 271 2741 E
291 2715 320 2741 in
342 2723 456 2749 marg:
486 2713 738 2749 Ociosifratres.
858 2723 896 2750 ¹7·
918 2715 988 2742 DE:
1017 2715 1247 2742 manducamus.
1361 2724 1405 2742 20.
1428 2716 1452 2742 Ε
1473 2715 1500 2741 in

188 2757 302 2783 marg:
327 2749 402 2776 Tria
416 2749 619 2776 documenta:
639 2748 693 2776 ΑΕ
708 2749 737 2776 in
754 2757 867 2785 marg:
889 2757 912 2776 1.
969 2749 1009 2776 25.
1025 2750 1070 2776 A:
1092 2750 1216 2785 quidam
1237 2750 1330 2776 deest.
1388 2752 1432 2776 20.
1455 2753 1503 2777 el:

188 2783 227 2810 E:
249 2785 307 2813 vel.
398 2791 442 2817 Ξῖ.
464 2784 515 2810 ΑΙΞ
536 2784 564 2810 in
586 2792 701 2818 marg:
729 2791 757 2810 2.
848 2783 887 2812 31.
909 2783 979 2811 DE:
1000 2792 1060 2811 non
1082 2785 1174 2811 deest,
1267 2783 1308 2812 32.
1331 2784 1399 2811 DE:
1422 2786 1504 2819 quod

177 2818 332 2854 formam.
405 2818 452 2852 34.
474 2818 528 2846 ΑΕ
549 2819 578 2845 in
600 2826 715 2854 marg:
735 2827 778 2853 3;
803 2819 843 2846 ib.
865 2820 909 2846 A:
932 2822 1022 2854 pale!
1040 2827 1086 2846 ex.

264 2912 312 2933 12.
340 2902 376 2933 ΙΙ.
397 2901 520 2933 Thess,
549 2902 600 2943 ΙΙΙ,
628 2901 729 2933 6-8.
827 2903 880 2935 32.
907 2902 951 2934 ib.
978 2903 1015 2934 ΙΙ.
1042 2915 1073 2945 ¹)-

1533 547 1601 573 bids
1623 551 1675 574 not
1696 552 1725 574 to
1748 548 1782 573 be

1530 582 1738 608 burdeusome
1759 587 1788 609 to

1554 616 1603 642 the
1625 616 1757 643 faithful.

1576 1496 1655 1524 This
1675 1501 1736 1524 text

1541 1532 1663 1559 teaches
1682 1533 1769 1559 three

1595 1566 1716 1602 things:

1553 1610 1573 1629 1.
1594 1601 1661 1629 The
1681 1602 1769 1636 grear

1538 1636 1617 1672 body
1639 1637 1673 1663 ot*
1689 1637 1781 1664 friars

1529 1672 1596 1698 who
1619 1671 1709 1698 break
1732 1672 1793 1698 this

1532 1707 1594 1734 rule
1616 1706 1726 1733 should
1751 1707 1785 1733 bc

1583 1741 1726 1768 avoided.

1536 1903 1639 1930 Friars
1662 1903 1773 1930 should

1552 1938 1637 1964 work
1658 1946 1690 1964 as
1712 1938 1762 1965 did

1541 1973 1591 1999 the
1612 1974 1771 2007 Apostles.

1547 2309 1604 2335 and
1628 2310 1656 2337 in
1679 2317 1764 2336 some

1547 2352 1632 2370 cases
1652 2344 1762 2371 should

1554 2379 1661 2406 labour
1683 2379 1754 2405 with

1552 2414 1630 2440 their
1653 2413 1762 2441 hands.
