2062 3276
271 252 406 281 smnio
428 240 579 297 xxxin]
743 253 935 293 QUARTA
961 253 1086 284 PARS.
1796 252 1815 277 2
1826 243 1874 278 85

269 370 446 397 nostram
471 360 740 409 penitenciam
770 369 807 396 et
829 371 948 396 omne
978 371 1077 406 opus
1101 366 1282 394 nostrum
1317 357 1583 398 meritorium,

270 432 360 455 cum
394 418 458 454 ille
491 419 559 467 qui
592 431 757 467 peccare
791 430 871 454 non
904 417 1035 465 potuit
1068 425 1157 464 post
1191 415 1434 463 baptismum
1469 429 1583 452 suum

269 476 452 513 faciendo
486 477 754 525 penitenciam
794 476 890 511 illud
923 487 995 511 nos
1029 474 1176 510 docuit.
1212 476 1280 510 Est
1312 482 1446 509 autem
1480 473 1587 509 racio

270 535 386 571 huius
419 537 526 583 quod
557 534 748 584 quicquid
780 533 992 570 fecerimus
1024 545 1105 569 non
1137 531 1206 568 loti
1239 532 1314 568 isto
1348 531 1588 579 baptismate

237 598 350 630 ΞΗΟΠ
385 602 442 629 est
475 593 590 630 nobis
615 591 864 628 meritorium
895 590 1167 627 beatitudinis.
1203 589 1324 625 Cuius
1357 589 1498 637 triplex
1532 598 1587 625 est

270 651 399 697 racio3
445 651 594 699 prima:
640 652 751 699 Opus
785 663 864 686 non
905 658 962 685 est
1006 648 1255 684 meritorium
1301 646 1377 683 nisi
1417 660 1588 695 operans

271 710 448 757 placaret
482 709 705 745 dominum.
741 709 819 745 Sed
852 710 957 743 Deus
991 720 1072 743 non
1103 707 1285 754 placatur
1319 707 1387 741 sed
1421 705 1587 753 despicit

271 767 477 815 quodlibet
509 780 610 815 opus
643 767 792 803 factum
828 775 935 802 extra
969 764 1199 806 caritatem:
1235 777 1328 812 ergo
1369 763 1586 800 conclusio.

328 828 440 871 Item,
474 838 609 862 servus
633 824 787 861 domini
811 823 959 860 terreni
990 835 1225 871 presumens
1249 821 1442 868 officium⁷
1477 830 1586 857 antc—

217 900 255 920 10
271 897 391 932 quarn
427 883 613 920 dominus
659 891 840 930 acceptet
880 894 971 918 eum
1013 882 1063 917 ad
1102 881 1200 917 illud
1238 879 1406 916 incurrit
1449 888 1492 916 ut
1531 879 1586 915 sic

269 942 464 978 offensam
512 941 680 989 domini,
726 941 854 976 multo
901 939 1025 987 magis
1073 952 1166 987 ergo
1212 940 1288 974 hoc
1333 940 1380 974 de
1419 937 1586 974 domino

269 999 416 1036 celesti.

327 1060 438 1105 Item,
463 1070 582 1093 nemo
607 1065 783 1093 meretur
806 1056 881 1092 nisi
904 1055 943 1092 in
962 1064 1157 1104 quantum
1177 1055 1403 1091 membrum
1423 1053 1586 1091 ecclesie

269 1125 477 1165 tamquam
513 1115 738 1152 communis
770 1122 1010 1162 procurator
1043 1114 1185 1150 missus
1218 1114 1268 1149 ad
1290 1113 1584 1161 proficiendum

217 1174 343 1212 isssibi
376 1183 414 1210 et
446 1173 546 1219 aliis,
581 1175 648 1210 sed
683 1186 773 1209 cum
797 1172 929 1209 omnis
963 1172 1131 1208 existens
1165 1171 1205 1207 in
1238 1171 1396 1207 mortali
1431 1171 1480 1207 sit
1511 1171 1585 1207 ini-

269 1233 395 1269 micus
419 1232 592 1277 Domini,
627 1240 736 1279 patet
760 1232 867 1280 quod
902 1240 959 1267 est
990 1229 1251 1278 indispositus
1283 1231 1333 1266 ad
1366 1229 1585 1278 impetran-

269 1292 364 1327 dum
388 1290 607 1339 quicquam
641 1302 663 1325 a
686 1289 860 1325 Domino
893 1288 968 1325 nisi
991 1288 1093 1326 forte
1116 1287 1264 1324 fuerint
1287 1289 1393 1324 bona
1418 1287 1584 1324 minima

268 1358 336 1385 aut
375 1350 480 1385 bona
520 1348 664 1384 media.
710 1349 802 1384 Ideo
843 1347 941 1384 alias
981 1346 1150 1390 ostendi,
1191 1347 1299 1394 quod
1338 1346 1505 1382 existens
1544 1346 1583 1381 in

267 1416 432 1455 peccato
458 1405 618 1443 mortali
640 1415 780 1454 peccat
804 1405 991 1442 continue
1016 1404 1240 1442 mortaliter
1262 1403 1453 1453 quicquid
1476 1404 1582 1440 facit.

211 1481 252 1502 20
267 1466 323 1501 Ex
370 1478 449 1513 quo
498 1463 712 1501 correlarie
767 1463 947 1512 sequitur
999 1465 1108 1511 quod
1156 1462 1288 1499 omnis
1343 1462 1583 1498 christianus

267 1523 435 1560 existens
467 1523 508 1559 in
532 1522 692 1559 mortali
716 1531 882 1570 peccato
917 1522 1064 1558 actuali
1099 1531 1135 1558 et
1167 1520 1366 1568 obligatus
1400 1522 1449 1557 ad
1472 1520 1583 1568 peni—

266 1581 440 1618 tenciam
483 1580 799 1628 Quadragesime
843 1581 1113 1628 peragendam
1159 1588 1317 1615 tenetur
1359 1580 1431 1615 sub
1479 1591 1583 1627 pena

267 1639 421 1688 peccati
453 1639 544 1675 novi
579 1638 757 1675 mortalis
790 1638 957 1675 induere
990 1638 1257 1674 humilitatem
1292 1646 1329 1673 et
1351 1636 1583 1673 obedienter

267 1697 450 1734 confiteri
482 1706 648 1746 peccata
680 1710 764 1744 sua,
798 1706 841 1733 ut
873 1696 929 1733 sic
958 1696 999 1732 in
1030 1696 1194 1733 caritate
1219 1695 1401 1743 perficiat
1434 1695 1582 1731 dictam

211 1755 550 1804 25penitencia1n.
597 1755 725 1791 Aliter
765 1755 870 1791 enim
908 1764 1094 1803 peccaret
1139 1754 1363 1790 mortaliter
1400 1753 1583 1790 faciendo

267 1814 417 1851 dictam
451 1813 734 1862 penitenciam,
781 1822 824 1849 ut
865 1822 975 1861 patet
1014 1826 1057 1849 ex
1091 1811 1347 1849 conclusione
1387 1811 1582 1859 proxima.

326 1872 602 1909 Confirmatur
617 1873 882 1919 supponendo
894 1872 1003 1919 quod
1019 1871 1120 1907 sicut
1136 1870 1276 1918 triplex
1292 1879 1349 1906 est
1360 1879 1584 1918 peccatum,
1631 1876 1791 1917 Penitence
1813 1878 1842 1904 01

267 1930 417 1967 scilicet
440 1929 602 1977 diaboli,
629 1929 767 1965 mundi
791 1938 828 1966 et
851 1929 994 1975 carnis⁷
1019 1928 1074 1965 sic
1098 1938 1156 1965 est
1178 1928 1321 1976 triplex
1343 1928 1583 1976 penitencia,
1630 1913 1847 1986 Πῖξθῑῃξιᾷξῗῖ

269 1988 419 2025 scilicet
459 1988 594 2024 oracio
634 1996 773 2024 contra
813 1996 1023 2035 peccatum
1064 1986 1271 2035 spirituale
1305 1986 1468 2033 diaboli,
1511 1987 1587 2022 ele-
1645 1982 1836 2044 agadssffithe

0 1398 2 1404 <
0 1368 4 1386 Ἴ
0 1191 9 1350 -v-v—-0

213 2046 425 2086 Romosina
458 2055 597 2082 contra
644 2055 854 2094 peccatum
903 2045 1040 2081 mundi
1089 2058 1167 2093 quo
1212 2057 1328 2081 avare
1373 2043 1587 2081 iniuriatur

269 2104 465 2153 proximo,
500 2113 537 2140 et
566 2103 763 2140 ieiunium
794 2113 933 2140 contra
963 2112 1173 2152 peccatum
1208 2102 1339 2139 carnis
1363 2116 1442 2150 quo
1466 2103 1587 2139 homo

269 2172 408 2211 peccat
442 2162 590 2199 directe
613 2162 653 2198 in
677 2175 716 2198 se
739 2162 838 2210 ipso.
874 2164 1045 2210 Oportet
1069 2161 1174 2197 enim
1200 2162 1308 2209 quod
1330 2173 1434 2209 pena
1458 2173 1587 2197 corre-

270 2222 465 2269 spondeat
499 2221 658 2259 de'licto.
692 2220 966 2257 Confirmatur
998 2232 1041 2256 ex
1074 2219 1189 2255 dictis
1222 2219 1404 2267 Apostoli
1438 2221 1464 2255 I.
1496 2221 1586 2256 Cor.
1604 2234 1629 2253 2.
1651 2227 1740 2261 alms,
1756 2226 1881 2262 against

269 2280 391 2326 X1110‚
422 2292 453 2317 1.
487 2281 588 2316 Nam
623 2280 757 2327 quoad
789 2278 964 2326 primum
990 2277 1085 2314 dicit
1104 2278 1338 2325 Apostolus:
1372 2278 1415 2312 Si
1445 2277 1590 2327 linguis
1650 2262 1700 2289 the
1720 2262 1828 2289 world.

213 2345 254 2379 35
271 2338 465 2373 hominum
490 2338 628 2386 loquar
650 2345 685 2373 et
707 2337 954 2386 angelorum,
979 2337 1039 2372 vel
1068 2335 1314 2383 predicando
1336 2336 1398 2371 vel
1419 2336 1587 2381 orando,
1662 2342 1687 2383 3.
1709 2343 1823 2370 fastinu

271 2395 472 2431 caritatem
506 2403 632 2431 autem
668 2407 740 2431 non
764 2396 938 2438 habeam,
957 2395 1095 2443 factus
1126 2406 1209 2430 snm
1244 2394 1347 2429 velut
1379 2406 1417 2429 es
1447 2406 1589 2429 minans
1603 2364 1880 2413 againstthetlsssh.

270 2460 337 2488 aut
367 2453 572 2489 cimbalmn
605 2453 779 2491 tinniens.
816 2453 959 2498 Quoad
993 2452 1214 2488 secundum
1238 2460 1275 2487 et
1298 2451 1467 2487 tercium
1493 2451 1589 2487 dicit

343 2646 370 2673 6.
391 2645 437 2673 H:
460 2646 571 2681 primo.
646 2653 671 2680 7.
693 2645 736 2673 H:
760 2646 902 2682 placeret
925 2646 1032 2673 solum.
1108 2653 1149 2673 10.
1170 2653 1257 2673 eum.-
1282 2644 1355 2673 DG:
1378 2653 1462 2678 cum,·
1483 2644 1522 2673 ib.
1545 2643 1588 2672 H:

272 2680 412 2708 dominus
425 2681 520 2708 deest.
577 2680 614 2708 15.
630 2681 673 2708 H:
693 2684 821 2716 peccato
836 2682 972 2709 mortali.
1030 2689 1068 2714 17.
1085 2680 1140 2708 DG
1153 2690 1158 2707 :
1171 2681 1264 2715 fhrte
1277 2681 1346 2708 sint.
1404 2680 1443 2708 18.
1460 2681 1502 2707 l›:
1518 2679 1590 2707 Ilem

271 2716 362 2743 alias.
446 2723 486 2755 19.
515 2715 543 2742 G
570 2716 599 2743 in
629 2724 742 2751 marg:
770 2716 862 2743 Nota.
945 2723 1053 2751 Ιςι-2ι,
1082 2715 1124 2742 H:
1149 2719 1260 2750 peccat
1285 2731 1319 2734 —
1344 2719 1468 2751 peccalo
1496 2715 1589 2742 deest.

272 2758 319 2777 20.
341 2751 383 2777 D:
405 2750 453 2777 Ex
472 2751 535 2777 zllo.
655 2749 698 2778 23.
721 2750 765 2778 G:
793 2759 854 2778 non
874 2751 1023 2778 mortalis.
1135 2750 1175 2778 25.
1198 2750 1242 2777 fl:
1269 2751 1473 2783 penitenciam
1495 2750 1589 2776 deest.

273 2785 316 2824 95,
338 2786 384 2812 26.
406 2785 448 2812 D:
476 2785 575 2812 Aliter
593 2801 626 2804 —
641 2785 848 2820 penitenciam
869 2786 963 2813 deest.
1056 2793 1099 2820 27.
1122 2785 1166 2812 G:
1195 2784 1394 2819 confirmaret
1412 2786 1591 2827 supposito:

273 2820 313 2846 lb.
329 2819 354 2847 D
371 2820 401 2847 in
417 2828 531 2859 marga
553 2818 724 2855 Confessio.
799 2828 842 2856 27.
854 2820 883 2861 ‘D
899 2821 929 2847 in
945 2828 1041 2860 marg.
1055 2831 1059 2847 :
1081 2820 1240 2847 Peccatum
1259 2820 1382 2855 triplex.
1457 2819 1544 2861 boas)
1561 2819 1589 2845 in

274 2863 388 2888 marga
416 2854 592 2882 Pennencia
617 2855 749 2890 triplex;
774 2855 814 2882 ib.
836 2856 879 2882 b:
906 2855 1065 2888 avarzcie;
1091 2855 1132 2882 ib.
1159 2855 1203 2882 A:
1231 2855 1408 2882 iniurtemm
1483 2862 1524 2881 η).
1547 2853 1588 2881 Η,

274 2890 394 2918 debito:
420 2889 459 2917 ib.
481 2889 588 2917 AGH:
610 2889 625 2916 I
642 2889 736 2917 deest.
808 2889 852 2925 37.
874 2891 918 2917 A:
939 2889 987 2917 Ad
1005 2889 1181 2917 secundum.
