2062 3276
216 272 289 306 ¹50
794 280 1017 311 JOHANNIS
1037 279 1220 310 WYCLIF
1241 280 1495 311 SERMONUM
1527 266 1678 324 [SERMO
1701 278 1807 306 XVIII-

499 395 679 422 eternum
715 388 765 422 ad
789 385 894 422 istud
918 386 1212 422 sacramentale
1238 384 1540 422 matrimonium
1564 387 1806 426 faciendum.

498 446 599 481 Cum
653 453 787 481 autem
841 456 960 479 omne
1015 444 1241 479 membrum
1297 443 1412 479 huius
1467 444 1631 481 ecclesie
1690 447 1808 484 habet

497 502 672 550 graciam
708 500 1069 550 predestinacionis
1102 514 1124 537 a
1158 514 1236 549 qua
1267 514 1348 537 non
1382 510 1513 549 potest
1552 503 1732 540 excidere
1772 515 1808 542 et

498 561 620 596 habet
653 560 815 597 racione
850 558 986 607 sponsi
1019 559 1155 595 omnia
1196 560 1301 596 bona
1347 559 1498 606 mundi,
1545 569 1655 608 patet
1699 565 1808 611 quod

497 619 631 667 spoliis
663 631 735 654 non
769 617 968 667 indigebit,
1002 629 1091 653 cum
1126 629 1297 665 sponsus
1321 619 1368 654 de
1397 617 1550 654 cunctis
1573 618 1647 654 sibi
1671 633 1808 658 neces·
1826 625 1841 656 5

233 682 300 710 The
321 684 407 724 xyork
427 682 462 710 of
498 676 613 713 sariis
666 675 905 724 providebit.
961 677 1042 711 Nec
1095 675 1294 712 ociabitur
1339 676 1410 712 hec
1462 685 1660 723 matrona,
1716 691 1806 715 curn

242 718 291 745 the
312 718 446 745 (Anu-ch.
498 735 658 783 quesivit
692 735 819 770 Ianam
854 741 888 770 et
921 734 1053 780 linum,
1097 734 1173 770 hoc
1219 743 1290 779 est,
1337 734 1374 769 in
1420 747 1564 782 campo
1609 736 1808 784 scripture

498 792 666 841 quesivit
714 805 789 841 que
833 804 957 840 opera
1002 792 1178 828 carnalia
1216 793 1277 828 vel
1318 792 1546 840 corporalia
1586 796 1807 831 secundum

497 850 619 887 vitam
653 850 825 887 activam
860 849 1044 886 facienda
1076 850 1233 886 fuerant
1266 859 1473 898 tamquam
1520 851 1610 887 lana
1653 862 1690 889 et
1730 866 1807 901 que

497 921 622 956 opera
654 907 882 956 spiritualia
915 907 1118 944 interioris
1165 908 1339 944 hominis
1384 910 1432 945 ab
1478 908 1563 956 ipsa
1609 909 1693 946 fieri
1739 913 1864 948 de-1o

496 968 665 1004 buerant
698 976 908 1030 tamquam
940 966 1081 1002 linum.
1127 966 1179 1001 Et
1212 974 1371 1015 operata
1405 975 1467 1003 est
1491 969 1711 1004 secundum
1745 983 1806 1006 ar-

496 1024 661 1061 bitrium
695 1024 768 1061 viri
802 1024 862 1060 sui
896 1032 933 1060 et
971 1024 1180 1060 secundum
1211 1020 1215 1075 l
1245 1025 1444 1060 consilium
1477 1038 1544 1061 sue
1575 1009 1904 1087 ‹)pei··'at11cis.l{(?gd

477 1084 685 1133 potencie;
729 1092 765 1118 et
807 1091 972 1130 propter
1012 1083 1086 1118 hoc
1126 1082 1305 1130 precium
1347 1092 1382 1119 et
1416 1083 1655 1120 laboricium
1691 1086 1806 1122 huius

494 1141 642 1178 femine
675 1140 811 1189 gracia
844 1140 961 1176 huius
993 1139 1067 1177 viri
1106 1140 1234 1176 reddit
1266 1141 1338 1177 sibi
1369 1142 1505 1177 bonum
1551 1143 1601 1179 ad
1634 1144 1804 1180 beatitu-

496 1199 632 1236 dinem
677 1211 898 1247 preparans
945 1206 979 1234 et
1023 1211 1095 1234 non
1141 1199 1284 1234 nmium
1339 1200 1659 1247 dampnacionis‚
1715 1205 1862 1239 cum15

495 1257 644 1306 ubique
676 1256 854 1293 invenire
900 1265 1035 1304 posset
1080 1266 1218 1304 parate
1264 1258 1370 1293 bona
1414 1258 1550 1305 sponsi
1596 1259 1686 1305 sui,'
1712 1260 1806 1297 licet

495 1328 569 1363 pro
601 1328 672 1352 sua
704 1313 927 1351 insolencia
961 1316 1181 1351 secundum
1217 1324 1370 1362 partem
1408 1316 1730 1363 peregrinantem
1755 1320 1805 1355 ad

494 1383 652 1422 tempus
685 1372 803 1409 fuerit
838 1372 1045 1420 castigata,
1079 1385 1173 1409 narn
1207 1381 1289 1408 tam
1325 1373 1545 1410 insolencia
1582 1375 1649 1411 illa
1684 1389 1803 1424 quam

494 1431 657 1480 punicio
690 1431 764 1467 fuit
798 1430 1010 1479 expediens
1044 1430 1162 1467 matri
1187 1431 1365 1477 ecclesie,
1400 1431 1489 1468 ideo
1522 1432 1629 1469 istud
1650 1434 1805 1472 veniale

495 1499 707 1538 peccatum
743 1490 860 1525 debet
893 1488 972 1525 dici
1007 1490 1226 1525 secundum
1263 1489 1502 1537 Gregorium
1537 1492 1701 1529 bonum.
1823 1506 1864 1527 20

552 1550 600 1584 Et
634 1548 727 1596 quia
761 1548 833 1583 hec
867 1555 924 1583 est
959 1560 1104 1594 magna
1138 1547 1293 1589 mulier,
1330 1548 1481 1584 habens
1515 1549 1554 1586 in
1589 1562 1628 1586 se
1651 1550 1803 1587 variam

495 1606 707 1643 materiam
742 1605 952 1654 operandi,
998 1605 1088 1641 ideo
1123 1604 1269 1642 dicitur
1308 1607 1415 1654 quod
1449 1608 1564 1655 facta
1605 1616 1659 1644 est
1697 1610 1807 1657 quasi

494 1665 602 1701 navis
635 1664 843 1705 institoris‚·
886 1676 968 1700 non
1015 1662 1120 1699 enim
1166 1664 1295 1699 solum
1343 1673 1400 1700 est
1445 1664 1585 1702 induta
1625 1679 1804 1714 pannum

493 1722 657 1769 lineum⁷
691 1724 767 1758 hoc
801 1730 872 1766 est,
907 1721 1089 1757 habitum
1122 1721 1182 1757 vel
1205 1722 1490 1769 operacionem
1515 1724 1803 1771 speculativam

493 1793 565 1817 nec
598 1781 727 1817 solum
762 1792 940 1827 pannum
974 1780 1134 1816 laneum
1169 1781 1238 1815 sed
1270 1778 1449 1816 induitur
1482 1783 1679 1818 ambobus
1710 1782 1804 1819 mix-
1822 1786 1861 1818 25

493 1839 564 1875 tim
600 1848 636 1875 et
669 1838 815 1874 virtute
850 1837 1236 1874 communicacionis
1270 1838 1475 1875 caritative
1516 1849 1673 1876 mortue
1712 1853 1803 1877 ven-

493 1896 594 1932 didit
627 1909 673 1934 ac
707 1896 802 1932 emit
836 1896 1055 1944 reciproce.
1102 1908 1192 1932 cum
1233 1896 1508 1933 communicat
1541 1897 1804 1945 spiritualiter

493 1955 629 1992 omnia
662 1956 768 1991 bona
802 1966 885 1990 sua.
920 1955 968 1990 Et
1001 1954 1119 1990 habet
1153 1966 1297 2002 panem
1331 1954 1530 2003 scripture
1553 1957 1614 1992 vel
1635 1958 1801 1993 verbum

493 2013 565 2049 Dei
598 2012 811 2050 occasione
851 2012 911 2048 sui
957 2011 1088 2048 meriti
1133 2014 1180 2048 de
1224 2012 1340 2059 longe
1385 2013 1459 2049 sibi
1505 2023 1541 2050 et
1585 2014 1665 2051 suis
1711 2014 1802 2051 filiis

492 2072 770 2119 deportatum3
796 2070 885 2107 ideo
910 2069 1005 2106 dicit
1030 2070 1224 2106 Salomon
1247 2072 1355 2118 quod
1380 2080 1437 2107 est
1453 2072 1499 2108 de
1514 2072 1803 2122 long-eportatis
1820 2077 1860 2108 30

486 2142 627 2178 panem
660 2141 784 2165 suum.

550 2188 602 2224 Et
633 2196 843 2234 tamquam
877 2185 1046 2234 provida
1080 2195 1265 2223 matrona
1306 2188 1352 2222 de
1390 2195 1498 2223 nocte
1528 2189 1705 2224 surrexit
1737 2190 1801 2226 de-

493 2245 620 2294 ditque
646 2245 812 2294 predam
859 2244 1078 2281 domesticis
1121 2245 1201 2280 suis
1246 2252 1280 2280 et
1325 2245 1469 2281 cibaria
1514 2246 1666 2282 ancillis
1709 2247 1801 2295 suis,

492 2303 586 2351 quia
620 2315 663 2339 ex
697 2302 831 2350 gracia
866 2303 1002 2350 sponsi
1047 2315 1119 2350 pro
1164 2311 1347 2350 tempore
1392 2302 1669 2340 tribulacionis
1717 2317 1801 2341 sur-

492 2361 589 2397 rexit
623 2360 793 2397 fideliter
817 2362 1044 2408 operando;
1079 2369 1115 2396 et
1139 2362 1358 2397 secundum
1383 2370 1515 2409 partes
1540 2362 1800 2409 ewangelicas
1818 2364 1857 2398 οἵ)

492 2418 601 2456 dedit
634 2419 800 2466 predam
825 2418 964 2467 populi
989 2418 1181 2463 conversi,
1216 2418 1317 2455 sicut
1350 2419 1479 2467 patuit
1512 2421 1558 2456 de
1592 2422 1798 2468 apostolis,

492 2486 528 2513 et
562 2476 671 2513 dedit
704 2476 855 2513 cibaria
876 2475 972 2524 ipsis
995 2476 1252 2513 inferioribus
1276 2477 1475 2514 conversis
1498 2477 1642 2526 quibus
1666 2478 1800 2516 anima

491 2534 726 2572 nutriretur.

559 2642 584 2669 7.
606 2634 630 2661 E
650 2634 680 2661 in
702 2642 814 2665 matta:
843 2635 923 2667 [1717
945 2634 1049 2661 linum.
1161 2634 1468 2669 .G:o}erzc1tatis
1551 2643 1593 2669 14
1615 2636 1800 2664 15.beat1‘-tu

490 2668 608 2696 {i‘.·n<m
629 2668 672 2695 G:
692 2669 735 2695 ad
753 2655 944 2696 iibict'onem.
1002 2677 1042 2696 10.
1064 2642 1166 2696 DEGZs
1186 2670 1411 2696 πτήν’..ιηοῖίνε
1473 2677 1516 2697 22.
1540 2670 1582 2697 G.
1604 2670 1687 2706 quod
1705 2671 1799 2699 deest.

490 2702 532 2730 23.
554 2703 595 2730 D:
623 2704 698 2730 sola
798 2700 1076 2738 30.1)EG.·qi10d
1095 2707 1140 2730 est
1158 2704 1227 2730 det-s
1233 2709 1250 2730 t
1352 2703 1394 2732 3.3
1416 2705 1459 2732 Α.
1488 2708 1517 2732 tt
1536 2704 1570 2732 d
1564 2711 1635 2739 est·
1664 2706 1704 2732 ib.
1726 2705 1749 2733 E
1769 2706 1797 2733 in

491 2746 606 2772 marg·
601 2760 606 2764 .
635 2737 664 2764 λ
664 2741 724 2764 ota.

562 2808 590 2841 5.
617 2809 718 2842 prov.
745 2809 860 2848 XXXI,
887 2821 934 2842 11.
1056 2820 1086 2851 7.
1114 2809 1158 2841 ib.
1185 2811 1231 2843 13.
1356 2822 1389 2843 11
1422 2819 1454 2844 et
1479 2823 1577 2855 seqq.
1606 2812 1649 2844 ib.
1675 2813 1724 2851 13,
1750 2822 1797 2845 12.

492 2865 545 2888 21.
574 2855 716 2896 Gregor.
745 2856 809 2888 loc.
838 2856 953 2888 incert.
982 2856 1033 2888 Cf.
1061 2856 1168 2897 Regg.
1196 2857 1284 2889 Past.
1312 2858 1364 2891 ΙΙΙ,
1387 2859 1437 2890 33.
1465 2859 1548 2891 Dist.
1576 2859 1631 2898 IV,
1650 2859 1796 2898 XXXIX,

490 2908 574 2934 torn.
594 2901 630 2941 ΙΙ,
651 2911 704 2945 92,
723 2900 777 2935 85,
795 2912 872 2943 444.
972 2912 1022 2937 22.
1045 2903 1096 2935 32.
1118 2903 1218 2935 Prov.
1238 2904 1352 2943 XXXI,
1380 2914 1425 2945 54.
1524 2906 1575 2944 32,
1597 2905 1649 2937 3'3.
1677 2904 1721 2937 ib.
1746 2905 1795 2938 15.
