2062 3276
249 252 385 281 selmo
408 241 531 299 tvm]
731 252 920 291 QUARTA
951 251 1074 283 PARs.
1770 259 1793 290 4
1804 246 1818 279 5
1830 260 1851 292 ι)

255 362 465 398 minimum
504 373 577 397 nos
616 360 764 397 erimus
803 358 899 395 salvi
939 357 1207 395 lucrilicantes
1246 359 1378 396 anime
1416 369 1562 396 nostre.

253 423 295 457 ln
327 420 403 456 isto
430 418 536 456 enim
561 419 714 456 fervore
738 416 886 454 amoris
910 417 981 453 Dei
1005 427 1232 465 pugnarunt
1255 430 1393 454 omnes
1417 418 1565 455 Christi

254 478 397 515 milites
430 477 606 526 gloriosi.

312 538 365 572 Ex
399 535 542 584 quibus
581 534 760 583 sequitur
793 533 900 580 quod
941 532 1108 580 quilibet
1148 534 1338 570 secularis
1378 534 1566 571 dominus
1609 544 1676 571 '1'110
1697 545 1770 583 duty
1789 544 1824 583 91·

220 596 312 631 §vel
357 593 522 631 ecclesie
567 591 794 641 prepositus
838 591 988 626 habens
1041 590 1181 637 filium,
1235 601 1452 639 cognatum
1507 594 1566 629 vel
1584 580 1854 644 ᾗζζξζζῗξζζᾞύᾞζιῐιζ

254 653 449 690 famulum
488 650 643 688 notorie
683 658 952 698 peccatorem,
998 649 1115 685 debet
1153 650 1225 685 sub
1270 663 1374 698 pena
1413 650 1567 698 peccati
1609 649 1818 711 ᾗῆῗξῑῖἓξῑῇἴῑέῐξῆ

254 710 434 747 mortalis
479 709 610 757 ipsum
657 707 859 756 corripere
897 716 935 743 et
972 706 1011 742 in
1051 719 1144 743 casu
1184 720 1264 756 quo
1308 707 1358 744 sit
1403 708 1568 745 incorri-
1601 694 1649 712 Μ
1666 692 1831 711 masna.

252 768 382 817 gibilis
415 781 437 805 a
469 780 540 804 sua
572 765 830 815 proteccione
863 765 1083 802 excludere.
1124 767 1238 802 Patet
1270 779 1313 803 ex
1353 767 1428 803 hoc
1461 768 1569 815 quod

253 827 369 864 aliter
399 825 720 863 communicaret
742 823 932 872 operibus
955 823 1038 860 eius
1061 823 1259 871 malignis.
1293 825 1386 862 Ideo
1409 825 1569 861 Psalmo

200 900 238 921 10
253 887 411 931 xvlllo,
447 897 495 931 14
535 883 698 920 dicitur:
744 883 788 919 Si
826 882 901 918 mei
937 894 1010 918 non
1038 882 1196 930 suerint
1235 883 1435 930 dominati,
1480 891 1568 919 tzmc

253 944 524 980 immaculatus
555 954 622 978 ero
655 949 689 978 et
711 941 950 977 emundabor
970 953 992 976 a
1017 940 1154 976 delicto
1178 941 1362 979 maximo.
1397 941 1568 977 Maxime

255 1002 416 1051 quidem
450 999 721 1037 necessarium
746 999 848 1036 foret
871 1000 979 1046 quod
1003 998 1231 1046 superiores
1255 999 1418 1036 ecclesie
1442 999 1570 1036 forent

253 1061 293 1097 in
326 1072 366 1096 se
400 1059 538 1095 mundi
571 1067 608 1095 et
641 1071 803 1095 suorum
838 1056 1089 1093 subditorum
1123 1057 1271 1093 assidui
1307 1067 1570 1105 correptores,

255 1128 292 1155 et
316 1118 522 1155 eveniente
546 1115 747 1154 contrario
771 1115 952 1164 sequitur
974 1124 1184 1163 peccatum
1206 1115 1375 1153 maxime
1395 1118 1571 1152 destruc-

202 1177 378 1214 15tix·um
425 1175 658 1224 reipublice.
707 1176 799 1211 Ideo
843 1173 1048 1222 signanter
1094 1173 1240 1210 dicitur
1279 1176 1371 1223 Sap.
1404 1176 1492 1221 VIO,
1527 1177 1570 1210 6:

255 1235 518 1271 Durissimmn
551 1233 732 1283 iudicium
756 1233 828 1269 hiis
849 1233 914 1281 qui
928 1232 1186 1282 presuntfiet.
1221 1234 1269 1268 Et
1292 1241 1402 1280 patet
1424 1241 1571 1281 quante

255 1302 422 1342 peccant
454 1292 522 1341 qui
555 1293 688 1328 fovent
721 1290 902 1327 homines
935 1290 976 1326 in
1008 1290 1194 1338 peccatis
1222 1300 1361 1327 contra
1399 1291 1570 1327 formam

254 1352 350 1400 legis
373 1350 598 1399 evangelice
621 1350 725 1386 ultra
748 1349 899 1398 sepcies
922 1358 1086 1397 propter
1109 1349 1300 1397 pecunias
1323 1350 1384 1386 vel
1416 1350 1571 1386 lucrum

256 1411 421 1459 aliquod
453 1409 688 1457 temporale.

201 1483 242 1504 20
315 1471 427 1505 Patet
450 1468 625 1504 secundo
642 1467 749 1515 quod
772 1465 1000 1514 quicunque
1024 1465 1172 1502 subditi
1196 1466 1363 1503 scientes
1388 1466 1572 1503 dominos
1612 1474 1670 1514 §Vc-
1691 1479 1773 1502 must
1795 1479 1847 1501 not

257 1539 362 1574 suos,
406 1525 630 1575 prepositos
674 1525 736 1561 vel
780 1532 966 1572 parentes
1011 1536 1094 1560 esse
1133 1524 1288 1561 notorie
1328 1510 1864 1580 peccatoresmffissssffisffifflkgl

258 1594 443 1622 tenentur
482 1597 547 1621 eos
586 1583 786 1631 corripere
827 1582 888 1619 vel
928 1594 1065 1619 eorum
1106 1582 1318 1619 servicium
1353 1583 1572 1629 declinare3
1642 1579 1810 1615 superiors.

259 1653 368 1692 patet
407 1656 451 1680 ex
488 1643 563 1679 hoc
602 1642 709 1691 quod
742 1640 1008 1677 ministrando
1040 1640 1186 1677 talibus
1220 1641 1392 1678 dominis
1425 1642 1574 1678 faciunt

260 1715 399 1738 eorum
422 1713 544 1749 opera
568 1699 867 1736 ministratorie.
893 1700 971 1736 Sed
994 1698 1223 1736 huiusmodi
1240 1700 1392 1737 domini
1408 1709 1575 1748 peccant

204 1765 243 1797 25
261 1759 452 1809 quicquid
468 1759 644 1803 fecerint,
665 1757 754 1794 ideo
772 1757 869 1794 tales
889 1757 1060 1793 ministri
1076 1757 1226 1794 faciunt
1240 1767 1405 1806 peccata
1420 1759 1575 1795 notorie

261 1827 426 1868 propter
458 1818 613 1854 lucrum
647 1816 870 1864 temporale
902 1816 963 1852 vel
995 1816 1172 1852 favorem
1206 1816 1342 1863 seculi,
1377 1818 1485 1865 quod
1519 1826 1575 1853 est

262 1877 469 1913 manifeste
503 1878 631 1911 Deum
676 1874 890 1920 offendere,
936 1876 1044 1922 quod
1087 1887 1168 1910 non
1199 1875 1376 1911 facerent
1414 1884 1576 1923 propter

263 1935 426 1983 aliquod
459 1935 608 1970 bonum
648 1933 851 1981 possibile.
899 1933 1012 1969 Unde
1051 1932 1091 1968 in
1124 1933 1429 1969 attestacionem
1463 1933 1576 1969 istius

264 1992 433 2041 duplicis
477 1991 679 2028 sentencie
725 1991 820 2028 dicit
864 1990 1049 2027 Salvator
1093 1991 1259 2027 Matthei
1298 1992 1367 2038 XO,
1405 1991 1469 2039 37,
1506 1992 1576 2028 38:

207 2059 248 2090 ‘jo
310 2052 348 2087 ιιὶ
390 2058 496 2087 amat
534 2057 688 2100 patrem
729 2057 794 2085 aut
828 2055 991 2085 matrem
1020 2050 1112 2098 plus
1144 2061 1256 2098 quum
1297 2062 1368 2097 me,
1412 2063 1485 2086 non
1524 2057 1579 2086 est

265 2123 324 2146 me
368 2110 522 2160 dignus,
568 2115 634 2144 aut
677 2108 741 2157 qui
783 2115 888 2143 amat
916 2107 1048 2157 filium
1094 2115 1160 2143 aut
1191 2108 1322 2158 filiam
1357 2120 1475 2158 super
1506 2121 1577 2152 me,

264 2180 336 2204 non
370 2175 426 2204 est
458 2179 517 2202 me
550 2167 704 2217 dignus,
738 2173 773 2202 et
804 2166 869 2215 qui
895 2178 968 2201 non
1002 2166 1141 2215 accipit
1174 2178 1326 2202 crucem
1351 2174 1385 2202 et
1407 2167 1580 2215 sequitur

265 2239 336 2273 nze,
370 2238 441 2261 non
475 2232 530 2261 est
563 2237 622 2260 me
655 2224 810 2275 dignus.
857 2224 925 2260 Ille
958 2233 1092 2260 autem
1127 2233 1235 2261 amat
1268 2233 1453 2273 parentes
1492 2225 1580 2272 plus

266 2297 387 2332 quam
422 2283 626 2320 Christum
660 2284 709 2319 ad
744 2291 919 2318 mentem
953 2282 1147 2330 evangelii
1192 2282 1259 2331 qui
1292 2283 1396 2319 fovet
1430 2295 1495 2319 eos
1541 2283 1579 2318 in

209 2347 247 2380 ‘35
266 2341 440 2390 peccatis
473 2351 612 2378 contra
636 2340 853 2387 Christum,
889 2341 1086 2377 consentit
1110 2341 1168 2377 vel
1194 2341 1394 2389 corripere
1417 2341 1580 2387 omittit,

267 2402 361 2436 dum
406 2409 538 2448 posset
582 2412 622 2435 se
654 2399 866 2435 obiciendo
912 2408 1078 2447 peccato
1122 2399 1319 2446 resistere,
1365 2409 1401 2435 et
1440 2399 1495 2435 sic
1534 2400 1581 2435 de

268 2471 404 2494 amore
437 2458 666 2494 inordinato
698 2456 834 2505 prolis.
881 2457 1008 2493 Multo
1042 2457 1168 2505 magis
1203 2470 1295 2505 ergo
1334 2457 1402 2505 qui
1435 2457 1490 2494 sic
1524 2457 1580 2493 in-

268 2516 448 2553 ordinate
482 2525 590 2552 amat
623 2525 853 2552 extraneum
888 2515 1096 2552 dominum
1129 2516 1189 2552 vel
1223 2515 1464 2552 ministrum.

327 2576 440 2610 Unde
473 2574 566 2622 quia
599 2583 731 2622 posset
756 2573 864 2610 credi
888 2574 994 2622 quod
1018 2574 1112 2610 satis
1145 2587 1225 2610 non
1259 2582 1315 2609 est
1338 2574 1466 2610 facere
1489 2574 1584 2610 talia

209 2641 445 2681 4opeccata‚
491 2632 581 2668 licet
625 2645 705 2669 non
748 2641 992 2680 repugnetur
1037 2641 1176 2668 contra
1221 2633 1374 2668 hostem
1422 2632 1582 2673 Christi,

339 2799 362 2817 2.
379 2791 422 2818 A:
440 2794 630 2826 pugnarent.
713 2802 733 2825 ι.
756 2793 783 2819 Α
804 2792 833 2818 iu
856 2800 941 2825 marg
965 2802 970 2818 τ
996 2792 1168 2819 (loncluw'a.
1243 2791 1325 2819 3.1›:
1346 2792 1470 2818 ecclesie
1490 2792 1584 2818 det-sl.

269 2835 296 2853 «t.
318 2825 391 2853 DG:
419 2827 626 2853 communicet.
719 2827 753 2854 15.
775 2828 819 2854 A:
847 2827 961 2853 dicitur
981 2827 1065 2853 deest
1173 2834 1220 2860 24.
1241 2828 1286 2854 A:
1313 2835 1419 2854 eornm
1441 2835 1585 2861 corpora.

268 2861 314 2888 30.
342 2860 384 2887 D:
414 2861 476 2895 Qui
497 2864 553 2887 aut
575 2864 696 2895 patrem
725 2865 780 2888 aut
807 2865 933 2889 matrem
961 2862 1079 2896 diligit.
1223 2860 1261 2889 31.
1289 2861 1332 2888 D:
1363 2865 1418 2889 αιιί
1446 2862 1501 2896 qui
1523 2864 1584 2888 aut.

269 2895 315 2924 36.
337 2894 410 2923 HG:
438 2903 471 2923 se
489 2895 674 2923 subiciendo.
