2062 3276
242 902 279 922 10

240 1181 275 1213 13

295 257 431 285 semro
452 243 579 301 xxvi]
806 256 996 297 QUAR'm
1024 257 1150 288 PARS.

297 367 390 401 dum
426 374 610 401 naturam
645 364 862 409 infirmam,
897 364 943 399 de
977 375 1056 411 qua
1095 362 1190 398 [saie
1216 363 1250 397 1⁴>
1284 361 1448 397 dicitur:
1489 364 1610 396 Omne

296 431 409 472 caput
453 423 682 472 languidum
724 429 758 457 et
803 433 911 457 omne
955 432 1023 456 cor
1067 432 1229 463 merens,
1273 432 1294 454 α
1323 419 1459 468 planta
1500 419 1611 467 pedis

297 493 413 529 usque
456 481 507 516 ad
551 480 732 516 verticem
778 477 913 528 capitis
959 490 1031 514 non
1076 485 1130 514 est
1175 477 1210 513 in
1245 490 1286 513 eo
1318 477 1476 512 sanitas.
1523 478 1607 512 ,lam

296 551 389 575 vcro
423 538 461 574 in
497 539 672 574 secundo
717 538 889 573 adventu
935 535 1065 572 visitat
1099 547 1171 571 nos
1205 547 1275 583 per
1319 534 1509 582 graciam,
1554 533 1611 568 in-

298 597 500 633 fundendo
534 595 780 644 pacienciam
816 603 852 630 et
887 593 1224 639 consolacionem,
1258 601 1300 629 ut
1331 591 1386 629 sic
1409 593 1610 628 destructa

296 656 354 691 rel
400 654 579 701 mitigata
624 652 857 688 infirmitate
910 651 1157 688 sufficiamus
1203 650 1350 686 servire
1395 649 1469 686 sibi
1515 662 1612 685 una-

296 712 458 749 nimiter
489 724 557 747 ore
591 710 690 755 uno}
738 719 774 746 et
818 710 873 746 sic
917 709 957 745 in
1002 709 1125 746 tercio
1170 710 1342 745 adventu
1376 707 1611 744 continuato

296 772 400 806 bono
435 769 627 817 regimine
660 767 932 817 percipiamus
965 776 1201 816 perpetuam
1247 768 1417 803 salutem
1466 765 1612 802 mentis

295 838 331 864 et
366 827 567 875 corporis:
603 836 639 862 et
672 827 736 862 ille
766 838 975 875 processus
1007 825 1215 862 sermonis.

353 888 428 922 Pro
467 885 598 933 primo
643 886 751 933 quod
797 894 853 920 est
892 884 1089 933 paciencia
1131 893 1187 920 est
1232 884 1455 919 notandum
1503 882 1610 930 quod

294 943 540 992 impossibile
575 952 631 979 est
665 942 866 979 hominem
903 941 986 990 pati
1020 941 1093 977 nisi
1127 941 1242 987 iuste,
1289 940 1383 989 quia
1416 940 1446 977 si
1480 952 1612 988 perse-

293 1011 403 1038 verat
456 1001 496 1037 in
550 1001 715 1037 caritate
768 1000 965 1049 paciendo
1019 1008 1184 1048 propter
1236 998 1452 1045 iusticiam,
1517 1007 1611 1034 tunc

294 1059 426 1108 passio
464 1072 535 1096 sua
576 1072 664 1095 cum
706 1058 755 1095 sit
795 1057 1001 1094 meritoria
1036 1067 1072 1094 et
1107 1066 1188 1094 tam
1223 1059 1306 1093 Deo
1339 1065 1504 1105 accepta
1539 1056 1612 1092 erit

292 1118 410 1163 iusta,
456 1117 558 1154 sicut
603 1116 675 1153 fuit
719 1116 851 1165 passio
898 1115 1046 1152 Christi
1092 1128 1211 1164 quam
1256 1115 1372 1152 Judei
1424 1113 1612 1163 nequitur

293 1176 528 1212 intulerunt.
583 1174 622 1211 Si
668 1184 801 1211 autem
847 1174 1009 1222 paciens
1056 1183 1328 1210 remurmurat
1373 1182 1409 1209 et
1453 1172 1508 1208 sic
1554 1172 1613 1208 in-

294 1234 431 1276 iustus,
467 1247 556 1270 cum
592 1246 671 1269 non
705 1233 754 1269 sit
778 1232 964 1282 possibile
988 1231 1162 1280 aliquam
1189 1244 1334 1280 penam
1361 1231 1610 1279 corporalem

293 1294 340 1328 ad
377 1293 538 1340 plenum
573 1291 715 1339 punire
762 1290 971 1327 minimam
1018 1289 1275 1335 iniusticiam‚
1319 1291 1428 1338 quod
1462 1289 1610 1325 iustum

294 1350 343 1386 sit
389 1359 640 1398 peccatorem
688 1358 843 1385 tantum
890 1348 971 1396 pati
1018 1357 1054 1384 et
1099 1348 1293 1396 amplius3
1339 1347 1379 1383 in
1420 1347 1485 1383 illa
1520 1359 1612 1383 con-

294 1408 472 1445 clusione
524 1407 707 1444 instructi
752 1406 879 1443 sancti
923 1418 1062 1442 omnes
1116 1405 1404 1442 tribulaciones
1459 1405 1612 1441 contin-

293 1475 430 1513 gentes
465 1465 732 1514 equanimiter
764 1465 1017 1513 pertulerunt
1051 1473 1087 1500 et
1121 1477 1211 1500 cum
1247 1465 1363 1500 beato
1385 1464 1458 1499 Job
1483 1465 1610 1499 Deum

294 1523 480 1560 devocius
513 1525 796 1568 laudaverunt3
830 1524 935 1559 unde
959 1521 1182 1570 impaciens
1206 1530 1262 1558 est
1285 1521 1426 1557 similis
1450 1520 1612 1557 infirmo

293 1581 443 1619 dolenti
479 1590 598 1630 caput
632 1581 699 1630 qui
734 1590 873 1617 contra
906 1580 1048 1616 turrim
1085 1579 1335 1616 immobilem
1370 1579 1613 1627 precipitan-

293 1649 352 1676 ter
386 1649 562 1676 curreret
596 1649 715 1688 caput
739 1639 944 1675 infirmum
970 1637 1215 1680 collidendo;
1250 1650 1293 1674 ex
1317 1651 1396 1686 quo
1421 1637 1611 1673 nimirum

294 1707 527 1735 causaretur
561 1698 702 1746 eapitis
735 1697 948 1733 infirmitas
983 1706 1019 1732 et
1052 1709 1240 1733 sensuum
1274 1695 1471 1732 turbacio.
1519 1695 1613 1741 Qui—

237 1761 450 1805 ·25cunque
490 1765 624 1792 autem
670 1755 934 1804 impacienter
978 1756 1238 1802 perturbatur
1282 1763 1445 1803 propter
1489 1753 1614 1790 tribu-

296 1815 471 1851 laciones
495 1814 568 1850 sibi
593 1814 882 1862 contingentes,
918 1814 1035 1850 habet
1061 1813 1265 1849 racionem
1299 1817 1390 1860 (que
1414 1820 1471 1848 est
1495 1821 1614 1859 caput

294 1873 442 1920 anime)
478 1872 711 1920 languidam
746 1881 783 1908 et
817 1873 1020 1908 dolentem
1056 1880 1093 1907 et
1127 1870 1250 1907 currit
1284 1880 1425 1907 contra
1449 1869 1614 1906 invinci-

294 1931 413 1967 bilem
449 1930 519 1967 Dei
553 1929 753 1967 iusticiam
788 1941 994 1966 murmure
1026 1929 1282 1966 offendendo.
1316 1928 1481 1964 Justicia
1506 1927 1610 1964 enim

296 1989 365 2025 Dei
399 1988 560 2024 ordinat
594 1987 876 2024 invincibiliter
917 2000 1080 2024 omnem
1126 1999 1292 2035 penam3
1336 1988 1442 2023 unde
1487 1985 1613 2022 iratus

295 2047 454 2083 animus
499 2056 535 2083 et
580 2046 669 2083 talis
714 2058 813 2094 pene
858 2045 1079 2094 impaciens
1125 2046 1244 2082 habet
1291 2057 1431 2081 omnes
1476 2057 1613 2080 sensus

295 2106 478 2141 turbatos
522 2113 559 2140 et
603 2104 657 2141 sic
702 2105 810 2153 quod
855 2105 1081 2152 appetendo
1125 2103 1341 2139 vindictam
1388 2102 1527 2139 incidit
1573 2102 1610 2137 in

296 2163 525 2211 superbiam
561 2172 597 2199 et
630 2162 767 2199 omnia
812 2174 958 2210 genera
1003 2170 1277 2210 peccatorum.
1323 2163 1371 2196 Et
1415 2159 1609 2209 quidquid

297 2221 431 2257 fecerit
465 2233 507 2257 ex
541 2221 707 2257 cecitate
741 2220 897 2265 mentis,
943 2220 1069 2268 vergit
1114 2219 1187 2256 sibi
1227 2221 1275 2256 ad
1309 2218 1610 2263 detrimentum,

298 2293 386 2315 cum
424 2280 717 2315 reverberando
763 2288 903 2315 contra
948 2277 1217 2315 invincibilem
1264 2277 1472 2313 veritatem
1520 2280 1612 2324 (que

241 2342 279 2375 ‘333
297 2348 353 2373 est
387 2346 499 2386 petra
532 2336 727 2374 scandali»
763 2336 870 2373 cadit
904 2346 1124 2373 retrorsum
1158 2336 1197 2372 in
1231 2345 1379 2371 terram
1407 2348 1494 2371 cum
1522 2348 1613 2382 cap-

296 2395 448 2431 toribus
482 2395 627 2431 Christi
662 2394 870 2440 (Johannis
902 2394 1076 2445 XV1110).
1122 2395 1155 2430 O
1196 2406 1341 2442 magna
1375 2393 1519 2430 cecitas
1559 2392 1614 2428 sic

298 2466 597 2490 remurmurare
632 2462 771 2489 contra
816 2453 1013 2489 iusticiam
1062 2452 1254 2488 nuncium
1289 2451 1450 2488 Domini
1495 2463 1612 2499 quem

298 2511 546 2559 impossibile
580 2520 636 2547 est
670 2511 895 2559 prohibere,
930 2512 997 2547 sed
1032 2519 1237 2558 gratanter
1270 2510 1519 2558 acceptando
1555 2521 1615 2545 ce=

370 2690 389 2709 1.
412 2681 455 2709 H:
478 2681 492 2707 I
510 2681 604 2708 deest.
682 2681 707 2709 5.
731 2680 803 2709 llG:
825 2681 987 2708 distracta.
1074 2689 1101 2714 (y.
1124 2679 1168 2707 H:
1190 2680 1253 2706 isle.
1336 2687 1369 2706 ιι.
1391 2680 1436 2706 A:
1458 2682 1501 2706 σε]
1522 2680 1616 2705 deest.

300 2715 337 2749 13,
362 2725 401 2749 14-
424 2716 529 2743 lum:
551 2719 596 2743 est
615 2716 704 2743 iusta.
785 2716 822 2751 15,
846 2716 886 2743 16.
907 2719 935 2742 e!
955 2717 999 2743 xic
1019 2715 1168 2745 iniustus,·
1194 2722 1235 2741 sc.
1257 2718 1319 2748 est;
1347 2714 1390 2741 H.-
1418 2715 1458 2740 sit
1477 2714 1615 2740 [nius-lus.

300 2759 339 2786 17.
378 2751 452 2778 lui:
491 2751 684 2786 iniustitiam
710 2751 837 2778 debetur
868 2751 947 2778 enim
985 2750 1069 2785 qumi
1106 2750 1236 2779 iustum:
1273 2749 1318 2776 l-l:
1357 2749 1495 2783 sequitur
1527 2748 1616 2775 enim.

300 2790 341 2814 125.
364 2786 406 2812 Η;
429 2787 496 2813 isla.
571 2794 615 2811 m».
639 2786 712 2813 mi:
733 2789 762 2812 et
781 2787 874 2812 deest.
950 2785 991 2812 25.
1014 2785 1058 2812 H:
1077 2785 1248 2820 pacienler.
1322 2783 1366 2818 37.
1389 2785 1433 2810 A:
1456 2784 1563 2810 Deum.

376 2892 401 2913 1.
430 2882 470 2913 Is.
498 2882 520 2921 Ι,
551 2881 578 2921 Ξ),
605 2880 636 2913 ὁ.

1817 255 1835 280 to

1845 255 1864 280 10

1669 874 1728 903 We
1749 880 1861 904 cannot

1663 911 1755 937 suffer
1776 912 1872 938 above

1662 954 1719 972 our
1739 947 1866 973 deseris.
