2062 3276
189 274 266 320 376
769 277 992 310 JOHANNIS
1010 276 1194 307 xvvcmr
1213 274 1468 306 SERMONUM
1505 260 1656 318 [SERMO
1677 269 1783 298 xhvl.

229 396 276 423 2¹¹d
298 395 416 434 Excusc
533 386 718 422 Secundo
772 382 1048 432 principaliter
1102 381 1192 418 dico
1246 383 1354 429 quod
1399 381 1651 417 ambulantes
1682 374 1785 428 'post

191 435 454 494 ῃζξῑξᾏῗῗὲἓὲῗὲοῐ·
475 443 681 480 diabolum
727 450 901 490 querunt
938 440 1156 489 sophistice
1201 439 1504 476 excusacionem
1539 438 1578 474 in
1611 438 1785 486 peccatis

238 501 289 528 the
310 499 400 528 devii.
474 514 544 550 per
590 502 665 537 hoc
711 501 819 549 quod
864 508 1047 536 emerunt
1092 500 1254 547 quinque
1297 498 1389 548 iuga
1434 499 1558 533 boum.
1611 498 1710 533 Nam
1746 496 1785 533 in

474 559 605 607 prima
649 557 910 595 excusacione
949 557 1221 604 indisponitur
1261 568 1397 592 sensus
1431 554 1610 600 interior,
1656 554 1696 591 in
1729 568 1786 592 se-

475 618 606 654 cunda
638 616 910 665 indisponitur
942 627 1080 652 sensus
1114 614 1336 663 corporalis
1371 613 1554 659 exterior,
1589 613 1655 661 qui
1689 614 1786 650 bene

473 684 664 712 notantur
703 687 773 723 per
801 675 905 728 'iuga
945 675 1120 723 quinque,
1164 673 1258 721 quia
1297 682 1453 709 constat
1493 672 1670 720 quinque
1703 684 1787 708 esse

473 746 609 770 sensus
654 732 868 770 exteriores
913 732 1064 769 scilicet
1109 731 1250 777 visum,
1304 730 1502 776 auditum,
1556 730 1785 776 odoratum,

474 800 634 840 gustum
667 800 704 828 et
735 800 902 837 tactum,
937 790 1003 839 qui
1037 789 1304 837 duplicantur,
1339 791 1501 837 quando
1525 796 1638 837 pater
1661 787 1788 836 dupli-

475 850 605 887 citatis
645 858 766 898 atque
806 847 1005 885 mendacii
1044 856 1174 884 stante
1212 856 1356 883 natura
1393 859 1583 883 sensuum
1617 846 1784 882 istorum

476 907 665 957 pervertit
699 920 837 944 eorum
871 906 1050 943 officium
1084 907 1133 942 ad
1157 918 1271 941 suum
1306 905 1532 941 servicium.
1567 907 1657 940 Non
1681 904 1785 940 enim

476 975 607 1015 potest
654 965 763 1002 illabi
818 964 954 1001 animo
1006 965 1074 1000 sed
1127 963 1303 1000 residens
1349 963 1388 999 in
1431 962 1788 1011 spongiositatibus

477 1024 657 1072 corporis
690 1032 733 1060 ut
766 1035 913 1060 aranea
947 1022 986 1059 in
1020 1021 1176 1069 angulis
1210 1021 1471 1067 coniecturat,
1506 1021 1555 1057 ad
1589 1033 1664 1068 que
1687 1020 1788 1057 vicia

476 1091 696 1130 temptatus
729 1094 822 1118 suus
856 1090 912 1118 est
946 1080 1125 1129 pronior,
1160 1089 1196 1116 et
1219 1081 1269 1116 ad
1292 1079 1359 1116 illa
1382 1078 1483 1115 vicia
1507 1080 1788 1126 congregando

479 1142 667 1177 humores
701 1139 885 1176 celeriter
920 1147 1052 1175 movet
1085 1150 1235 1174 sensus.

193 1206 407 1243 The5y0kes
426 1207 460 1234 of
539 1200 650 1235 Unde
698 1198 800 1234 sicut
853 1196 1060 1246 quinarius
1109 1205 1166 1232 est
1218 1207 1407 1231 numerus
1460 1193 1680 1240 circularis,
1733 1193 1790 1231 sic

216 1243 435 1311 Og‘fflsgffssffe
480 1256 645 1304 maligni
679 1255 841 1304 spiritus
875 1255 914 1291 in
948 1254 1117 1291 circuitu
1151 1254 1374 1298 ambulant,
1414 1265 1519 1289 nunc
1553 1253 1790 1301 temptando

196 1309 458 1383 Whitfelgqgffig‘ase
479 1328 602 1350 unum
636 1327 796 1350 sensum
830 1325 935 1350 nunc
968 1313 1091 1349 alium
1127 1321 1163 1348 et
1197 1324 1303 1348 nunc
1337 1312 1546 1347 redeuntes
1580 1312 1630 1348 ad
1663 1320 1791 1359 temp-

393 1367 398 1373 ’
478 1372 677 1409 tacionem
719 1385 797 1420 qua
843 1380 1045 1419 ceperant,
1091 1379 1128 1406 et
1172 1370 1227 1406 sic
1273 1378 1461 1418 peccator
1506 1369 1650 1406 callida
1690 1381 1791 1405 mer-

479 1430 643 1468 cacione
692 1429 842 1467 diaboli
888 1429 955 1465 ubi
1000 1429 1109 1477 prius
1165 1427 1304 1464 habuit
1357 1427 1562 1476 simplices
1614 1427 1791 1476 quinque

479 1502 628 1534 sensus,
675 1490 793 1525 habet
838 1487 1017 1524 officium
1058 1486 1306 1535 duplicatum
1341 1485 1493 1522 scilicet
1525 1487 1575 1522 ad
1607 1486 1790 1522 naturale

480 1547 658 1596 regimen
692 1546 873 1595 corporis
907 1555 944 1582 et
977 1547 1026 1582 ad
1059 1546 1346 1593 voluptuosum
1381 1556 1425 1580 ac
1449 1543 1615 1580 bestiale
1639 1544 1790 1580 fomen-

479 1615 563 1642 tum
610 1605 776 1642 istorum
821 1616 1010 1640 sensuum
1057 1603 1096 1639 in
1141 1615 1221 1652 quo
1265 1611 1323 1638 est
1367 1602 1488 1638 stulta
1533 1601 1790 1638 conmutacio

480 1672 716 1700 conmutare
771 1661 1087 1699 delectacionem
1141 1668 1468 1698 momentaneam
1515 1673 1588 1708 pro
1641 1669 1790 1696 eterna.

486 1722 562 1766 Qui
591 1722 688 1758 enim
724 1721 864 1757 viderit
896 1721 1096 1756 mulierem
1129 1720 1180 1755 ad
1211 1718 1553 1768 concupiscendam
1593 1731 1675 1754 eam
1715 1718 1790 1753 iam

480 1781 675 1816 mechatus
707 1787 762 1816 est
794 1791 876 1814 eam
910 1779 945 1814 in
979 1778 1098 1814 corde
1128 1790 1196 1814 suo
1227 1777 1334 1813 iuxta
1357 1775 1633 1813 testimonium
1658 1776 1792 1813 Salva·

480 1837 578 1875 toris
601 1837 770 1874 Matthei
803 1838 870 1884 VO,
897 1837 970 1881 283
1004 1837 1072 1872 sed
1106 1848 1227 1884 quam
1262 1843 1590 1872 momentaneum
1627 1844 1684 1871 est
1717 1835 1792 1870 hoc

482 1905 664 1945 respectu
697 1894 862 1932 visionis
895 1896 1105 1931 beatorum
1134 1903 1338 1942 perpetue,
1364 1906 1483 1942 quam
1510 1902 1793 1929 momentanea

481 1964 539 1991 est
571 1967 672 2003 pena
705 1952 869 1991 visionis
912 1961 1018 1989 caste
1060 1961 1243 2000 respectu
1276 1951 1440 1988 visionis
1479 1952 1678 1987 horrende
1712 1950 1794 1987 dia—

480 2012 623 2059 bolice,
657 2025 777 2061 quam
813 2020 1095 2047 momentanea
1129 2019 1186 2047 est
1219 2009 1378 2047 audicio
1413 2009 1570 2046 ludicrii
1594 2018 1662 2045 aut
1684 2008 1794 2045 verbi

482 2070 712 2108 detractorii
746 2078 928 2118 respectu
962 2078 1094 2105 eterne
1128 2067 1351 2105 audicionis
1385 2077 1523 2104 cantus
1556 2066 1724 2115 angelici
1757 2075 1794 2103 et

482 2128 658 2165 dolorosi
705 2137 867 2176 questus
921 2126 1164 2173 demoniaci,
1218 2139 1338 2174 quam
1386 2135 1692 2162 momentaneus
1737 2133 1794 2161 est

482 2188 583 2223 odor
616 2199 695 2235 quo
730 2185 925 2222 excitatur
957 2185 1126 2221 olfactus
1151 2186 1201 2221 ad
1224 2183 1591 2232 prevaricacionem
1616 2181 1794 2230 decalogi

483 2254 665 2293 respectu
698 2243 834 2280 odoris
867 2251 1164 2291 unguentorum
1198 2241 1380 2290 perpetui
1415 2251 1451 2277 et
1483 2241 1618 2277 fetoris
1652 2240 1794 2277 inferni

482 2302 719 2351 gravissimi,
754 2314 875 2350 quam
910 2310 1214 2337 momentaneus
1238 2309 1294 2336 est
1316 2309 1451 2347 gustus
1475 2299 1614 2336 cibarii
1648 2300 1795 2335 durans

484 2362 532 2398 ab
565 2373 633 2397 ore
666 2372 792 2408 usque
825 2360 875 2396 ad
908 2360 1162 2395 stomachum
1208 2366 1390 2406 respectu
1430 2356 1676 2405 gustacionis
1709 2369 1796 2405 per-

484 2428 602 2467 petue
635 2430 735 2467 pene
768 2417 984 2454 novissime
1018 2426 1054 2453 et
1087 2416 1288 2453 cruciatus
1327 2415 1462 2463 lingue
1502 2415 1632 2452 divitis
1665 2415 1705 2451 in
1737 2415 1796 2451 in-

484 2478 595 2514 ferno
642 2476 800 2525 sepulti,
853 2488 974 2524 quam
1022 2483 1305 2511 momentanea
1349 2484 1406 2510 est
1450 2483 1580 2510 tactus
1624 2472 1796 2510 suavitas

485 2535 548 2572 hic
588 2534 627 2571 in
660 2534 723 2571 via
767 2542 950 2582 respectu
996 2532 1202 2570 suavitatis
1247 2531 1461 2581 perhennis
1506 2532 1546 2568 in
1590 2531 1720 2580 patria
1759 2539 1796 2568 et

555 2689 573 2707 1.
598 2680 621 2707 D
644 2679 671 2707 in
694 2688 809 2714 marg:
839 2686 887 2706 2m.
1003 2680 1030 2707 6.
1052 2680 1096 2707 A:
1125 2680 1258 2714 quinque
1277 2679 1370 2706 deest.
1485 2678 1511 2705 8.
1534 2678 1576 2705 D:
1605 2679 1720 2712 quanto
1741 2677 1794 2703 ita.

544 2715 587 2742 H:
619 2718 733 2742 natura
763 2715 864 2747 ἀρθείς
898 2715 938 2741 ib.
970 2714 994 2741 D
1024 2715 1053 2741 in
1085 2722 1198 2748 marg:
1229 2714 1275 2741 De
1303 2713 1455 2750 reginn'ne
1483 2713 1616 2749 quinque
1643 2720 1794 2739 sensuum.

486 2749 523 2777 13.
551 2750 594 2777 A:
625 2750 835 2783 congerendo.
978 2757 1019 2782 14.
1047 2748 1120 2775 DG:
1150 2749 1304 2775 celariler.
1444 2748 1486 2775 16,
1513 2749 1557 2774 A:
1588 2747 1794 2774 ambulabant.

486 2792 525 2812 21.
538 2784 580 2846 GH:
601 2784 644 2811 ad
657 2784 750 2811 deest.
808 2792 843 2811 20
870 2792 908 2811 21.
926 2782 969 2811 G:
989 2792 1026 2811 ac
1039 2782 1367 2819 detestabilemsorum
1383 2790 1458 2810 cum.
1515 2782 1555 2810 25.
1571 2781 1613 2809 D:
1636 2785 1682 2808 est
1701 2782 1794 2808 deest.

486 2826 532 2855 r‘9.
591 2828 596 2845 :

485 2723 513 2750 :0

618 2821 673 2846 aut
693 2818 786 2846 deest.
848 2806 900 2846 '31.
923 2817 996 2846 DG:
1017 2817 1180 2854 quomodo.

616 2902 730 2933 Lucae
756 2902 846 2942 X1V,
870 2912 920 2944 19·

1804 619 1820 652 5

1808 921 1846 941 10

1810 1200 1846 1233 15

1808 1501 1850 1522 20

1811 2362 1851 2396 35
