2062 3276
241 245 375 274 sfinmo
397 233 466 292 Ν]
722 245 913 286 QUARTA
941 245 1067 277 PARs.
1788 249 1832 282 41

242 355 375 403 quoad
400 362 615 402 utrumque
639 362 696 389 est
721 353 946 389 membrum
965 349 1140 399 dyaboli,
1157 358 1300 387 etcum
1327 352 1551 386 membrum

244 412 391 450 Christi
430 411 480 448 sit
520 410 716 455 Christus,
763 411 862 447 alter
902 409 1072 446 istorum
1115 417 1172 445 est
1210 407 1404 444 veraciter
1443 408 1554 444 Anti-

244 470 428 508 christus.
464 471 512 506 Et
536 469 591 506 sic
615 467 799 517 implicat
832 467 906 504 ista
940 479 1112 516 persona
1145 466 1313 502 fratrum
1349 465 1553 503 Christum

244 541 327 566 esse
360 541 449 565 cum
476 527 648 575 dyabolo
672 528 975 574 desponsatum.
1010 526 1090 561 Cur
1124 536 1217 572 ergo
1249 523 1444 560 nonlicet
1468 536 1555 572 per-

212 586 395 623 5mixtim
417 585 690 622 indifferenter
708 584 765 621 uti
782 583 935 632 legibus
952 592 1032 620 tam
1058 581 1240 619 affinium
1265 594 1528 630 personarum
1541 582 1555 617 'r

302 646 335 681 O
369 656 489 692 quam
525 643 745 692 gloriosum
780 642 854 678 fuit
887 641 990 678 istud
1026 640 1239 677 consilium
1274 640 1382 688 quod
1416 641 1556 688 damp-
1578 647 1754 687 [friam-say
1776 648 1840 674 that

245 702 350 739 navit
384 701 594 750 antiquum
629 700 856 749 symbolum
899 701 946 736 de
986 698 1154 735 ecclesia
1187 706 1325 734 sancta
1359 690 1846 744 catholica„ss¹0¹1¹,¹,‘[,¹„l¹s²}c{sa{fie

245 770 282 797 et
316 759 530 797 celebravit
565 757 871 795 matrimonium
907 757 1009 793 inter
1034 756 1238 794 Christum
1263 764 1300 792 et
1323 756 1555 804 dyabolum.
1641 752 1776 780 clun-ch.

246 820 323 855 Sed
357 818 499 866 procul
532 830 554 854 a
587 816 771 854 fidelibus
805 817 876 852 hec
910 816 1078 852 fratrum
1113 813 1283 860 heresis3
1322 826 1415 850 nam
1449 813 1556 850 iuxta

193 876 354 913 willam
396 874 699 912 matrimonium
735 874 840 911 istud
872 874 1038 910 sceleste
1077 871 1261 909 licenciat
1295 884 1558 920 quoscunque

246 934 311 983 qui
337 947 407 983 per
430 933 655 982 symoniam
689 931 824 980 adepti
848 931 995 968 fuerint
1018 929 1236 979 prelaciam
1268 930 1308 966 in
1332 929 1406 966 ista
1430 929 1558 966 heresi

247 992 497 1037 continuare,
524 1004 613 1028 cum
640 990 816 1027 defendit
841 989 931 1026 illos
955 1001 1039 1026 esse
1065 989 1246 1025 membra
1265 997 1401 1025 sancte
1420 987 1559 1025 matris

248 1050 426 1087 ecclesie.
462 1052 551 1086 Non
587 1048 806 1097 (inquiunt)
842 1047 1061 1096 requiritur
1093 1047 1200 1095 quod
1235 1047 1356 1082 homo
1390 1045 1439 1082 sit
1472 1058 1560 1094 pre-

248 1108 468 1145 destinatus
500 1108 561 1144 vel
594 1107 633 1143 in
666 1106 801 1155 gracia
834 1107 1054 1143 secundum
1095 1113 1321 1153 presentem
1359 1103 1558 1140 iusticiam

196 1169 231 1201 15
248 1168 297 1204 ad
332 1168 407 1203 hoc
440 1167 547 1215 quod
582 1165 631 1202 sit
665 1165 893 1201 membrum
929 1172 1065 1200 sancte
1090 1162 1230 1199 matris
1254 1161 1433 1206 ecclesie,
1468 1161 1561 1211 quia

249 1234 343 1262 tunc
383 1224 552 1274 quilibet
590 1224 768 1272 prelatus
808 1234 1048 1259 conversans
1086 1220 1297 1258 nobiscum
1338 1220 1418 1257 sive
1457 1233 1562 1269 papa

249 1283 330 1320 sive
354 1282 566 1331 episcopus
590 1295 671 1318 non
695 1282 796 1318 foret
820 1281 1042 1318 credendus
1067 1291 1151 1316 esse
1175 1280 1402 1315 membrum
1426 1288 1563 1315 sancte

252 1341 391 1378 matris
424 1340 601 1386 ecclesie,
637 1353 727 1376 cum
751 1348 887 1376 tamen
911 1338 1046 1375 dicant
1069 1349 1152 1374 esse
1176 1337 1295 1373 fidem
1321 1337 1561 1374 catholicam

253 1400 361 1448 quod
396 1398 469 1435 iste
501 1411 608 1447 papa
639 1398 700 1435 vel
733 1397 806 1434 iste
839 1396 888 1433 sit
922 1405 1042 1445 caput
1074 1404 1211 1432 sancte
1235 1395 1374 1432 matris
1398 1394 1563 1432 ecclesie

195 1471 236 1492 πυ
253 1467 290 1494 et
323 1457 378 1494 sic
412 1458 655 1494 membrum.
696 1456 772 1492 Sed
807 1458 891 1492 Deo
925 1454 1081 1503 gracias
1121 1455 1229 1502 quod
1262 1466 1343 1490 non
1376 1462 1433 1490 est
1467 1453 1564 1490 fides

255 1517 416 1553 credere
450 1516 557 1564 quod
591 1514 663 1551 iste
696 1526 801 1562 papa
843 1526 1020 1562 unquam
1066 1511 1139 1548 erit
1179 1520 1300 1560 caput
1338 1512 1399 1548 vel
1440 1524 1564 1548 mem-

253 1576 369 1611 brum
404 1573 570 1610 ecclesie
602 1571 905 1620 triumphantis.
952 1573 1000 1607 Et
1040 1568 1215 1606 dimissis
1255 1569 1422 1606 infinitis
1455 1570 1565 1606 here·
1580 1573 1858 1602 Tlicrewillnever

252 1633 359 1669 sibus
399 1631 438 1668 in
476 1631 552 1668 ista
593 1630 761 1667 materia
800 1642 926 1667 unum
966 1628 1123 1665 videtur
1170 1627 1268 1664 mihi
1301 1627 1566 1676 probabiliter
1592 1609 1850 1670 ,fissnlsssffies'fifffissg

255 1690 524 1727 estimandum
560 1690 669 1738 quod
703 1701 910 1737 nunquam
946 1686 1020 1723 erit
1054 1698 1195 1723 secura
1227 1698 1302 1734 pax
1335 1685 1375 1722 in
1399 1685 1567 1723 ecclesia
1583 1687 1633 1706 are
1658 1677 1857 1714 suppressed.

197 1752 236 1784 25
255 1748 465 1794 militante,
506 1757 723 1796 antequam
748 1746 812 1783 isti
836 1746 978 1782 fratres
1002 1753 1185 1793 apostate
1208 1744 1568 1781 fundamentaliter

256 1806 419 1843 heretici
455 1815 491 1843 et
524 1804 748 1853 blasphemi
782 1817 804 1841 a
837 1812 976 1841 sancta
1010 1811 1136 1840 matre
1169 1802 1335 1839 ecclesie
1368 1802 1445 1839 sint
1479 1815 1569 1850 pro-

254 1864 405 1913 scripti.
440 1867 530 1901 Non
561 1863 667 1900 enim
690 1872 859 1911 possunt
883 1861 1160 1909 subterfugere
1183 1860 1279 1909 quin
1304 1860 1382 1897 sint
1405 1860 1569 1897 heretici

255 1923 294 1960 in
328 1923 403 1960 isto
437 1922 609 1959 articulo
643 1923 691 1958 de
724 1930 862 1957 sancta
896 1929 1023 1956 matre
1055 1918 1223 1955 ecclesia
1249 1928 1285 1955 et
1308 1918 1363 1955 sic
1386 1918 1425 1955 in
1449 1931 1569 1955 causa

256 1981 424 2018 istorum
460 1993 658 2029 paparum
694 1992 764 2027 per
797 1979 938 2015 fratres
973 1977 1131 2025 publice
1163 1976 1376 2022 ventilata3
1409 1990 1502 2013 nam
1528 1986 1570 2013 ut

199 2045 240 2076 ’ἆυ
256 2039 352 2076 dicit
376 2039 558 2075 Psalmus
591 2040 695 2076 Deo:
730 2038 819 2073 Pax
841 2036 1058 2087 debetfieri
1079 2036 1114 2071 in
1148 2035 1289 2071 virtute
1320 2043 1384 2070 tua
1419 2044 1456 2072 et
1489 2048 1569 2071 non

167 2091 295 2151 F‘113in
327 2105 329 2149 l
358 2097 504 2134 virtute
549 2095 730 2145 ypocrite
775 2093 1025 2139 Antichristi,
1071 2100 1106 2129 et
1150 2093 1415 2129 habundancia
1461 2092 1571 2141 pacis

162 2148 223 2180 ²9³
258 2157 373 2192 debet
407 2154 492 2192 fieri
525 2155 561 2190 in
594 2154 768 2190 turribus
800 2161 936 2190 sancte
971 2151 1109 2189 matris
1144 2150 1321 2198 ecclesie,
1346 2151 1476 2200 qualis
1499 2150 1572 2187 fuit

259 2214 441 2251 Christus
480 2225 570 2250 cum
610 2211 691 2249 suis
730 2211 923 2259 apostolis
962 2219 1000 2247 et
1032 2209 1140 2258 ipsos
1173 2209 1445 2258 sequentibus.
1494 2211 1571 2246 Sed

259 2272 353 2321 quia
387 2283 570 2308 caremus
604 2270 751 2307 talibus
784 2268 949 2317 prelatis
988 2267 1199 2304 nobiscum
1242 2267 1572 2304 conversantibus

202 2334 241 2368 35
259 2331 393 2379 quoad
426 2338 575 2366 statum
609 2327 828 2373 notorium,
863 2327 953 2363 ideo
987 2339 1067 2363 non
1103 2325 1247 2362 mirum
1282 2325 1313 2362 si
1346 2325 1572 2374 proscripta

260 2401 359 2437 pace
392 2396 577 2435 surrepat
610 2387 649 2422 in
683 2394 820 2422 nostra
861 2384 1029 2422 ecclesia
1068 2382 1326 2432 perturbacio
1359 2385 1571 2421 bellorum.

319 2449 400 2483 Nec
434 2445 601 2482 dubium
636 2443 733 2493 quin
769 2442 992 2480 declinacio
1027 2455 1048 2479 a
1080 2443 1165 2490 lege
1200 2441 1347 2479 Christi
1381 2442 1421 2478 in
1446 2441 1757 2491 quali-Der*arture
1781 2441 1859 2468 ¹⁴¹·0m

260 2506 325 2541 bet
357 2504 479 2541 trium
514 2503 697 2551 parcium
734 2501 900 2538 ecclesie
939 2501 988 2537 sit
1022 2500 1061 2536 in
1101 2513 1234 2537 causa.
1277 2501 1427 2537 Turres
1466 2500 1570 2536 enim
1604 2477 1850 2541 cgiisrsssstzin'atiiis

1692 2547 1760 2574 cvii.

328 2659 356 2683 4.
378 2649 402 2677 5.
424 2650 466 2676 l):
492 2649 686 2685 permixtum.
814 2648 836 2675 5.
859 2651 941 2681 lam;
966 2648 1009 2674 A:
1039 2650 1132 2674 tante.
1262 2655 1301 2673 10.
1323 2647 1362 2674 E:
1390 2646 1572 2674 licem-iavit.

261 2692 298 2712 12.
320 2687 364 2712 A:
392 2685 567 2712 membrum.
640 2690 685 2711 20.
708 2683 732 2710 D
756 2683 784 2710 in
808 2691 922 2717 marg:
949 2681 1042 2709 Nota.
1123 2690 1161 2709 21.
1183 2682 1211 2709 1:
1241 2689 1391 2717 umquam.
1465 2688 1507 2708 22.
1528 2681 1572 2708 A:

261 2721 290 2747 in
313 2720 454 2747 dimissis.
541 2718 581 2746 25.
604 2718 909 2754 DEzfzmdabililur.
996 2724 1039 2752 27.
1064 2717 1106 2744 D:
1128 2717 1177 2743 sit.
1261 2715 1306 2743 30.
1328 2716 1371 2743 D:
1393 2715 1575 2744 Psalmis-ta:

261 2755 301 2782 ib.
320 2754 350 2782 1:
378 2754 514 2781 Domini.
587 2752 634 2786 34.
654 2754 699 2780 A:
727 2753 800 2788 quia
821 2753 914 2779 deest.
991 2751 1033 2786 37.
1056 2751 1080 2778 E
1101 2752 1129 2779 in
1153 2759 1266 2786 marg:
1293 2750 1392 2778 Causa
1409 2751 1575 2785 perturba-

261 2789 359 2817 cionz's
378 2792 409 2816 et
427 2788 581 2816 discordie
600 2788 631 2815 in
652 2787 780 2815 ecclesia
802 2787 960 2814 militante.

332 2875 384 2907 30.
412 2874 537 2905 psalm.
565 2873 679 2913 CXXI,
708 2883 737 2915 7.
