2062 3276
257 245 392 273 sERMo
415 236 540 294 xviii]
738 251 929 291 QUARTA
957 252 1082 284 PARS,

1786 251 1854 286 151

316 355 393 392 Sed
427 355 521 404 quia
554 365 691 404 pastus
726 356 789 394 hic
825 367 1133 395 momentaneus
1177 372 1258 396 non
1303 362 1450 399 sufficit
1494 363 1569 400 nisi
1586 371 1815 406 Appointment
1830 374 1861 401 of

258 412 340 450 eius
373 412 527 450 minera
560 414 791 452 radicaliter
825 416 1034 463 habeatur,
1068 417 1159 454 ideo
1192 419 1264 455 hec
1297 419 1448 457 femina
1482 434 1570 458 con·

256 471 445 508 sideravit
476 472 552 509 fide
585 485 729 523 agrum
763 473 874 522 regni
908 475 1088 512 celorum
1123 485 1161 512 et
1194 476 1329 524 precio
1353 478 1412 514 sui
1436 479 1571 527 operis

258 529 454 566 meritorii
487 531 576 566 emit
615 531 737 575 illum,
782 531 820 568 id
868 541 938 577 est,
984 532 1023 569 in
1070 533 1268 571 militante
1314 536 1483 573 ecclesia
1529 550 1572 574 ex

224 588 394 624 §labore
426 588 592 636 proprio
628 597 709 625 tam
749 591 923 626 naturali
964 603 1085 639 quam
1127 592 1336 630 meritorio
1377 596 1573 644 plantavit

257 647 409 682 clerum
444 646 510 695 qui
544 646 740 695 reliquam
776 658 931 695 partem
967 649 1134 686 ecclesie
1168 651 1372 688 hilararet.

314 706 361 740 Et
394 704 488 752 quia
521 706 571 741 ad
605 705 899 753 possessionem
925 707 1025 743 tanti
1050 708 1133 756 agri
1158 709 1378 758 requiritur
1403 724 1571 759 magnus

255 763 383 807 labor,
418 761 509 799 ideo
543 762 688 799 dicitur
722 766 830 812 quod
853 765 1023 801 accinxit
1034 766 1275 814 fortitudine
1298 769 1447 805 lumbos
1468 782 1571 818 suos,

254 821 402 857 nedum
439 820 531 869 quia
565 822 809 869 preservavit
841 836 881 859 se
915 824 963 859 ab
997 824 1195 861 adulterio
1221 838 1309 862 cum
1334 826 1419 863 viro
1442 828 1571 865 altero

202 892 239 912 10
254 879 323 915 sed
357 877 451 926 quia
484 878 703 916 affectuose
736 881 954 929 applicavit
987 895 1078 918 suas
1112 883 1320 931 potencias
1344 894 1381 921 et
1405 884 1571 923 virtutes

254 938 304 974 ad
337 937 578 984 placendum
603 938 765 975 Christo
790 948 826 975 et
849 941 1167 987 prodessendum
1193 942 1359 980 ecclesie
1385 944 1571 981 habendo

254 994 484 1044 potenciam
519 1008 595 1044 que
628 1004 686 1033 est
718 996 916 1034 fortitudo
950 999 1087 1046 sponsi
1133 1001 1182 1036 ad
1229 1000 1409 1038 hostibus
1455 1001 1572 1050 spiri-

253 1052 428 1090 tualibus
452 1053 731 1091 resistendum.
768 1057 815 1092 Et
841 1055 934 1104 quia
959 1057 1197 1094 exercicium
1222 1058 1373 1095 laboris
1398 1061 1571 1109 adauget

253 1111 485 1160 potenciam
526 1121 562 1149 et
601 1113 841 1159 subiectum,
888 1114 978 1151 ideo
1024 1115 1172 1153 dicitur
1217 1118 1325 1165 quod
1371 1119 1572 1155 roboravit

200 1170 453 1206 15brachium
486 1183 595 1207 suum
638 1180 675 1207 et
709 1171 799 1208 hinc
833 1182 1046 1221 operantes
1080 1174 1286 1212 meritorie
1319 1177 1466 1213 nedum
1503 1179 1571 1214 ad-

253 1236 401 1276 augent
433 1228 508 1265 sibi
542 1229 731 1266 meritum
767 1231 835 1267 sed
870 1231 1092 1269 efficaciam
1128 1233 1399 1280 promerendi.

311 1287 389 1323 Sed
422 1287 515 1335 quia
549 1289 599 1324 ad
623 1289 804 1325 laborem
830 1289 1067 1327 continuum
1092 1291 1311 1340 requiritur
1335 1293 1570 1331 consolacio

252 1344 503 1391 nutrimenti,
549 1345 640 1382 ideo
686 1347 871 1383 subditur
905 1350 1013 1397 quod
1045 1350 1221 1400 gustavit
1260 1350 1299 1386 in
1333 1363 1403 1399 spe
1437 1352 1571 1389 dulce-

253 1402 388 1439 dinem
423 1404 567 1451 premii
602 1417 674 1452 pro
708 1405 847 1442 labore
882 1416 1168 1444 momentaneo
1214 1415 1249 1444 et
1282 1409 1376 1445 vidit
1420 1409 1459 1446 in
1493 1410 1570 1448 fide

195 1461 451 1509 zoscripture
495 1464 545 1498 ad
590 1475 711 1511 quam
763 1464 921 1501 assidue
974 1475 1195 1514 aspexerat,
1243 1467 1421 1515 quoniam
1474 1469 1570 1505 bona

252 1527 307 1556 est
352 1520 572 1570 negociacio
617 1521 708 1558 eius.
765 1522 873 1559 Licet
920 1523 1026 1560 enim
1072 1524 1121 1560 sit
1165 1524 1205 1560 in
1250 1533 1435 1574 tempore
1481 1527 1570 1564 aliis

252 1579 478 1624 tenebrosa,
525 1588 662 1616 tamen
707 1579 746 1616 in
778 1590 896 1618 nocte
941 1594 1013 1618 non
1047 1583 1302 1633 avtinguetur
1345 1597 1416 1621 sua
1460 1594 1570 1623 recta

252 1636 425 1681 intencio,
460 1650 535 1685 que
569 1637 800 1675 devocionis
834 1640 923 1676 oleo
958 1649 994 1677 et
1027 1640 1178 1677 lichino
1211 1641 1340 1679 sancti
1371 1643 1569 1692 propositi

253 1694 326 1731 erit
358 1694 453 1732 fota.

195 1754 234 1786 25
310 1754 387 1789 Sed
421 1753 514 1802 quia
548 1754 717 1791 ecclesia
751 1756 869 1792 debet
903 1758 1122 1804 procedere
1162 1759 1211 1794 ab
1256 1757 1411 1794 actibus
1457 1773 1569 1807 gros-

252 1811 425 1848 sioribus
459 1813 508 1848 ad
542 1812 786 1860 subtiliores,
832 1813 922 1851 ideo
967 1824 1058 1863 post
1103 1815 1211 1853 dicta
1257 1817 1305 1852 de
1349 1817 1497 1854 lumbis
1531 1828 1569 1855 et

252 1869 418 1906 brachio
452 1869 623 1918 explicat
669 1872 717 1907 de
763 1884 884 1908 manu
930 1881 967 1909 et
1007 1873 1154 1921 digitis.
1202 1875 1378 1920 Asamum,
1423 1875 1566 1925 inquit,

250 1941 374 1975 suam,
415 1929 492 1965 hoc
525 1938 582 1965 est
615 1928 803 1966 virtutem
839 1931 1048 1979 operandi,
1084 1932 1186 1968 misit
1218 1934 1269 1968 ad
1290 1934 1441 1982 forcia,
1476 1947 1566 1971 cum

251 1987 401 2023 scalam
461 1999 482 2023 a
535 1987 650 2023 terris
704 1989 753 2024 ad
807 1989 935 2025 celum
991 1999 1181 2036 erexerat,
1236 1998 1271 2027 et
1323 1992 1438 2042 digiti
1488 1993 1568 2030 eius

192 2046 234 2079 30
249 2045 591 2094 apprehenderunt
612 2047 767 2094 fusum,
803 2059 892 2083 cum
928 2047 1214 2096 operacionem
1250 2062 1363 2085 suam
1399 2051 1567 2098 preteri—

249 2112 332 2140 tam
366 2111 573 2152 tamquam
609 2104 794 2141 stabilem
830 2104 869 2141 in
903 2105 1142 2143 memoriam
1178 2107 1249 2144 Dei
1282 2106 1489 2156 ligaverat,
1530 2118 1568 2146 et

247 2161 477 2210 potenciam
524 2162 700 2199 futuram
745 2162 916 2200 sollicite
960 2164 1184 2211 traiciebat‚
1231 2165 1333 2203 sicut
1378 2180 1399 2203 a
1446 2180 1567 2204 manu

248 2219 325 2257 coli
359 2233 381 2257 a
413 2229 521 2257 retro
556 2220 668 2257 filum
703 2221 897 2258 traicitur.
947 2224 1047 2259 Nam
1083 2223 1190 2260 circa
1224 2225 1299 2261 hoc
1333 2226 1450 2262 debet
1484 2238 1566 2263 esse

247 2278 478 2316 sollicitudo
511 2278 679 2327 vigilans
713 2279 891 2316 viatoris.

191 2336 230 2370 35
306 2338 354 2373 Et
387 2337 481 2386 quia
513 2337 701 2374 virtutem
736 2338 918 2375 omnium
945 2339 1113 2376 istorum
1139 2341 1333 2377 habemus
1356 2354 1378 2378 a
1401 2354 1564 2390 sponso,

249 2393 305 2432 sic
338 2404 476 2433 tamen
509 2398 616 2445 quod
652 2396 1004 2434 communicemus
1038 2398 1245 2447 egentibus
1279 2409 1419 2437 nostro
1452 2400 1565 2437 adiu-

249 2452 366 2498 torio,
402 2453 492 2491 ideo
526 2454 730 2503 signanter
763 2455 1037 2503 subiungitur:
1072 2457 1233 2493 Μαηιιηι
1268 2471 1378 2494 suam
1411 2460 1566 2508 aperuit

315 2587 344 2610 4.
367 2578 411 2605 A:
439 2578 524 2605 illum
544 2581 572 2605 et
592 2578 632 2605 in.
732 2578 759 2606 6.
781 2578 856 2606 AG:
884 2579 1065 2613 lzj'llararel.
1165 2588 1271 2608 10—12.
1295 2581 1338 2608 G:
1365 2581 1420 2608 sed
1439 2582 1511 2616 quia
1532 2598 1565 2602 —

237 2612 400 2647 fortitudo
421 2613 515 2640 deest.
595 2613 634 2640 18.
657 2614 700 2641 A:
728 2614 893 2642 nutriendi.
974 2616 1014 2647 ιδ,
1038 2623 1078 2650 19.
1102 2614 1145 2643 G:
1174 2615 1354 2643 dulcedinis.
1429 2617 1471 2644 23.
1495 2616 1564 2645 DE:

246 2647 345 2679 lieno:
374 2647 416 2674 G:
445 2647 555 2674 liclzna.
636 2648 680 2676 28.
702 2649 746 2675 A:
774 2657 839 2676 cum
860 2650 953 2678 deest.
1028 2657 1073 2679 20.
1096 2650 1164 2677 DE:
1195 2650 1238 2677 ad
1255 2651 1368 2678 scalam
1390 2652 1432 2678 ad
1451 2652 1565 2685 celum,-

248 2681 290 2708 G:
318 2690 337 2708 α
358 2685 442 2709 terra
451 2692 462 2715 ‚·
487 2682 527 2709 ib.
542 2681 592 2709 ⁴G:
621 2683 763 2710 erexerit.
849 2684 888 2717 31,
909 2683 951 2711 32.
974 2684 1075 2712 DEG:
1103 2688 1135 2712 ut
1150 2685 1334 2720 potenciam.
1421 2685 1463 2713 32.
1485 2686 1561 2714 AG:

236 2717 376 2752 futura:
402 2717 442 2744 ib.
465 2716 508 2744 G:
536 2717 615 2747 sicut
633 2733 665 2737 —
684 2726 703 2745 α
722 2726 814 2746 manu
835 2719 934 2753 dees15
961 2719 1001 2747 ib.
1023 2720 1093 2747 AE:
1122 2727 1140 2746 α
1161 2721 1300 2748 materia.
1398 2719 1440 2747 33.
1462 2720 1563 2748 DEG:

245 2751 430 2787 avpenderet
447 2752 517 2780 coli.

315 2847 346 2877 4.
381 2837 479 2868 Prov.
514 2837 628 2870 XXXI.
662 2836 710 2869 16.
854 2838 884 2870 8.
913 2849 960 2879 14.
991 2838 1034 2870 ib.
1060 2849 1107 2881 17.
1259 2837 1400 2870 18—-21.
1437 2838 1479 2870 ib.
1514 2838 1561 2870 18.

247 2892 300 2926 29.
326 2882 370 2914 ib.
395 2894 442 2926 19·
543 2884 594 2925 37.
623 2883 667 2915 ib.
696 2893 747 2915 20.

1668 407 1779 444 cleray.

1604 718 1671 746 The
1692 719 1844 748 Cliurch's

1662 762 1783 791 cncrgy.
