2062 3276
226 266 306 310 496
807 275 1030 306 ,IOHANNIS
1049 276 1233 307 WYCLIF
1253 277 1509 309 SERMONUM
1544 263 1695 320 [SERMO
1717 276 1822 303 Lxm.

513 381 592 428 ipse
624 381 731 416 Deus
769 392 853 416 cum
894 381 945 417 eis
991 381 1063 417 erit
1107 393 1239 417 eorum
1274 383 1393 420 Deus.
1442 382 1517 419 Ubi
1562 392 1671 431 patet
1715 386 1823 433 quod

514 447 641 475 textus
685 438 902 487 prophecie
948 438 1064 475 huius
1104 452 1183 476 non
1222 439 1404 488 implicat
1448 442 1557 489 quod
1590 454 1661 478 vox
1701 455 1821 491 quam

514 497 665 533 audivit
697 498 745 533 de
778 505 895 533 trono
930 498 1031 534 foret
1064 506 1154 546 post
1188 497 1293 534 diem
1328 497 1465 534 iudicii
1499 500 1567 535 sed
1600 499 1639 535 in
1672 500 1823 537 visione

514 568 584 591 sua
606 554 858 603 ymaginaria
881 555 960 592 sive
983 555 1220 604 prophetica
1243 555 1393 592 audivit
1415 569 1553 593 vocem
1580 567 1822 595 asserentem

239 616 342 644 There
364 617 481 656 willbc
514 612 835 661 complecionem
860 613 1076 662 prophecie
1110 613 1226 650 huius
1259 623 1353 650 tunc
1385 614 1530 651 future.
1565 617 1612 651 Et
1636 624 1713 653 stat
1736 617 1856 653 sen-5

225 652 489 714 ςῖιέἶξῖιῖἑῗ]ιὲἶζὲη
513 670 644 708 tencia
689 670 729 707 in
766 670 842 707 isto
882 672 990 720 quod
1029 685 1050 708 a
1090 672 1364 719 complecione
1409 672 1539 709 finalis
1582 673 1735 720 iudicii,
1781 683 1823 710 ut

226 722 689 766 ³¹¹²*Hi⁵⁰¹¹¹¹¹'0¹¹·narravit
722 728 796 765 sibi
829 730 1006 777 angelus,
1046 730 1147 766 foret
1186 739 1380 778 perpetua
1413 739 1450 767 et
1489 732 1691 780 completa
1728 732 1823 769 unio

514 787 585 823 Dei
620 799 709 823 cum
744 799 815 823 sua
849 787 1029 824 ecclesia.
1070 789 1161 823 Ideo
1197 800 1307 824 more
1339 798 1636 836 geometrarum
1672 790 1825 827 dictan-

515 845 620 881 cium
660 857 752 881 suas
791 844 978 882 veritates
1023 854 1239 894 perpetuas
1283 845 1367 883 sine
1405 847 1535 884 verbis
1575 847 1671 885 dicit
1716 849 1824 897 quod

514 903 805 939 tabernaculum
838 903 915 939 Dei
951 916 1035 939 cum
1075 904 1299 940 hominibus.
1347 906 1670 943 Tabernaculum
1718 906 1882 943 enimm

514 962 563 998 ad
597 960 754 997 literam
788 969 845 997 est
879 961 1126 998 domicilium
1163 974 1207 998 ex
1237 961 1367 1010 lignis,
1402 963 1549 1000 tabulis
1579 973 1615 1001 et
1645 964 1824 1013 cooperi-

516 1018 658 1056 mentis
681 1018 795 1055 lineis
820 1028 1109 1066 constructum,
1135 1021 1252 1068 quale
1276 1020 1348 1056 fuit
1371 1022 1677 1059 tabernaculum
1698 1022 1824 1070 Moysi

514 1077 554 1114 in
594 1078 764 1123 deserto,
811 1086 848 1114 et
892 1077 1000 1126 quali
1039 1079 1298 1115 tabernaculo
1347 1087 1513 1115 utuntur
1558 1080 1740 1117 homines
1785 1081 1824 1116 in

513 1135 633 1172 vastis
672 1135 967 1172 solitudinibus.
1015 1136 1128 1173 Unde
1161 1137 1266 1173 Luce
1299 1138 1402 1183 XV0‚
1435 1150 1460 1183 4
1492 1148 1609 1175 vocat
1642 1139 1824 1176 Christus

515 1194 644 1230 celum
685 1194 879 1230 desertum
913 1194 948 1229 in
982 1205 1054 1243 quo
1088 1195 1267 1243 relinquit
1313 1195 1522 1246 nonaginta
1561 1209 1693 1233 novem
1735 1209 1824 1233 oves
1845 1197 1880 1230 15

514 1252 550 1288 in
584 1253 734 1288 deserto
767 1259 935 1301 propter
972 1262 1078 1288 ovem
1124 1265 1194 1301 que
1232 1253 1420 1302 perierat,
1466 1254 1540 1291 hoc
1585 1263 1655 1302 est,
1700 1267 1824 1303 genus

515 1310 738 1346 humanum
779 1311 1049 1358 querendum3
1091 1319 1128 1347 et
1165 1319 1330 1359 propter
1362 1311 1479 1348 istam
1519 1311 1823 1350 similitudinem

515 1368 690 1405 creditur
723 1367 917 1416 Spiritum
953 1370 1144 1405 Sanctum
1185 1368 1326 1406 dixisse
1371 1371 1479 1418 quod
1517 1372 1822 1408 tabernaculum

516 1426 586 1462 Dei
620 1435 676 1463 est
709 1438 799 1462 cum
834 1425 1064 1463 hominibus
1099 1426 1226 1463 beatis
1258 1427 1298 1463 in
1330 1427 1474 1476 patria,
1515 1441 1560 1465 eo
1594 1430 1701 1478 quod
1740 1429 1824 1478 ipse

515 1484 641 1521 solide
688 1484 841 1522 habitat
894 1497 983 1522 cum
1038 1485 1113 1522 illis
1158 1485 1198 1521 in
1244 1486 1494 1523 beatitudine
1546 1496 1740 1536 perpetua
1788 1495 1824 1523 et
1841 1497 1882 1518 20

515 1551 691 1580 econtra.

573 1600 678 1637 Dicit
711 1609 845 1637 autem
880 1602 989 1649 quod
1022 1602 1328 1638 tabernaculum
1364 1602 1435 1639 Dei
1469 1615 1559 1639 cum
1594 1602 1823 1640 hominibus

515 1668 552 1695 et
585 1672 665 1695 non
704 1660 811 1707 quod
850 1658 1053 1696 habitacio
1087 1659 1158 1696 Dei
1192 1659 1231 1695 in
1265 1660 1495 1697 hominibus
1533 1671 1697 1710 propter
1730 1663 1822 1706 duo,

515 1716 646 1765 primo
690 1718 740 1753 ad
785 1718 1058 1753 denotandum
1107 1718 1382 1755 constanciam
1436 1719 1703 1756 habitacionis
1748 1731 1825 1768 que

516 1787 585 1823 per
617 1775 921 1811 tabernaculum
962 1775 1206 1824 designatur,
1251 1777 1426 1813 secundo
1460 1778 1509 1814 ad
1549 1778 1822 1814 denotandum
1841 1776 1880 1809 25

516 1834 623 1882 quod
666 1846 746 1869 non
790 1835 1037 1870 vexabuntur
1083 1834 1188 1871 beati
1237 1847 1326 1870 cum
1376 1834 1483 1883 ligno
1536 1835 1729 1885 portatili‚
1783 1844 1825 1871 ut

514 1890 780 1928 anxiebantur
816 1891 934 1928 levite
966 1891 1005 1927 in
1038 1891 1161 1928 veteri
1199 1900 1454 1939 testamento,
1499 1895 1568 1929 sed
1608 1895 1716 1942 quod
1756 1894 1825 1930 ho-

517 1949 642 1986 mines
675 1958 791 1986 erunt
824 1949 895 1986 Dei
929 1949 1048 1986 amici
1081 1959 1118 1986 et
1150 1950 1247 1986 socii
1287 1963 1356 1998 per
1395 1951 1718 2000 assumpcionem
1754 1952 1824 1988 hu-

517 2006 720 2044 manitatis
754 2007 903 2044 Christi
938 2007 1005 2056 qui
1039 2017 1096 2044 est
1134 2008 1254 2044 simul
1288 2010 1406 2055 Deus,
1451 2010 1574 2046 frater
1613 2009 1822 2046 hominum

515 2074 552 2102 et
575 2065 743 2102 amicus.
778 2067 825 2101 Et
849 2065 940 2102 hinc
958 2067 1083 2114 Apoc.
1108 2066 1251 2103 ultimo
1275 2068 1436 2115 quando
1458 2068 1658 2104 Johannes
1682 2067 1824 2105 cecidit
1842 2067 1883 2099 30

514 2133 557 2160 ut
581 2125 722 2160 adoret
745 2124 946 2171 angelum,
971 2123 1110 2160 habuit
1134 2125 1183 2160 ab
1207 2136 1253 2160 eo
1277 2136 1534 2173 responsum:
1568 2126 1823 2175 Nolifacere.

520 2182 738 2218 Conservus
771 2182 868 2217 enim
901 2189 987 2217 tuus
1018 2194 1101 2218 sum
1136 2189 1170 2218 et
1191 2183 1374 2230 fratrum
1408 2190 1576 2219 tuorum.
1617 2185 1665 2219 Et
1697 2192 1824 2220 totam

516 2239 632 2276 istam
680 2239 894 2275 iocundam
949 2239 1296 2276 cohabitacionem
1344 2241 1594 2277 demonstrat
1638 2242 1712 2278 hoc
1758 2243 1825 2278 ad-

515 2296 694 2333 verbium
741 2309 847 2333 ecce..
869 2305 1078 2345 tamquam
1132 2307 1363 2346 promptam
1416 2307 1453 2334 et
1497 2298 1823 2336 indefectibilem.

516 2356 631 2391 Unde
670 2356 832 2403 angelus
872 2364 963 2391 ante
1004 2354 1108 2391 diem
1148 2355 1284 2391 iudicii
1330 2357 1543 2392 ostendens
1582 2355 1699 2393 istam
1733 2370 1824 2405 pro·
1842 2356 1881 2388 35

515 2412 700 2460 pheeiam
733 2413 929 2461 Apostolo
967 2425 1057 2449 vere
1098 2413 1194 2449 dicit
1238 2415 1345 2462 quod
1390 2414 1495 2450 beati
1539 2416 1713 2463 populus
1753 2415 1824 2451 Dei

516 2479 630 2506 erunt
664 2479 701 2507 et
733 2470 818 2518 ipse
852 2470 925 2507 erit
952 2483 1089 2508 eorum
1116 2473 1220 2507 Deus
1244 2471 1327 2508 sine
1351 2471 1615 2520 possibilitate
1648 2473 1823 2510 defectus

515 2529 575 2565 vel
615 2528 927 2565 contradictorie
967 2528 1175 2565 mocionis.
1220 2531 1321 2566 Nam
1360 2529 1452 2566 licet
1491 2530 1680 2567 eternitas
1718 2544 1824 2567 nunc

516 2586 750 2634 exprimitur
772 2586 855 2622 sine
878 2586 1070 2635 temporis
1094 2587 1324 2624 differencia
1345 2600 1452 2624 nunc
1479 2589 1599 2624 verbo
1628 2588 1823 2636 presentis

516 2644 710 2692 temporis
743 2653 780 2681 et
811 2657 917 2680 nunc
949 2646 1068 2681 verbo
1101 2645 1281 2692 preteriti
1314 2645 1550 2694 imperfecti,
1585 2654 1720 2682 tamen
1742 2659 1823 2682 non
1837 2654 1883 2685 40

517 2811 547 2840 25
579 2776 625 2839 113,
645 2785 686 2811 ¹4-
709 2777 802 2805 Cod.:
831 2778 861 2805 in
881 2782 972 2806 vaslo.
1087 2779 1127 2806 16.
1149 2779 1245 2806 Cod.:
1274 2781 1318 2805 est
1337 2779 1430 2806 deest.
1539 2786 1584 2812 24.
1606 2780 1638 2806 In
1660 2787 1774 2814 marg:
1802 2788 1824 2807 1.

553 2833 557 2838 .
595 2820 612 2839 n
634 2820 747 2847 marg:
774 2820 802 2839 2.

589 2897 641 2938 39.
669 2896 777 2937 Apoc.
803 2897 905 2936 XXII,
932 2907 968 2939 9:
1000 2897 1083 2928 Vide
1110 2906 1151 2928 ne
1164 2897 1299 2939 feceris
1326 2903 1389 2928 etc.
