2062 3276
196 267 270 303 160

208 1319 289 1346 Four
310 1315 470 1350 meanings

227 1353 261 1380 ot'
276 1352 456 1380 Jerusalem.

771 269 995 304 JOHANNIS
1013 268 1199 302 WYCLIF
1219 268 1475 301 SERMONUM
1538 254 1689 313 [SERMO
1710 262 1790 293 XIX·

478 378 519 415 in
551 377 717 428 propria
760 390 948 427 persona.
992 376 1084 425 quia
1123 374 1356 413 humanitus
1401 383 1438 412 et
1482 383 1573 411 ante
1619 383 1656 411 et
1700 382 1791 422 post

480 436 722 474 ministravit
745 438 829 472 Deo
862 436 901 472 in
936 435 1127 471 membris
1159 434 1253 471 suis.
1287 434 1402 470 Unde
1432 432 1631 482 sequitur:
1664 432 1716 468 Et
1738 432 1794 468 sic

481 496 517 531 in
551 495 662 546 Syon
682 495 850 545 firmata
883 505 966 530 sum
999 500 1034 529 et
1067 493 1102 529 in
1135 493 1290 529 civitate
1332 491 1570 541 sanctificato
1613 490 1792 527 similiter

480 553 652 602 requievi
701 560 735 588 et
787 552 822 587 in
865 551 1083 587 Jerusalem
1122 557 1296 600 potestas
1348 561 1442 588 mea.
1495 551 1574 585 Ista
1626 548 1788 597 quidem

481 610 696 660 Sapiencia
729 610 832 646 sicut
865 609 1035 657 figurata
1081 617 1138 646 est
1183 620 1254 656 per
1287 607 1414 644 David
1448 615 1485 644 et
1518 607 1826 651 Salomonem,5

481 669 521 705 in
553 677 710 706 tantum
745 668 853 717 quod
886 667 1050 704 illorum
1084 665 1232 715 accipit
1276 665 1608 714 predicacionem
1654 676 1795 701 secun-

483 728 577 764 dum
612 725 892 763 habitudinem
925 726 987 762 vel
1020 725 1204 774 figuram,
1238 723 1293 761 sic
1327 725 1374 760 de
1398 722 1559 760 civitate
1583 732 1620 760 et
1642 722 1796 770 templo

482 785 702 822 Jerusalem
737 792 795 821 est
827 783 1057 820 dicendum.
1097 785 1200 820 Nam
1234 781 1274 818 in
1307 790 1443 818 monte
1475 783 1582 829 Syon
1614 780 1682 817 ubi
1716 779 1798 817 edi-

485 843 647 880 ficatum
704 851 762 879 est
806 842 1003 890 templum
1050 853 1072 878 a
1117 841 1348 885 Salomone,
1402 839 1470 876 ubi
1515 848 1681 887 perante
1725 837 1798 874 fuit

483 901 789 938 tabernaculum
812 899 940 948 Moysi
964 899 1176 948 portabile,
1211 898 1406 947 figuratur
1440 898 1549 946 quod
1582 896 1654 933 iste
1678 897 1799 932 Cesar
1819 909 1857 930 10

484 971 644 1008 semper
675 960 878 1007 Augustus
912 959 1096 1007 augendo
1131 956 1365 994 firmitatem
1401 955 1566 992 ecclesie
1605 966 1674 991 sue
1707 967 1799 1002 pro-

487 1017 611 1063 cedit3
656 1029 730 1054 nec
775 1017 905 1053 solum
954 1016 995 1053 in
1027 1015 1193 1065 prelatis
1226 1013 1392 1052 ecclesie
1426 1012 1653 1051 cuiusmodi
1687 1020 1801 1049 erant

487 1075 663 1125 apostoli
696 1074 842 1124 signati
874 1086 946 1123 per
977 1074 1173 1123 templum
1208 1075 1328 1121 Syon,
1361 1073 1430 1109 sed
1462 1071 1502 1108 in
1531 1080 1618 1108 tota
1641 1069 1801 1107 civitate

488 1142 627 1172 sancta
647 1133 883 1178 Jerusalem,
916 1133 992 1169 hoc
1025 1141 1096 1177 est,
1129 1131 1170 1167 in
1193 1130 1407 1168 universali
1431 1129 1600 1167 ecclesia
1622 1128 1800 1165 fidelium

490 1191 705 1242 requiescit
738 1200 775 1228 et
807 1190 847 1227 in
877 1191 1098 1227 Jerusalem
1132 1189 1409 1237 triumphante
1448 1188 1586 1224 rutilat
1623 1195 1802 1236 potestas
1822 1191 1859 1223 15

490 1249 693 1300 sapiencie
726 1248 970 1298 supradicte.

548 1311 597 1345 Et
629 1307 685 1344 sic
718 1312 775 1354 (ut
808 1305 1077 1345 communiter
1111 1304 1272 1351 dicitur)
1316 1304 1535 1341 Jerusalem
1581 1303 1802 1340 secundum

491 1365 798 1416 quadruplicem
843 1377 1004 1402 sensum
1049 1363 1249 1412 scripture
1288 1371 1462 1411 quatuor
1496 1361 1627 1398 modis
1659 1360 1805 1398 intelli-

491 1425 596 1474 gitur
640 1425 680 1462 in
724 1423 936 1473 scriptura.
982 1425 1085 1459 Nam
1132 1422 1353 1458 secundum
1400 1433 1561 1458 sensum
1606 1419 1805 1456 literalem

492 1483 621 1532 signat
654 1482 858 1520 civitatem
893 1480 1249 1529 metropolitanam
1273 1481 1409 1525 Judee,
1444 1478 1485 1514 in
1517 1477 1629 1515 cuius
1652 1477 1805 1525 templo
1824 1491 1865 1513 20

493 1541 676 1579 Christus
708 1540 802 1578 fecit
834 1539 1008 1588 plurima
1037 1539 1142 1575 facta
1165 1551 1249 1584 sua,
1284 1538 1504 1574 secundum
1528 1548 1689 1573 sensum
1712 1547 1806 1571 vero

492 1599 792 1649 tropologicum
826 1597 958 1646 signat
997 1597 1223 1633 membrum
1272 1594 1438 1632 ecclesie
1482 1606 1720 1631 conversum
1766 1592 1807 1629 in

492 1657 707 1695 virtutibus
740 1665 784 1693 ut
816 1656 981 1693 castello
1026 1654 1156 1691 tucius
1202 1661 1497 1699 conversatum,
1543 1651 1670 1688 tercio
1714 1663 1808 1687 vero

495 1717 545 1753 ad
577 1728 736 1753 sensum
772 1713 1032 1763 allegoricum
1068 1712 1198 1761 signat
1230 1711 1441 1749 ecclesiam
1476 1710 1733 1755 militantem,
1766 1717 1809 1744 ut

496 1773 536 1810 in
568 1782 676 1811 textu
709 1772 934 1822 proposito.
968 1773 1017 1807 Et
1039 1772 1262 1807 concordat
1296 1768 1663 1817 correspondencia
1688 1767 1809 1804 inter-
1826 1771 1866 1804 25

496 1831 742 1881 pretacionis
777 1839 814 1868 et
846 1828 1122 1867 similitudinis
1145 1827 1337 1873 civitatis;
1373 1836 1409 1864 et
1433 1827 1655 1864 secundum
1680 1824 1810 1862 racio-

497 1903 588 1927 nem
621 1902 700 1938 qua
733 1888 880 1926 militat
918 1896 1086 1925 vocatur
1130 1888 1197 1923 hec
1241 1887 1378 1923 civitas
1421 1885 1674 1935 sanctificata,
1717 1882 1811 1932 quia

497 1947 846 1998 predestinacione
891 1955 929 1983 et
970 1945 1185 1982 virtutibus
1232 1957 1254 1981 a
1299 1942 1472 1980 Domino
1525 1951 1583 1979 est
1636 1942 1809 1978 firmata.

499 2008 653 2052 Quarto
684 2018 780 2042 vero
803 2006 853 2042 ad
877 2016 1039 2041 sensum
1063 2015 1315 2051 anagoycum
1344 2002 1474 2050 signat
1497 2000 1707 2037 ecclesiam
1731 2010 1808 2048 que

499 2074 557 2102 est
589 2077 747 2101 sursum
782 2072 819 2100 et
852 2063 1072 2100 secundum
1097 2061 1337 2110 Apostolum
1371 2061 1420 2097 ad
1446 2059 1532 2095 Gal.
1557 2059 1641 2104 IV0,
1668 2067 1734 2108 22,
1760 2056 1808 2092 23
1830 2063 1872 2096 30

500 2131 557 2160 est
590 2123 709 2158 libera
743 2129 868 2157 mater
900 2127 1046 2156 nostra.
1081 2121 1195 2156 Unde
1228 2119 1267 2155 in
1300 2118 1375 2155 isto
1409 2126 1517 2154 textu
1549 2128 1640 2152 cum
1664 2115 1812 2152 ibidem

501 2181 621 2217 habet
654 2179 823 2216 ecclesia
855 2179 1015 2227 plenam
1051 2190 1190 2226 pacem
1237 2176 1321 2213 sine
1365 2175 1502 2224 aliquo
1544 2175 1657 2210 hoste
1691 2172 1813 2221 capiti

501 2246 749 2287 repugnante
801 2236 1006 2285 signanter
1059 2235 1155 2272 dicit
1212 2235 1283 2271 hec
1337 2231 1550 2282 Sapiencia
1609 2232 1718 2281 quod
1777 2231 1813 2266 in

500 2296 716 2334 Jerusalem
750 2302 804 2332 est
834 2302 1007 2344 potestas
1037 2305 1120 2330 sua.

559 2355 608 2390 Et
640 2353 822 2402 sequitur
854 2353 894 2389 in
926 2360 1055 2388 textu:
1102 2352 1154 2387 Et
1198 2350 1375 2387 radicavi
1416 2349 1452 2385 in
1481 2347 1626 2398 populo
1659 2346 1814 2383 lzonori-
1832 2350 1872 2385 35

491 2412 615 2463 ficato
648 2419 682 2449 et
715 2412 751 2447 in
779 2418 896 2461 parte
927 2410 1004 2446 Dei
1047 2410 1121 2446 mei
1164 2409 1360 2445 hereditas
1405 2407 1508 2443 illius
1553 2413 1587 2442 et
1627 2405 1662 2441 in
1690 2404 1815 2455 pleni-

504 2471 634 2506 tudine
665 2477 891 2506 sanctorum
925 2468 1094 2505 decencia
1129 2479 1225 2504 mea.
1260 2469 1362 2502 Nam
1388 2466 1437 2502 ad
1460 2463 1618 2501 literam
1642 2462 1816 2512 populus

505 2528 746 2565 Israeliticus
790 2527 864 2564 fuit
908 2526 1069 2563 inclitus
1114 2528 1172 2570 (ut
1217 2523 1363 2561 dicitur
1410 2525 1526 2559 Deut.
1567 2522 1632 2570 IV)
1680 2519 1816 2557 multis

573 2659 602 2684 4.
624 2649 693 2678 DE:
712 2650 741 2677 si
758 2649 886 2685 quidem.
956 2648 983 2675 8.
1004 2648 1029 2676 E
1049 2648 1078 2675 in
1101 2655 1215 2682 marg:
1238 2647 1378 2674 Christus
1397 2648 1443 2673 est
1462 2644 1569 2673 David.
1637 2652 1677 2672 10.
1699 2642 1817 2671 Codd.:

503 2685 661 2721 portatile.
718 2684 756 2712 13.
768 2685 813 2711 A:
828 2684 966 2722 apostoli
977 2686 1074 2710 erant.
1132 2691 1140 2710 1
1166 2682 1208 2709 ‚D
1223 2681 1252 2709 in
1267 2690 1379 2716 marg:
1395 2680 1563 2708 Jerusalem
1575 2677 1819 2714 quadrupliciter

506 2719 625 2754 intellig
632 2719 702 2746 itur.
759 2718 798 2747 18.
811 2718 836 2746 E
847 2727 877 2745 in
894 2726 990 2752 marg.
1002 2727 1007 2745 :
1021 2717 1133 2745 Jerusa
1149 2725 1193 2744 em
1209 2718 1343 2752 quatuor
1355 2715 1452 2743 modis
1465 2714 1596 2742 sumitur
1608 2713 1638 2740 in
1652 2713 1816 2747 scriptura.

508 2754 627 2786 19.Ein
640 2762 735 2789 marg.
747 2763 752 2781 :
766 2761 789 2780 1.
839 2761 877 2781 21.
890 2753 915 2780 E
926 2753 956 2780 in
970 2760 1084 2788 marg:
1098 2759 1125 2778 2.
1176 2750 1219 2779 23.
1233 2751 1257 2778 E
1268 2752 1298 2779 iu
1312 2758 1408 2785 marg.
1419 2760 1424 2777 ε
1436 2758 1470 2785 3.
1521 2756 1566 2784 29.
1579 2747 1603 2775 E
1614 2748 1644 2775 in
1658 2755 1754 2782 marg.
1766 2756 1771 2774 :
1785 2753 1817 2780 4.

579 2847 608 2869 2.
635 2836 739 2869 Eccli.
766 2836 884 2876 XXIV,
908 2836 958 2868 15.
1059 2845 1108 2877 17.
1135 2835 1186 2866 De
1205 2844 1308 2866 sensu
1327 2832 1544 2875 quadruplici
1563 2833 1596 2864 S.
1613 2831 1817 2873 Scripturae.

509 2883 560 2916 Cf.
588 2885 697 2915 Serm.
724 2883 761 2915 P.
788 2883 810 2923 1,
838 2883 978 2921 Introd.‚
1005 2892 1082 2923 pag.
1109 2881 1194 2912 XIII.
