2062 3276
198 687 420 714 Perseverance

190 722 323 757 through
343 721 428 748 these

191 758 237 784 six
257 757 340 784 leads
362 761 392 783 10
413 764 428 782 a

220 792 348 819 sabbath
370 792 400 818 in

250 830 375 857 heaven.

202 2020 261 2050 we
282 2025 364 2049 must
384 2026 436 2048 not

198 2057 233 2083 be
253 2058 312 2085 idle
333 2064 371 2083 on
394 2058 443 2084 the

223 2093 333 2120 Lord's
355 2093 423 2129 day.

755 275 978 315 ,ffi'HA'NNIs
995 280 1181 312 WYCLIF
1201 279 1458 311 SERMONUM
1517 264 1668 323 [SERMO
1690 274 1767 302 Lm.

460 392 554 427 dum
579 390 843 439 philosophos
876 390 992 425 debet
1024 386 1231 424 velocitati
1262 398 1397 422 versus
1431 385 1565 421 finem.
1599 383 1639 420 Si
1664 383 1768 420 enirn

461 450 583 485 homo
622 447 672 484 sit
705 445 1026 484 conversacionis
1074 445 1220 481 munde
1266 443 1433 491 diligens
1467 445 1594 478 Deum
1639 454 1768 486 suum,

461 509 508 542 de
542 515 694 554 quanto
727 504 1028 553 appropinquat
1060 502 1116 539 illi
1150 503 1268 548 bono,
1303 503 1349 538 de
1373 509 1486 537 tanto
1509 500 1610 536 foret
1633 499 1769 545 lecior‚

462 577 553 601 cum
598 565 748 600 bonum
788 576 810 599 a
849 562 1012 599 remotis
1066 562 1361 609 apprehensum
1402 571 1473 606 per
1517 557 1772 606 approxima-

463 622 618 659 cionem
653 621 860 658 exhilarat.

520 682 630 725 Item,
665 679 787 716 timor
820 678 986 727 periculi
1020 676 1197 725 disponit
1230 677 1277 712 ad
1314 675 1395 711 eius
1420 673 1661 717 evasionem,
1696 685 1772 721 que

463 739 560 775 hora
593 737 731 774 mortis
755 746 792 773 et
816 737 898 772 dies
923 735 1058 772 iudicii
1089 744 1180 770 sunt
1202 743 1388 781 tempora
1421 731 1567 768 summi
1590 730 1771 780 periculi,

463 796 553 833 ideo
587 796 731 831 timens
756 797 883 830 Deum
919 794 1149 841 disponeret
1173 793 1222 828 ad
1246 804 1385 828 eorum
1420 789 1662 835 evasionem,
1697 801 1773 838 que

462 855 548 891 sola
580 862 658 890 stat
691 853 730 888 in
754 852 1016 889 observancia
1051 851 1334 887 mandatorum
1359 858 1395 885 et
1420 848 1590 885 maxime
1619 847 1773 896 positus

462 912 501 948 in
534 920 639 948 statu
671 910 899 959 periculoso
941 909 1052 946 cuius
1092 908 1249 945 devium
1290 906 1459 944 faciliter
1492 906 1601 942 ducit
1634 907 1683 942 ad
1717 905 1774 940 in-

462 971 617 1007 fernum
653 979 689 1005 et
723 980 924 1005 carcerem
957 975 1213 1016 perpetuum.
1248 965 1369 1013 Igitur
1402 963 1702 1001 ambulantibus
1735 963 1775 998 in

464 1029 538 1065 hac
577 1027 639 1064 via
677 1029 727 1064 ad
766 1025 939 1075 patriam
985 1023 1327 1062 necessariissima
1370 1022 1495 1059 virtus
1542 1030 1599 1058 est
1643 1033 1775 1069 perse-

463 1085 663 1133 verancia,
703 1085 787 1121 sine
819 1097 896 1133 qua
928 1084 1062 1120 nullus
1096 1091 1252 1119 certans
1286 1080 1468 1118 beatifice
1501 1079 1774 1116 coronabitur.

465 1146 557 1180 Ideo
602 1144 839 1180 inchoantes
884 1141 1088 1178 meritorie
1120 1140 1160 1176 in
1193 1139 1393 1188 principio
1433 1147 1469 1174 et
1510 1139 1775 1186 procedentes

465 1202 520 1238 sic
553 1202 593 1237 in
627 1201 772 1247 medio,
807 1202 901 1236 dum
936 1198 1182 1236 desinuerint
1215 1198 1253 1233 in
1287 1196 1460 1233 termino
1484 1197 1776 1244 perseverando
1817 1196 1828 1229 ἴ

466 1261 506 1296 in
538 1259 672 1308 gracia
706 1259 1065 1306 correspondentes
1098 1258 1146 1293 ad
1171 1255 1364 1304 Spiritum
1388 1256 1581 1291 Sanctum
1615 1262 1706 1290 sunt
1735 1262 1778 1289 ut

466 1318 521 1354 sic
554 1316 845 1365 dampnabiles.
880 1316 1032 1352 Idcirco
1066 1314 1161 1351 dicit
1186 1313 1368 1350 Christus
1391 1312 1558 1348 Matthei
1580 1313 1685 1357 V110,
1711 1322 1776 1348 21:

469 1377 554 1412 Non
599 1376 720 1411 omnis
758 1375 822 1423 qui
865 1375 954 1410 dicit
998 1374 1092 1409 mihi
1125 1373 1300 1415 Domine,
1344 1371 1509 1407 Domine
1552 1370 1710 1406 intrabit
1742 1370 1778 1405 in

469 1446 633 1484 regnum
672 1434 857 1475 celorum,
897 1445 986 1468 cum
1032 1431 1395 1478 correspondenter
1434 1428 1580 1465 dicitur
1613 1427 1779 1464 Matthei

468 1493 606 1537 XXV0‚
644 1504 704 1537 11,
737 1501 803 1527 12:
849 1490 1027 1537 Domine,
1072 1489 1237 1525 Domine
1280 1487 1392 1537 aperi
1433 1487 1550 1524 nobiS.
1600 1488 1649 1522 At
1694 1485 1778 1522 ille:

469 1552 601 1593 Amen,
625 1550 708 1585 dico
732 1549 837 1585 vobis
858 1549 982 1585 nescio
1007 1560 1086 1590 vos,
1121 1546 1271 1583 scilicet
1294 1545 1558 1593 approbando
1582 1545 1631 1580 ad
1655 1543 1779 1580 beati-

469 1608 663 1653 tudinem,
710 1606 806 1655 quia
849 1606 1020 1643 deficitis
1052 1605 1091 1640 in
1124 1604 1250 1641 tercio
1295 1603 1408 1651 signo
1453 1603 1560 1650 quod
1595 1610 1651 1638 est
1688 1613 1779 1649 pec-

471 1675 604 1703 catum
646 1665 775 1701 finalis
813 1663 1095 1712 impenitencie
1128 1662 1168 1698 in
1202 1661 1394 1710 Spiritum
1429 1662 1636 1697 Sanctum.
1683 1661 1780 1695 Istas

471 1724 606 1772 itaque
640 1735 779 1759 causas
813 1723 1004 1759 debemus
1039 1720 1226 1767 colligere
1260 1728 1295 1756 et
1330 1719 1370 1755 in
1403 1720 1571 1755 sabbato
1611 1718 1779 1754 salutem

472 1782 606 1818 anime
639 1790 775 1817 nostre
807 1780 984 1817 studiose
1017 1779 1206 1821 recolere,
1247 1777 1339 1825 quia
1374 1776 1506 1813 deficit
1539 1776 1595 1812 illi
1628 1775 1835 1811 homini-1

473 1840 619 1877 caritas
658 1839 845 1875 ordinata
883 1838 950 1887 qui
988 1846 1079 1886 post
1112 1849 1176 1873 sex
1209 1835 1291 1872 dies
1331 1834 1474 1883 quibus
1514 1833 1633 1870 servit
1673 1832 1782 1870 carni

474 1908 509 1935 et
543 1898 677 1934 seculo
710 1910 791 1933 non
823 1896 941 1933 servit
980 1904 1069 1944 post
1108 1894 1278 1942 spiritui,
1324 1906 1413 1930 cum
1459 1892 1591 1928 omnis
1636 1891 1782 1928 caritas

474 1956 615 2004 incipit
648 1968 669 1992 a
703 1967 743 1991 se
776 1955 876 2003 ipsa.

534 2016 627 2050 Post
661 2013 807 2049 dictam
842 2013 977 2060 itaque
1011 2010 1318 2047 meditacionem
1344 2010 1460 2045 debet
1483 2008 1648 2044 devotus
1682 2006 1783 2043 chri-

475 2072 627 2109 stianus
671 2072 861 2108 accedere
894 2071 943 2107 ad
977 2069 1184 2106 ecclesiam
1221 2077 1256 2104 et
1295 2079 1489 2116 suspensa
1533 2064 1784 2114 cogitacione

476 2130 583 2167 circa
627 2128 824 2166 secularia
868 2127 1036 2176 negocia
1081 2135 1275 2176 quantum
1325 2124 1471 2161 sufficit
1515 2123 1700 2172 prosilire
1746 2122 1784 2158 in

477 2190 661 2225 devotam
695 2186 942 2232 oracionem,
982 2185 1021 2221 in
1054 2184 1247 2221 humilem
1280 2182 1390 2219 verbi
1424 2181 1495 2218 Dei
1529 2180 1783 2218 audicionem

475 2247 536 2282 vel
587 2244 911 2294 predicacionem
957 2252 994 2279 et
1042 2243 1119 2279 alia
1171 2241 1398 2290 spiritualia
1443 2240 1505 2276 vel
1557 2239 1785 2287 corporalia

477 2316 601 2352 opera
655 2301 941 2347 misericordie,
994 2301 1357 2348 correspondenter
1405 2298 1455 2334 ad
1505 2305 1677 2346 quatuor
1728 2295 1785 2332 in-

478 2361 605 2410 signia
650 2360 727 2397 diei
761 2359 976 2406 dominice,
1010 2358 1065 2395 sic
1104 2359 1211 2407 quod
1245 2357 1284 2393 in
1317 2357 1428 2392 nullo
1462 2364 1669 2392 momento
1702 2353 1811 2390 dia--

478 2420 593 2456 bolus
626 2418 889 2456 christianum
923 2416 1110 2466 precipue
1143 2416 1183 2452 in
1215 2415 1282 2451 illo
1306 2414 1369 2451 die
1392 2412 1568 2450 inveniat
1590 2412 1784 2457 ociosum,

480 2490 524 2514 eo
564 2478 671 2526 quod
713 2476 753 2512 in
793 2475 968 2512 sabbatis
1007 2473 1207 2511 solicicius
1245 2481 1418 2520 temptat
1458 2470 1654 2517 homines,
1696 2483 1785 2506 cum

479 2545 574 2571 tunc
618 2534 809 2583 precipue
852 2533 926 2569 sibi
972 2533 1226 2580 proficerent,
1272 2539 1309 2567 et
1341 2528 1491 2566 invidia
1524 2537 1656 2565 movet
1696 2541 1785 2565 eum

480 2594 714 2641 perturbare
768 2591 1030 2636 christicolas,
1083 2590 1245 2638 quando
1289 2588 1449 2624 estimat
1492 2587 1580 2635 plus
1627 2597 1786 2623 nocere.

1789 616 1805 649 5

1793 918 1832 939 10

1795 1496 1837 1517 20

481 2652 594 2686 Unde
633 2658 799 2698 propter
843 2649 1041 2685 defectum
1087 2646 1235 2684 noticie
1268 2655 1305 2683 et
1337 2644 1514 2694 practice
1558 2643 1846 2686 huiusmodi40

549 2814 574 2834 2.
596 2806 670 2834 DG:
698 2807 790 2834 homo
810 2807 903 2834 deest.
983 2804 1007 2832 3.'
1029 2805 1144 2838 lecior;
1168 2804 1211 2831 A:
1239 2804 1387 2831 locorum.
1467 2804 1495 2831 6.
1518 2801 1591 2830 DG:
1638 2809 1675 2829 ue
1694 2801 1788 2828 deest.

480 2842 619 2870 Rectius:
646 2842 731 2877 quia.
877 2840 913 2868 15.
934 2839 1007 2867 DG:
1034 2840 1131 2871 sicut;
1155 2839 1196 2866 ib.
1218 2838 1260 2865 D:
1291 2838 1409 2868 media:
1439 2838 1480 2865 ib.
1502 2837 1575 2864 DG:
1624 2835 1789 2871 efinierint.

483 2884 524 2906 ιο,
545 2878 588 2904 A:
616 2877 667 2903 cui
684 2875 972 2911 correspondenter.
1062 2873 1104 2902 33.
1126 2874 1199 2901 DG:
1225 2873 1271 2900 vel
1289 2873 1364 2900 alia.
1456 2871 1501 2898 36.
1523 2872 1568 2899 G:
1589 2870 1739 2906 precipue
1758 2870 1788 2896 in

482 2909 583 2943 d'eest;
612 2911 652 2938 li:
680 2911 710 2937 in
732 2911 826 2938 deest.
898 2918 948 2943 40.
970 2909 1011 2936 D:
1038 2909 1191 2944 defectum
1211 2908 1305 2934 deest.
