2062 3276
141 258 220 302 254

137 896 205 923 0111·
226 896 411 923 instrument

137 932 183 957 ι’.)ι·
205 932 289 957 work
311 932 336 957 is
361 932 410 957 the

175 966 247 992 saith
270 966 303 992 ιη’
321 966 369 992 the

207 1000 340 1027 Chnrch.

724 267 947 298 „IOHANNIS
965 266 1150 297 WYCLIF
1170 265 1425 297 SERMONUM
1461 252 1612 309 [SERMO
1632 263 1738 291 XXIX.

431 373 543 408 Unde
588 372 689 408 sicut
735 372 955 419 corporalis
989 371 1224 408 exercitacio
1266 373 1444 407 membra
1490 373 1737 418 corroborat,

428 428 484 465 sic
517 429 736 477 spiritualis
770 429 1005 466 exercitacio
1029 429 1255 465 evidencius
1279 429 1509 465 interiorem
1532 429 1736 465 hominem

428 487 594 533 animat,
620 487 803 524 habilitat
827 496 863 523 et
887 487 1075 524 fortificat
1098 488 1147 523 ad
1172 488 1366 523 laborem.
1403 488 1580 523 Econtra
1604 496 1736 523 autem

427 544 560 580 ocium
606 546 723 591 laxat,
778 545 964 593 apporiat
1010 554 1046 581 et
1092 554 1264 590 enervat,
1318 544 1443 580 immo
1488 544 1590 580 sicut
1636 556 1738 593 aqua

427 602 638 639 actualiter
682 603 872 639 calefacta
927 611 1090 651 propter
1144 602 1449 639 commixtiones
1502 601 1736 650 frigidarum

428 660 610 707 parcium
644 661 746 697 redit
780 662 829 696 ad
863 660 1122 708 frigiditatem
1158 660 1365 708 antiquam
1401 669 1437 696 et
1471 659 1593 695 cicius
1633 672 1738 707 aqua

428 717 662 766 simpliciter
706 718 849 765 frigida
895 719 1138 765 congelatur,
1186 719 1547 765 correspondentes
1591 716 1737 765 partim

429 775 576 821 fidelis3
623 777 672 812 ad
718 788 836 824 quem
883 788 1041 812 sensum
1078 776 1261 812 Salvator
1293 775 1461 812 Matthei
1493 776 1649 821 XX1V0‚
1692 784 1735 810 12

427 833 671 880 prenosticat
704 834 812 881 quod
846 834 1080 883 refrigescet
1112 834 1257 869 caritas
1290 834 1514 869 multorum.

484 891 578 927 Viso
603 903 698 939 ergo
723 892 829 939 quod
854 900 1011 939 oportet
1036 891 1225 927 continue
1248 891 1433 927 laborare
1456 891 1736 926 descendendo

427 949 710 996 particularius
755 957 913 997 oportet
951 958 1091 985 notare
1131 948 1279 985 asciam
1319 949 1379 985 vel
1425 948 1734 984 instrumentum

428 1006 634 1054 operandi,
668 1008 774 1055 quod
810 1007 972 1042 indubie
1006 1016 1062 1043 est
1097 1006 1194 1042 fides
1218 1006 1396 1051 ecclesie,
1431 1015 1473 1041 ut
1497 1014 1606 1053 patet
1631 1007 1735 1041 Luce

428 1065 564 1109 XVHO,
591 1066 632 1101 6:
660 1065 702 1099 Si
724 1065 935 1101 habueritis
958 1065 1239 1114 tantamfidenz
1263 1065 1360 1099 sicut
1380 1076 1550 1114 granum
1574 1063 1730 1112 sinapis,

429 1122 561 1158 dicetis
593 1122 679 1158 huic
717 1123 854 1158 arbori
889 1135 1018 1158 moro:
1057 1122 1278 1158 Eraclicare
1310 1129 1345 1157 et
1377 1121 1669 1170 transplantare
1701 1121 1736 1155 in

429 1192 549 1226 mare,
573 1187 607 1215 et
630 1180 775 1216 obediet
799 1181 914 1217 vohis.
941 1182 987 1216 Et
1012 1188 1102 1227 post
1125 1179 1306 1227 adiungit
1328 1179 1504 1215 officium
1529 1178 1735 1226 operandi.

429 1239 598 1285 Oportet
614 1237 716 1274 enim
735 1238 894 1274 fidelem
911 1237 1139 1286 operarium
1157 1238 1303 1274 habere
1328 1237 1446 1273 fidem
1470 1236 1736 1284 pungitivam,

429 1304 586 1331 acutam
630 1304 666 1331 et
707 1308 889 1343 asperam
926 1304 961 1332 et
994 1308 1073 1331 non
1113 1296 1283 1332 lacteam
1319 1304 1355 1331 et
1395 1294 1616 1331 remissam.
1649 1293 1737 1330 Tali

429 1353 533 1389 enim
559 1353 634 1389 fide
667 1353 793 1390 sancti
827 1353 1007 1389 vicerunt
1041 1365 1175 1401 regna,
1209 1352 1363 1401 operati
1396 1361 1487 1388 sunt
1519 1351 1733 1397 iusticiam,

429 1410 561 1458 adepti
584 1420 674 1447 sunt
700 1411 1042 1459 repromissiones,
1069 1420 1109 1447 ut
1133 1410 1307 1447 ostendit
1322 1411 1539 1458 Apostolus
1556 1410 1733 1446 Hebreo-

429 1482 513 1504 rum
549 1470 634 1505 XI0.
681 1469 721 1505 Si
756 1469 861 1505 enim
906 1471 1130 1506 membrum
1172 1468 1320 1505 diaboli
1365 1477 1407 1504 ut
1440 1469 1662 1504 Alexander
1695 1476 1731 1503 et

429 1526 548 1563 ceteri
607 1536 892 1575 conquestores
943 1539 1014 1574 per
1059 1527 1177 1563 fidem
1230 1526 1506 1574 imperfectam
1553 1525 1731 1562 vicerunt

429 1596 550 1631 regna
572 1584 773 1621 laborioso
798 1585 1014 1621 certamine
1038 1584 1251 1632 corporali,
1284 1592 1435 1632 quanto
1460 1583 1584 1631 magis
1609 1596 1731 1619 mem-

430 1643 544 1677 brum
569 1642 717 1678 Christi
750 1656 820 1690 per
853 1642 972 1678 fidem
1005 1642 1202 1678 sinceram
1237 1651 1273 1678 et
1306 1650 1464 1678 acutam
1489 1649 1730 1689 cooperante

430 1700 622 1741 Domino:
657 1701 765 1748 quod
797 1700 926 1748 patuit
950 1700 988 1736 in
1013 1699 1272 1736 conversione
1292 1699 1475 1747 gencium
1501 1700 1551 1735 ad
1574 1698 1731 1746 religio-

428 1770 518 1793 nem
554 1758 701 1794 Christi
735 1758 831 1806 ipsis
865 1757 1036 1794 maxime
1068 1757 1251 1794 odiosam
1292 1769 1361 1805 per
1399 1769 1550 1805 paucos
1584 1755 1764 1795 Christi„

427 1815 659 1863 discipulos,
683 1824 726 1851 ut
748 1824 857 1863 patet
881 1815 919 1851 in
942 1828 1133 1863 processu
1149 1817 1320 1851 Actuum
1340 1816 1629 1863 apostolorum.
1654 1814 1732 1862 Ipsi

427 1872 531 1909 enim
548 1873 822 1909 transformati
845 1881 935 1909 sunt
958 1885 980 1908 a
1005 1885 1118 1909 moro
1142 1872 1181 1909 in
1204 1873 1337 1917 vitem,
1362 1872 1553 1909 eradicati
1578 1874 1625 1909 de
1643 1884 1732 1920 pec-

426 1930 524 1966 catis
547 1931 870 1978 profundissimis
896 1940 932 1966 et
955 1930 1236 1979 transplantati
1260 1930 1300 1966 in
1323 1943 1432 1966 mare
1451 1930 1732 1966 amaritudinis

426 1997 463 2024 et
486 1998 575 2036 post
598 2001 711 2025 secus
736 1990 925 2025 decursus
959 2001 1154 2036 aquarum
1188 1988 1483 2024 fructificarunt
1517 1987 1732 2024 uberrime.

426 2046 466 2081 Si
501 2058 593 2094 ergo
633 2046 697 2082 isti
738 2046 931 2082 mundani
971 2046 1010 2082 in
1051 2046 1127 2082 fide
1167 2059 1238 2082 sua
1276 2046 1408 2082 fallaci
1447 2045 1603 2094 operati
1643 2054 1732 2082 sunt

426 2113 586 2151 regente
620 2104 780 2141 diabolo
813 2117 934 2152 opera
957 2103 1223 2152 corporaliter
1247 2112 1327 2140 tam
1354 2104 1491 2148 forcia,
1526 2105 1732 2152 quomodo

428 2161 539 2197 miles
573 2162 720 2198 Christi
754 2162 840 2209 ipso
874 2163 974 2197 duce
1005 2161 1166 2198 iuvante
1199 2174 1280 2197 non
1313 2170 1547 2208 operaretur
1579 2160 1733 2197 facilius

426 2231 526 2266 opus
570 2219 726 2256 iusticie
771 2219 1035 2267 spiritualiter
1079 2219 1193 2265 forte,
1242 2219 1273 2254 si
1317 2219 1443 2255 eciam
1489 2219 1566 2254 tiro
1610 2217 1732 2255 seculi

427 2276 719 2324 adipisceretur
763 2276 1025 2313 hereditatem
1073 2285 1271 2312 terrenam
1318 2285 1354 2312 et
1399 2277 1632 2313 thesaurum
1667 2278 1734 2312 ab-

426 2334 652 2370 sconditum
687 2347 708 2371 a
742 2334 904 2370 diabolo
937 2334 998 2370 vel
1032 2334 1114 2370 eius
1149 2335 1330 2370 membro
1363 2334 1558 2370 fallaciter
1598 2346 1734 2382 repro-

428 2391 604 2438 missam⁷
639 2393 844 2440 quomodo
880 2392 1005 2439 magis
1040 2391 1152 2428 miles
1169 2391 1316 2427 Christi
1342 2404 1422 2427 non
1446 2391 1735 2440 adipisceretur

427 2462 496 2496 per
530 2449 703 2486 medium
746 2451 853 2497 quod
888 2449 1069 2486 Christus
1103 2449 1239 2485 docuit
1273 2458 1309 2484 et
1343 2449 1527 2496 promisit
1568 2462 1733 2497 regnum

497 2614 517 2639 ι,
533 2613 556 2631 2.
574 2605 674 2633 DGH:
699 2606 834 2633 membra
853 2622 877 2625 —
896 2606 1082 2633 exercitacio
1098 2606 1196 2638 dcem
1220 2606 1259 2632 ib.
1276 2607 1319 2633 A:
1341 2609 1370 2632 el
1389 2606 1585 2634 corroborat.
1642 2604 1734 2632 &1121-

426 2640 545 2668 bilitas:
566 2640 607 2666 h:
629 2640 790 2673 l11cmiliat;
811 2641 852 2667 G:
875 2641 1046 2669 humilitat:
1073 2640 1113 2667 ib.
1137 2640 1180 2666 G:
1201 2641 1334 2667 laborem
1355 2641 1443 2667 laxat.
1523 2649 1552 2674 4.
1574 2641 1619 2667 ‹;:
1639 2641 1736 2673 laxat,

426 2674 544 2709 appelit
564 2677 611 2705 et‚·
631 2675 672 2702 D:
690 2678 843 2709 appareat
861 2677 1053 2709 apparenter
1067 2678 1214 2706 enervat:
1233 2674 1275 2701 H:
1292 2678 1456 2710 apporeat.
1513 2675 1537 2702 5.
1553 2675 1737 2706 actzmliler;

428 2708 468 2734 h:
491 2709 735 2736 accidentaliter.
802 2710 828 2735 8.
849 2710 894 2736 A:
915 2717 1031 2736 sensus.
1095 2717 1134 2736 10.
1157 2709 1198 2736 D:
1221 2709 1331 2744 igitur.
1397 2717 1430 2736 11.
1453 2710 1525 2736 DG:
1549 2710 1596 2736 vel
1614 2710 1734 2736 z'uslnm.

428 2750 464 2769 12.
481 2744 524 2769 G:
548 2746 592 2769 est
605 2743 685 2775 fides
698 2744 796 2770 twice.
855 2745 895 2771 iti.
912 2744 935 2770 Ι)
952 2744 980 2770 in
998 2751 1094 2777 marg.
1105 2753 1111 2768 :
1124 2743 1282 2770 Labor-are
1295 2744 1439 2770 conlinue
1452 2745 1482 2771 in
1497 2744 1586 2770 vinea
1605 2743 1734 2770 Domini.

428 2784 468 2811 ις».
492 2777 535 2804 11:
554 2778 788 2812 promissiones.
855 2786 893 2804 21.
914 2778 1021 2805 AGH:
1044 2778 1200 2813 injectam.
1258 2786 1302 2805 22.
1326 2779 1369 2805 A:
1391 2779 1564 2812 corporale.
1621 2786 1666 2811 24.
1693 2780 1734 2804 u:

426 2812 510 2846 quod
527 2815 556 2838 el
575 2812 850 2847 mirabilesaclum
872 2816 925 2839 ext.
1018 2811 1179 2847 3rjbrcia
1202 2813 1339 2847 sequitur
1360 2814 1466 2839 lacuna
1489 2813 1518 2839 iu
1540 2812 1584 2845 G;
1613 2812 1653 2838 li:
1675 2815 1735 2838 lam

425 2846 520 2873 sucin.
618 2845 786 2881 &sorum-
812 2847 854 2873 D:
873 2847 1028 2886 sormam.
1127 2846 1171 2879 34.
1195 2847 1237 2873 Ηῑ
1264 2847 1435 2882 αιίᾲηῖγυνῐί.
1532 2846 1573 2880 35,
1593 2846 1639 2874 30'.
1663 2847 1734 2872 lui:

427 2881 633 2915 repromissa:
654 2886 747 2907 recte:
776 2889 1001 2915 repronumum.
1064 2881 1109 2908 36.
1132 2881 1173 2908 Η;
1196 2881 1393 2915 admisceret.
1456 2882 1499 2916 37.
1523 2881 1564 2908 Η;
1593 2884 1622 2908 et
1641 2881 1734 2908 deest.

1756 606 1772 638 5

1758 909 1796 929 10

1758 1186 1794 1218 15

1750 1485 1791 1506 20
