2062 3276
239 271 375 302 samio
397 271 468 299 xlv
480 262 503 319 .]
726 273 917 314 QUARTA
946 273 1072 305 PARS.
1777 283 1786 306 1
1803 278 1823 304 2
1838 281 1845 302 1

243 380 615 431 peregrinacionem
652 381 825 417 mundus
858 393 879 416 a
914 379 1095 427 crimine,
1135 393 1271 428 ymmo
1311 394 1392 418 non
1431 393 1563 431 posset

242 441 351 477 illam
385 438 757 488 peregrinacionem
792 451 883 475 cum
917 438 992 475 ista
1026 438 1263 475 credulitate
1295 438 1484 488 incipere.

300 501 380 535 Nec
424 498 527 534 valet
581 496 788 545 responsio
842 496 1062 544 sophistica
1115 509 1236 545 quam
1292 497 1354 534 hic
1407 510 1563 546 ponunt
1605 508 1725 548 'They
1746 518 1813 548 say·

242 556 392 593 scilicet
425 557 533 604 quod
567 555 621 591 sic
653 554 845 591 itinerans
879 554 1041 591 habebit
1066 555 1225 602 plenam
1250 554 1546 604 indulgenciam
1605 544 1786 577 mdulgence
1807 553 1832 571 ¹⁵

1557 588 1564 604 ι
1615 579 1686 604 onlv
1707 578 1755 605 for
1776 580 1826 606 the

210 615 338 651 §dum
372 626 461 650 vere
486 613 691 650 confessus
716 612 836 649 fuerit
860 622 896 649 et
920 612 1132 659 contritus,
1167 612 1261 661 quia
1285 616 1343 658 (ut
1366 625 1565 652 noverunt
1580 609 1721 647 C‘)¹¹¹s3¹0’
1739 613 1856 641 butum

243 672 377 721 logici)
431 671 597 720 quilibet
649 683 740 707 vere
793 671 997 707 confessus
1050 679 1086 706 et
1132 670 1328 707 contritus
1373 671 1564 721 quicquid
1587 648 1853 710 coniiviir'it‘iiinm

244 730 393 776 fecerit,
427 739 470 766 ut
503 738 600 777 puta
633 728 663 765 si
697 742 836 765 omnes
876 730 1105 765 sacerdotes
1145 728 1320 765 viventes
1358 730 1562 777 occiderit,

244 788 317 825 erit
351 787 486 824 habita
531 786 778 824 contricione
822 786 1001 836 plenarie
1047 787 1265 823 absolutus.
1321 788 1426 834 Quid
1472 801 1566 837 ergo

244 847 346 883 valet
378 845 433 882 sic
468 845 706 882 defraudare
740 845 975 882 ecclesiam?

192 917 229 937 10
302 906 382 941 Nec
414 904 517 940 valet
550 902 675 939 tercio
708 905 816 951 quod
860 904 1002 940 fratres
1047 901 1339 939 necessitantur
1383 917 1456 952 pro
1501 907 1648 953 de-The
1670 916 1856 954 conpnands

245 962 424 999 fensione
457 961 517 998 sui
551 960 703 997 ordinis
737 970 774 998 et
818 974 984 998 suorum
1030 959 1285 1008 superiorum
1330 962 1565 1000 obediencia
1581 953 1610 976 ⁰¹
1632 958 1857 985 superma-ase

1582 992 1620 1011 no
1635 993 1762 1015 excuse:
1780 986 1854 1012 such

245 1020 300 1057 sic
334 1020 484 1068 fingere
517 1019 558 1056 in
591 1020 665 1056 hac
698 1028 825 1067 parte,
860 1019 954 1068 quia
990 1018 1226 1055 maledictus
1260 1019 1310 1056 sit
1343 1020 1432 1056 talis
1465 1023 1565 1057 ordo
1628 1020 1812 1046 commands

246 1088 282 1115 et
322 1078 411 1115 talis
455 1077 692 1114 obediencia
737 1091 816 1126 qua
861 1086 1000 1114 contra
1046 1077 1165 1113 fidem
1200 1077 1347 1114 Christi
1393 1078 1566 1116 militant
1626 1055 1812 1125 ἷίιζῖἒξνεὺᾱῖ

247 1149 338 1173 cum
372 1145 485 1185 patre
519 1135 733 1182 mendacii,
768 1136 862 1184 quia
895 1135 1058 1171 indubie
1092 1143 1135 1171 ut
1168 1134 1223 1171 sic
1246 1135 1457 1173 incurrunt
1480 1150 1564 1174 om-

193 1196 229 1229 15
246 1207 338 1231 nem
371 1194 651 1231 infidelitatem
685 1202 722 1230 et
754 1206 873 1230 omne
906 1206 1030 1242 genus
1065 1193 1219 1241 peccati
1252 1196 1360 1242 quod
1393 1208 1473 1232 non
1507 1196 1562 1232 fa-

247 1262 383 1290 cerent
416 1261 580 1301 propter
612 1254 756 1299 Deum,
801 1252 890 1289 ideo
924 1260 1015 1288 sunt
1060 1259 1103 1287 ut
1147 1250 1203 1288 sic
1247 1253 1565 1300 blasphemiores

248 1311 420 1359 dyabolo
454 1320 491 1347 et
524 1324 545 1347 a
578 1318 664 1348 tota
697 1310 863 1347 ecclesia
895 1309 1163 1346 discredendi.

305 1371 386 1406 Nec
419 1369 521 1405 valet
554 1368 760 1405 evidencia
793 1382 872 1417 qua
905 1368 1061 1416 fingunt
1093 1367 1149 1404 sic
1183 1381 1298 1416 posse
1328 1369 1412 1406 fieri
1437 1379 1473 1406 et
1496 1383 1567 1419 per
1606 1380 1755 1416 certainly
1777 1384 1829 1407 not

249 1440 499 1475 consequens
533 1426 587 1463 sic
621 1439 704 1462 esse
736 1426 777 1462 in
809 1435 924 1463 tanto
958 1426 1088 1474 capite
1112 1428 1437 1475 supponendum,
1472 1428 1566 1477 quia
1591 1415 1846 1485 Ῑιζῗξξζέᾞῗρηξὸ

192 1497 232 1518 20
248 1485 412 1522 indubie
446 1484 502 1521 sic
535 1484 728 1521 inferrent
767 1497 810 1521 ex
844 1484 938 1533 ipsis
973 1484 1298 1521 contradictoriis
1340 1487 1566 1523 contradic·
1634 1485 1717 1512 since
1737 1485 1808 1512 each

248 1543 352 1580 toria
385 1543 608 1580 manifesta.
658 1544 752 1580 Ideo
797 1543 1026 1579 maledictus
1070 1543 1184 1579 homo
1229 1543 1292 1592 qui
1335 1545 1491 1594 confidit
1530 1545 1566 1581 in
1625 1520 1816 1582 caffillgrtthc

249 1602 400 1638 homine
432 1614 514 1637 non
546 1602 713 1638 fundato
746 1601 786 1637 in
820 1614 940 1638 causa
973 1600 1170 1649 superiori
1215 1601 1412 1650 scripture
1457 1603 1567 1651 quic-

249 1659 345 1708 quid
390 1658 544 1697 dixerit.
590 1661 740 1696 Rex‘era
785 1672 829 1696 ex
873 1672 993 1695 causa
1038 1658 1235 1696 consimili
1269 1669 1306 1696 et
1339 1660 1567 1698 evidencius

249 1719 421 1766 probare
454 1717 632 1766 poterint
664 1719 774 1766 quod
806 1717 947 1754 fratres
992 1717 1137 1766 singuli
1181 1717 1259 1754 sint
1303 1719 1565 1767 dampnandi,

192 1778 231 1810 25
249 1776 343 1825 quia
376 1775 474 1824 quid
508 1777 555 1812 de
588 1789 669 1812 uno
704 1789 809 1824 papa
843 1784 881 1812 et
914 1774 1012 1824 quid
1045 1777 1092 1812 de
1125 1775 1203 1812 alio
1236 1789 1340 1824 papa
1387 1777 1441 1814 sic
1481 1791 1567 1814 sen-

250 1834 359 1871 ciunt
392 1843 429 1870 et
460 1833 542 1870 vita
574 1834 743 1870 fratrum
774 1833 1061 1882 dampnacioni
1085 1833 1316 1871 huiusmodi
1339 1834 1565 1873 simulatur.

249 1895 330 1929 Nec
363 1892 502 1928 dubito
536 1892 632 1940 quin
666 1904 709 1928 ex
743 1892 818 1928 fide
852 1891 1048 1940 scripture
1091 1893 1152 1928 vel
1196 1892 1357 1929 racione
1395 1907 1476 1930 non
1510 1894 1568 1930 in-

249 1950 407 1986 venient
440 1950 654 1986 scintillam
687 1950 889 1988 evidencie
922 1963 995 1998 pro
1030 1951 1103 1986 hac
1136 1959 1250 1998 parte
1294 1952 1362 1987 sed
1402 1952 1567 1989 collecta

249 2018 333 2045 tota
378 2008 546 2044 fratrum
591 2008 794 2045 sentencia
840 2017 916 2044 stat
959 2008 1000 2044 in
1044 2008 1138 2045 isto:
1184 2010 1294 2057 Papa
1338 2018 1474 2046 noster
1512 2010 1566 2047 sic

193 2071 235 2103 30
250 2066 418 2114 precipit
452 2075 489 2103 et
522 2066 718 2113 concedit,
753 2079 846 2114 ergo
879 2079 1038 2113 verum3
1079 2068 1147 2102 sed
1181 2067 1350 2103 fratrum
1384 2068 1566 2109 societas,

250 2124 290 2160 in
324 2126 398 2161 hoc
431 2126 646 2161 adversans
689 2133 807 2173 negat
852 2124 1201 2173 consequenciam.
1248 2127 1339 2162 Ideo
1383 2126 1415 2162 si
1459 2139 1568 2162 omne

250 2195 416 2233 regumn
449 2183 485 2218 in
518 2195 558 2219 se
591 2183 755 2219 divismn
790 2183 1040 2229 desolabitur,
1080 2183 1254 2231 supponi
1293 2192 1424 2232 potest
1457 2186 1565 2233 quod

250 2253 417 2289 regnum
453 2241 620 2277 fratrum
656 2250 821 2289 propter
843 2241 959 2278 istam
984 2240 1262 2277 infidelitatem
1287 2252 1564 2291 presumptam

250 2299 431 2347 pacietur
463 2298 678 2347 ecclipsim,
725 2299 819 2348 quia
851 2313 931 2336 non
977 2299 1143 2335 dubium
1190 2299 1286 2348 quin
1331 2300 1566 2338 altrinsecus

194 2360 232 2394 35
251 2356 468 2405 proditorie
502 2357 740 2394 defraudant
774 2357 972 2403 ecclesias,
1019 2369 1110 2393 cum
1156 2358 1277 2394 homo
1310 2371 1391 2395 non
1425 2359 1566 2396 menti-

251 2424 359 2451 retur
390 2415 430 2451 in
462 2424 575 2452 tanta
608 2428 728 2452 causa
761 2417 808 2452 de
846 2416 1053 2452 voluntate
1088 2416 1250 2453 Domini
1295 2426 1459 2466 propter
1503 2431 1565 2454 ac-

250 2472 446 2521 quirenda
479 2473 612 2510 onmia
648 2486 768 2522 regna
803 2474 955 2520 mundi,
989 2487 1080 2510 curn
1106 2474 1289 2512 Christus
1322 2489 1402 2512 non
1426 2475 1566 2512 habuit

249 2540 488 2579 potestatem
534 2531 589 2568 sic
633 2532 857 2568 menciendi
902 2534 949 2568 de
995 2534 1185 2580 dyabolo;
1238 2534 1378 2570 fratres
1430 2543 1563 2570 autem

249 2589 425 2626 frontose
458 2598 496 2626 et
528 2589 725 2638 intrepide
758 2591 1016 2639 promulgant
1051 2590 1166 2628 istam
1196 2592 1441 2629 sentenciam
1465 2601 1566 2629 tam-

190 2662 235 2692 40
250 2660 371 2696 quam
407 2647 540 2685 fidem.

320 2766 344 2786 2.
367 2758 408 2786 D:
436 2767 501 2786 cum
520 2767 605 2792 (Ἴωνι,-
635 2760 674 2787 ib.
696 2760 766 2787 DE:
789 2762 941 2796 perficere
960 2761 1104 2797 incipere.
1197 2760 1224 2790 8.
1246 2762 1270 2790 E
1289 2761 1319 2790 in
1341 2770 1454 2797 marg:
1485 2762 1564 2789 Nota

250 2793 426 2830 diligenter.
484 2802 522 2828 17.
539 2795 583 2821 A:
605 2794 737 2829 dyabolo
758 2795 856 2823 twice.
912 2804 958 2823 20.
974 2797 1020 2823 A:
1041 2804 1079 2823 ex
1112 2797 1201 2831 apim
1220 2797 1260 2825 ib.
1276 2798 1321 2824 A:
1342 2797 1564 2825 contradiccio.

250 2836 290 2856 21.
311 2829 355 2856 A:
383 2829 422 2857 El
442 2829 521 2856 ideo.
594 2828 642 2863 34.
662 2830 708 2857 At
732 2830 832 2865 pacie.
906 2839 955 2864 40.
977 2830 1017 2858 E:
1039 2833 1065 2864 fi
1089 2839 1134 2858 em
1154 2836 1210 2859 etc.

322 2909 375 2933 21.
399 2901 466 2933 Jer.
490 2901 594 2942 XVII,
623 2901 652 2934 5.
750 2902 804 2935 31.
831 2902 946 2935 Lucae
970 2903 1026 2943 XI,
1050 2913 1099 2945 17.
