2062 3276
275 382 454 432 suscipit,
487 393 530 420 ut
553 397 679 421 semen
701 385 960 434 spiritualiter·
980 386 1115 434 fratri
1144 398 1212 421 suo
1245 387 1390 422 seniori
1420 386 1588 431 suscitet,

275 442 343 477 sed
389 441 514 490 magis
553 451 596 478 ut
635 443 741 480 laute
785 443 890 479 vivat
929 451 965 480 et
1006 443 1204 491 gloriosus
1250 453 1457 492 appareat.
1511 445 1588 480 Sed

275 511 365 535 cum
399 501 540 536 durum
579 501 759 536 iudicium
793 501 866 537 lziis
903 501 968 549 qui
999 509 1164 550 presunt
1185 502 1272 551 fiet,
1305 515 1386 538 non
1420 501 1586 538 dubium

274 556 370 605 quin
410 557 499 594 talis
537 558 639 595 sicut
678 558 798 595 ceteri
845 558 1017 595 finaliter
1062 559 1253 596 obstinati
1293 573 1365 608 pro
1405 568 1589 608 tempore

240 616 353 663 5quo
392 616 531 652 reddet
576 615 780 653 racionem
820 615 1086 653 villicacionis
1125 629 1193 653 sue
1234 617 1488 665 ignominose
1529 630 1588 654 re-

273 674 411 721 pulsus
444 673 663 722 proicietur
695 674 734 710 in
767 675 952 711 tenebras
987 674 1202 712 exteriores
1236 675 1367 724 ligatis
1401 675 1587 712 manibus

273 740 310 767 et
343 731 524 779 pedibus.
571 732 648 777 Qui
686 741 819 768 autem
861 732 900 768 in
939 732 1082 780 spiritu
1128 733 1340 779 seminant,
1388 733 1879 779 seminantTlmsewuqsow

273 788 312 824 in
357 789 712 826 benediccionibus
757 799 794 826 et
840 799 931 826 sunt
976 790 1033 826 illi
1079 804 1252 839 quorum
1296 792 1434 828 omnia
1479 793 1585 828 bona
1601 781 1630 800 ¹¹¹
1653 773 1878 837 tlffiesggfflntart*

272 855 364 883 sunt
396 849 447 883 ad
480 846 754 884 imitacionem
795 860 951 884 summe
991 848 1182 886 trinitatis
1223 853 1280 895 (ut
1313 850 1495 898 superius
1529 858 1586 886 est

219 904 511 952 xoexpositum)
565 907 789 954 exemplata
844 915 880 942 et
930 919 1000 954 per
1052 919 1302 955 consequens
1360 908 1585 945 benedicta.

273 963 404 1008 Quam
439 963 601 1012 quidem
636 963 964 1000 benediccionem
998 964 1039 1000 in
1071 965 1259 1013 operibus
1292 975 1482 1014 precatur
1514 965 1589 1002 sibi

273 1021 484 1058 psalmista
530 1023 602 1058 sub
648 1022 799 1070 triplici
851 1022 1016 1059 nomine
1069 1023 1163 1059 trini
1208 1023 1280 1060 Dei
1329 1023 1384 1060 ita
1432 1024 1587 1060 dicens:

270 1079 481 1115 Benedicat
512 1092 580 1116 nos
612 1081 734 1127 Deus,
767 1081 875 1116 Deus
907 1088 1051 1128 noster,
1084 1082 1282 1118 benedicat
1313 1094 1380 1118 nos
1410 1083 1529 1119 Deus.

329 1137 394 1173 Sic
418 1137 539 1185 igitur
561 1138 704 1175 fratres
738 1138 936 1175 carissimi
959 1139 1205 1176 seminemus
1228 1139 1268 1176 in
1292 1139 1590 1177 benediccioni-

218 1196 254 1228 15
272 1195 358 1241 bus,
412 1196 506 1231 dum
553 1205 713 1245 tempus
759 1197 967 1243 habemus,
1022 1197 1116 1246 quia
1159 1211 1241 1235 non
1281 1198 1447 1234 dubium
1493 1198 1589 1247 quin

269 1261 366 1289 tunc
389 1262 572 1302 tempore
595 1267 667 1291 suo
692 1263 729 1291 et
752 1254 791 1290 in
814 1255 1169 1292 benediccionibus
1189 1265 1400 1303 metemus,
1425 1258 1588 1304 quando

270 1310 476 1348 veniemus
515 1324 605 1348 cum
642 1313 885 1350 exultatione
918 1322 1126 1362 portantes
1159 1314 1335 1351 fructum
1371 1314 1495 1351 divini
1529 1327 1588 1351 se—

271 1368 402 1406 minis.
429 1369 505 1415 Qui
530 1370 691 1419 quidem
716 1371 868 1408 fructus
893 1381 949 1407 est
972 1372 1219 1420 sempiterna
1243 1372 1385 1409 fruicio
1405 1372 1589 1409 beatifice

270 1426 463 1464 trinitatis
507 1441 627 1477 quam
674 1429 790 1465 nobis
836 1431 1033 1466 concedat
1078 1431 1266 1467 dominus
1300 1432 1406 1467 Deus
1452 1439 1589 1467 noster

213 1496 256 1517 20
270 1486 412 1522 Amen.

0 208 5 236 ι

0 262 12 508 ἱ
275 273 410 302 SERMO
432 263 572 321 xxx11.]
756 278 949 318 QUARTA
975 278 1101 311 PARs.
1796 270 1872 316 275

732 1623 928 1665 SERMO
962 1626 1132 1667 XXXII.

328 1717 502 1766 Respice,
523 1718 630 1768 fides
661 1726 725 1754 tua
759 1727 794 1755 te
825 1720 976 1756 salvum
998 1722 1111 1770 fecit.
1148 1723 1252 1758 Luce
1276 1723 1433 1768 XV1110,
1458 1732 1525 1769 42.

327 1775 536 1823 Superiori
581 1776 785 1814 dominica
832 1778 968 1814 docuit
1002 1779 1184 1816 Christus
1230 1780 1439 1817 ecclesiam
1487 1794 1586 1830 quo-
1677 1785 1809 1825 Clu-ist's

271 1834 392 1869 modo
425 1846 465 1870 se
498 1835 644 1871 habeat
677 1836 725 1871 ad
760 1835 1074 1874 seminacionem
1109 1847 1146 1874 et
1175 1838 1451 1875 retencionem
1476 1838 1584 1875 verbi
1662 1821 1812 1855 tcaclung.

212 1894 252 1926 25
270 1891 354 1927 Dei.
389 1893 431 1927 In
454 1892 660 1940 evangelio
684 1893 880 1930 hodierno
904 1896 1020 1931 docet
1044 1908 1114 1943 per
1147 1897 1354 1933 historiam
1381 1897 1582 1945 duplicem

269 1950 489 1985 secundum
529 1963 651 1998 quam
690 1951 942 1999 spiritualem
985 1954 1211 1990 doctrinam
1248 1955 1584 2003 multiplicabitur

269 2007 418 2043 dictum
444 2020 592 2055 semen,
617 2021 785 2045 narrans
810 2010 943 2058 primo
967 2013 1174 2059 quomodo
1196 2014 1406 2049 ascendens
1426 2014 1582 2049 Jeroso-
1622 2017 1677 2056 Hi}
1699 2018 1857 2056 prophecy

269 2066 399 2101 limam
445 2066 617 2114 predixit
663 2068 863 2104 duodecim
908 2070 1094 2118 apostolis
1138 2072 1328 2119 quomodo
1367 2072 1583 2107 tradendus
1638 2053 1835 2122 mpfflssissffn

267 2131 364 2159 esset
416 2123 666 2172 principibus
725 2128 988 2163 sacerdotum‘
1034 2137 1071 2164 et
1123 2129 1263 2164 scribis
1316 2141 1387 2177 per
1438 2131 1582 2165 Judam

211 2182 489 2218 308cariothis
537 2186 622 2230 (per
667 2184 777 2220 illum
832 2193 965 2221 autem
1013 2187 1227 2223 tradendus
1272 2195 1370 2223 esset
1406 2188 1586 2238 gentibus

266 2240 319 2274 ad
361 2241 928 2292 illudendum,flagellandum
968 2251 1003 2279 et
1041 2245 1376 2296 crucifigendum),
1422 2254 1456 2282 et
1494 2258 1584 2294 quo-

267 2299 381 2334 modo
420 2300 540 2334 tercia
581 2300 642 2336 die
680 2309 930 2351 resurgeret:
982 2311 1017 2338 et
1049 2302 1089 2338 in
1124 2304 1199 2339 hoc
1240 2304 1423 2340 consistit
1468 2304 1584 2352 spiri-

266 2356 385 2392 tualis
431 2357 616 2393 doctrina
660 2361 914 2395 sacerdotum
963 2359 1030 2408 qui
1077 2361 1185 2397 missi
1231 2371 1322 2398 sunt
1363 2364 1410 2398 ad
1453 2362 1585 2410 predi-

267 2416 440 2450 candum
474 2416 637 2451 verbum
674 2417 757 2453 Dei.

338 2569 366 2592 4.
389 2560 432 2588 Η;
460 2561 547 2588 tales.
648 2570 672 2597 7.
696 2562 768 2590 DG:
794 2563 846 2590 Illi
869 2568 969 2592 aulem
998 2565 1060 2600 qui.
1135 2566 1161 2593 S.
1186 2566 1227 2593 Ητ
1250 2567 1318 2599 isti;
1346 2567 1386 2595 ib.
1409 2567 1452 2594 H:
1481 2568 1584 2596 amnia

267 2602 374 2629 opera.
445 2603 478 2633 ξι.
495 2598 536 2623 H:
553 2597 583 2623 in
598 2597 742 2632 operibus
756 2598 850 2625 deest.
921 2598 958 2626 13.
976 2600 1048 2627 Do:
1064 2604 1095 2628 el
1107 2600 1275 2628 benedicat.
1346 2610 1386 2635 14-
1407 2602 1477 2630 DG:
1494 2611 1582 2639 ergo.

268 2638 306 2668 Π.
321 2630 365 2657 A:
387 2630 532 2658 divinum.
596 2639 637 2665 ¹9.
660 2632 702 2658 H:
724 2632 805 2660 Deus
819 2633 912 2660 deest.
976 2642 1014 2662 21.
1030 2635 1055 2661 D
1071 2635 1102 2661 in
1118 2644 1232 2671 marg:
1253 2637 1286 2663 In
1304 2636 1582 2673 Quinquagesimm

267 2664 308 2691 1b.
341 2665 383 2691 Ηε
414 2664 521 2693 Sermo
551 2665 696 2693 decimus.
798 2668 840 2702 25,
870 2668 917 2696 26.
947 2670 991 2696 A:
1024 2670 1183 2697 historiam
1214 2671 1364 2705 duplicem
1392 2673 1583 2707 spirilzmlem

267 2699 440 2726 doctrinam
459 2701 622 2727 secundum
643 2709 752 2736 quam:
777 2702 817 2729 ib.
841 2703 885 2730 G:
906 2704 1065 2731 lili-loriam
1089 2706 1261 2732 sensibilem
1287 2714 1377 2742 quam
1402 2708 1585 2742 specialem:

267 2733 310 2760 D:
337 2734 502 2761 secundum
528 2743 618 2770 quam
641 2736 812 2771 specialem.
892 2746 939 2772 29,
967 2738 1012 2766 30.
1043 2740 1084 2766 H:
1106 2740 1300 2775 principibus
1328 2757 1351 2761 —
1384 2745 1465 2769 esset
1488 2742 1582 2769 deest.

266 2766 305 2796 31.
326 2768 368 2795 D:
390 2769 669 2806 etflagellandum.
743 2770 784 2798 33.
807 2772 850 2799 G:
873 2773 951 2800 iussi
966 2777 1044 2801 sunt.

343 2862 368 2883 1.
397 2853 482 2884 Gen.
501 2854 687 2894 XXXVIII,
706 2854 737 2886 8.
836 2858 864 2890 3.
892 2858 1036 2899 Sap.VI,
1056 2857 1087 2889 t).
1190 2860 1238 2892 13.
1265 2860 1392 2891 Psalm.
1414 2860 1530 2892 LXVI.
1549 2859 1581 2891 δ’.

270 2907 322 2929 21.
340 2899 468 2941 Gospcl
486 2900 538 2930 for
553 2900 854 2943 Quinquagcsima
871 2904 1024 2946 Sunday.
1100 2904 1152 2936 28.
1170 2905 1283 2937 Lucae
1299 2907 1418 2946 XVIII,
1437 2908 1581 2940 31—33.

1389 2966 1455 2995 182*-
