2062 3276
249 254 384 281 SERMO
407 243 560 300 xxxvl]
731 257 920 295 QUARTA
951 257 1075 288 PAR&

248 362 422 408 familia3
469 375 558 398 cum
607 362 656 398 sit
702 375 766 398 rex
799 376 918 410 super
962 375 1102 399 omnes
1149 363 1249 399 tilios
1289 365 1488 411 superbie,
1523 375 1559 401 et

248 420 302 457 ita
335 433 425 457 cum
456 421 592 470 plures
623 421 697 456 sint
740 420 874 463 vocati,
910 420 1028 469 pauci
1060 433 1149 456 vero
1182 421 1303 465 electi,
1343 421 1558 459 verisimile

247 487 305 515 est
338 479 446 527 quod
480 491 606 526 pauce
639 487 731 514 sunt
776 477 866 514 ville
898 478 959 513 vel
993 478 1305 515 communitates
1350 488 1417 515 aut
1451 480 1558 516 nulle

246 535 343 584 quin
376 535 416 572 in
449 536 504 572 eis
537 535 721 572 diabolus
764 535 814 571 sit
847 535 1033 584 princeps
1067 549 1157 573 cum
1192 538 1289 573 Deo.
1346 536 1410 573 Sic
1452 537 1557 574 enim

213 593 286 630 §in
320 603 518 631 conventu
552 593 699 630 Christi
732 593 806 629 fuit
836 594 958 630 Judas
992 593 1179 631 Scarioth
1218 594 1320 631 inter
1352 596 1559 643 apostolos

247 664 289 689 ex
334 661 447 700 parte
491 651 654 688 diaboli.
701 653 777 688 Sed
823 651 997 688 obicitur
1042 665 1112 700 per
1144 653 1220 688 hoc
1260 654 1369 701 quod
1402 652 1559 690 videtur

246 710 452 746 diabolum
486 722 567 746 esse
589 710 673 745 Deo
697 717 829 746 nostro
855 722 987 760 regem
1000 710 1238 758 sorcimem,
1271 723 1355 746 cum
1391 723 1556 761 regnum

244 780 360 805 suum
393 767 442 804 sit
475 767 636 814 forcius,
672 776 708 804 et
740 767 796 803 sic
831 769 936 804 Deus
969 776 1105 804 noster
1137 768 1241 804 foret
1273 769 1333 804 vel
1367 768 1558 817 insipiens

243 826 304 863 vel
337 825 562 872 malivolus,
596 827 704 874 quod
737 825 863 862 nescit
909 834 977 862 aut
1007 839 1089 862 non
1127 826 1210 862 vult
1243 826 1439 874 ampliare
1472 840 1557 875 reg-

191 896 337 920 1onum
372 897 502 920 suum.
548 884 626 920 Sed
659 883 806 920 dicitur
850 885 958 932 quod
992 885 1097 920 Deus
1137 893 1194 921 est
1239 883 1439 921 infinitum
1486 898 1556 933 po-

242 941 398 979 tencior
450 941 611 978 diabolo
672 950 709 978 et
753 954 921 989 regnum
968 942 1039 978 Dei
1092 951 1149 978 est
1196 951 1556 991 quantumcunque

244 999 513 1048 prestanciu33
560 999 672 1036 cuius
716 999 873 1047 signum
920 1008 978 1035 est
1011 1001 1119 1048 quod
1165 999 1349 1037 diabolus
1395 1010 1431 1037 et
1471 1010 1556 1037 tota

242 1057 395 1094 familia
442 1070 513 1094 sua
556 1057 678 1094 velint
720 1057 850 1093 nolint
893 1057 1068 1094 serviunt
1113 1060 1210 1094 Deo.
1263 1058 1404 1095 Omnis
1449 1058 1554 1095 enim

243 1125 427 1153 creatura
460 1115 579 1152 servit
612 1118 709 1160 Deo,
755 1115 939 1152 faciendo
973 1117 1080 1164 quod
1115 1117 1232 1152 debet
1264 1117 1324 1152 vel
1358 1116 1555 1165 paciendo

188 1176 350 1224 15quod
383 1175 513 1210 debet.
558 1175 650 1210 Ideo
684 1173 867 1210 diabolus
913 1186 1003 1210 cum
1050 1173 1240 1210 membris
1283 1174 1363 1210 suis
1403 1175 1555 1212 carceri

241 1234 425 1269 detrusus
469 1231 644 1268 ostendit
679 1231 751 1268 Dei
791 1231 1056 1268 maiestatem.
1111 1234 1287 1280 Regnum
1323 1232 1395 1269 Dei
1428 1232 1554 1269 eciam

240 1303 399 1339 semper
443 1291 627 1338 augendo
671 1289 854 1338 procedit
898 1302 1107 1339 quousque
1160 1289 1278 1326 fuerit
1323 1299 1465 1339 potens
1515 1291 1555 1327 in

240 1361 400 1385 summo
434 1350 580 1396 gradu3
614 1360 780 1396 regnum
815 1357 948 1384 autem
984 1347 1135 1385 diaboli
1175 1348 1358 1397 procedit
1397 1361 1555 1397 semper

241 1406 537 1455 dampnificans
569 1418 610 1443 se
643 1406 774 1454 ipsum
810 1418 1020 1455 quousque
1043 1405 1161 1442 fuerit
1183 1406 1223 1442 in
1246 1419 1405 1443 summo
1429 1408 1555 1455 gradu

183 1464 497 1513 zoimpotencie.
543 1467 624 1501 Nec
671 1473 728 1500 est
774 1464 932 1512 signum
986 1463 1223 1512 insipiencie
1277 1466 1346 1501 sed
1399 1478 1556 1501 summe

239 1522 440 1572 sapiencie
485 1523 594 1571 quod
639 1525 744 1559 Deus
789 1522 951 1558 ordinat
1002 1522 1147 1559 milites
1199 1535 1292 1559 suos
1345 1522 1553 1560 exercitari

241 1594 330 1618 cum
356 1580 550 1626 hostibus,
575 1589 617 1616 ut
638 1579 853 1628 gloriosius
878 1589 1141 1627 coronentur3
1166 1580 1221 1616 sic
1246 1580 1352 1616 enim
1371 1580 1553 1618 Christus

237 1639 332 1676 vicit
365 1639 571 1676 diabolum
608 1641 667 1684 (ut
699 1647 808 1687 patet
841 1638 1009 1675 Matthei
1048 1640 1127 1686 IV).
1174 1640 1222 1675 Et
1267 1651 1427 1676 summa
1460 1652 1553 1675 con-

239 1697 344 1734 dicio
368 1696 563 1734 libertatis
588 1696 749 1733 Domini
779 1695 946 1745 requirit
969 1698 1077 1745 quod
1101 1709 1221 1733 nemo
1245 1696 1295 1733 sit
1328 1698 1376 1733 de
1400 1697 1553 1734 familia

182 1763 222 1795 25
238 1769 322 1801 sua,
350 1755 425 1791 nisi
453 1755 576 1803 gratis
591 1754 697 1791 velit.
723 1754 799 1791 Ubi
827 1763 991 1791 econtra
1017 1755 1201 1791 diabolus
1227 1768 1298 1803 per
1320 1755 1552 1792 exacciones

239 1823 275 1850 et
320 1813 559 1850 calliditates
603 1826 695 1850 suas
740 1812 942 1861 conquirit
987 1813 1060 1849 sibi
1106 1825 1273 1861 regnum
1319 1826 1391 1850 nec
1436 1813 1552 1850 aliter

240 1881 489 1908 mererentur
522 1871 622 1907 servi
657 1870 805 1907 Christi
850 1883 923 1906 nec
955 1872 1213 1907 demerentur
1251 1871 1352 1907 servi
1387 1871 1551 1915 diaboli,

238 1929 313 1966 nisi
346 1929 469 1977 gratis
502 1928 772 1966 consentirent
795 1929 970 1973 diabolo,
1004 1929 1070 1965 ubi
1099 1938 1262 1977 possent
1296 1930 1442 1965 habere
1474 1930 1552 1965 suf-

240 1987 376 2024 ficiens
409 1987 672 2026 adiutorium,
712 1986 743 2023 si
779 1986 995 2023 voluissent
1030 1987 1234 2022 humiliter
1267 1986 1382 2023 inniti
1417 1987 1552 2024 divino

181 2055 223 2086 30
238 2045 450 2093 suffragi03
485 2054 522 2081 et
554 2045 610 2081 sic
644 2054 752 2093 patet
786 2045 825 2080 in
849 2047 933 2081 Deo
965 2057 1125 2081 summa
1159 2045 1359 2093 potencia,
1393 2058 1551 2081 summa

238 2103 441 2152 sapiencia
475 2112 512 2139 et
545 2116 703 2139 summa
749 2102 1045 2140 benevolencia.
1092 2105 1134 2139 In
1168 2103 1244 2139 hoc
1277 2115 1371 2150 ergo
1412 2103 1552 2139 distin-

238 2170 414 2209 guuntur
448 2162 519 2198 hee
552 2163 629 2197 due
662 2160 811 2197 familie
858 2162 966 2209 quod
1000 2160 1131 2209 prima
1175 2160 1287 2197 audit
1326 2162 1447 2198 verba
1481 2161 1550 2197 Dei

238 2229 275 2256 et
306 2221 484 2256 secunda
517 2219 628 2256 audit
659 2221 778 2256 verba
812 2218 977 2255 diaboli.

294 2278 371 2314 Sed
411 2277 577 2314 forsitan
616 2276 714 2313 dicis
754 2276 851 2313 mihi
897 2278 1005 2325 quod
1038 2289 1177 2313 omnes
1223 2276 1406 2313 homines
1439 2276 1551 2313 audi—

180 2343 220 2376 35
237 2343 305 2372 ant
352 2335 530 2381 missam,
587 2335 820 2372 oracionem
867 2334 1113 2371 dominicam
1162 2335 1222 2371 vel
1267 2334 1366 2371 alias
1418 2344 1552 2382 partes

236 2392 446 2441 scripture,
480 2405 556 2442 que
589 2393 727 2430 omnia
760 2402 852 2429 sunt
884 2395 1004 2430 verba
1028 2393 1112 2438 Dei,
1148 2401 1185 2428 et
1209 2405 1279 2440 per
1303 2405 1551 2441 consequens

236 2463 377 2488 omnes
411 2451 594 2488 homines
627 2460 718 2488 sunt
751 2453 799 2488 de
831 2450 985 2488 familia
1019 2450 1103 2488 Dei.

305 2630 330 2660 3.
353 2631 395 2659 H:
416 2631 501 2667 quod
519 2632 620 2665 deest;
640 2631 680 2658 ib.
703 2631 775 2658 DH:
795 2631 864 2658 sint.
938 2639 967 2663 4.
991 2629 1063 2657 DG:
1083 2630 1256 2665 particepx‚·
1275 2631 1316 2658 ib.
1339 2630 1382 2658 H:
1403 2634 1448 2658 esl
1477 2630 1551 2658 ’rin—

236 2675 312 2702 σερε.
388 2674 422 2694 ιι.
444 2666 487 2694 Η;
507 2670 553 2693 est
571 2666 665 2693 deest.
739 2665 775 2693 15.
798 2666 838 2692 D:
859 2673 994 2693 carcere.
1070 2666 1108 2691 ιδ’.
1130 2665 1174 2692 A:
1194 2666 1297 2700 gradu
1318 2666 1419 2699 deest;
1446 2666 1451 2692 i
1480 2686 1486 2692 .
1509 2666 1532 2692 I)

237 2710 364 2737 regnum
386 2709 470 2728 vero.
562 2709 606 2736 27.
629 2701 671 2728 G:
698 2703 877 2732 merenlur;
902 2701 942 2727 ib.
962 2699 1061 2732 serv&
1087 2701 1131 2726 A:
1157 2702 1203 2726 x‘.
1291 2700 1334 2726 28.
1355 2701 1399 2727 A:
1427 2700 1550 2726 diabolo

236 2737 337 2769 deest:
365 2736 405 2763 ib.
427 2737 470 2763 A:
496 2738 635 2770 possunt.
719 2734 765 2763 30.
787 2735 830 2762 H:
859 2738 888 2762 el
908 2735 1002 2761 deest.
1090 2733 1135 2767 1³0,
1158 2733 1194 2761 31.
1217 2735 1262 2761 A:
1289 2735 1354 2761 sive
1371 2735 1548 2770 sapz’e71r1'a‚·

237 2770 309 2798 DG:
328 2772 482 2806 potencia,
504 2770 672 2805 sapiencia.
746 2769 788 2797 33.
810 2771 854 2797 A:
881 2770 1015 2796 set-unda
1036 2769 1135 2796 verm
1211 2768 1256 2802 154.
1279 2769 1320 2795 1³:
1341 2769 1470 2796 diceres.

307 2888 336 2909 2.
364 2877 482 2908 Nlatth.
509 2878 626 2916 XXIX,
653 2875 701 2916 16,
727 2877 828 2915 XXII,
853 2887 902 2916 14.

1618 1064 1693 1091 Both
1716 1068 1798 1091 must

1614 1107 1699 1126 serve
1722 1098 1802 1130 God,

1607 1134 1755 1169 willingly
1774 1142 1810 1161 οι·

1676 1173 1738 1196 not.

1593 1701 1662 1730 God
1685 1702 1770 1742 gives
1792 1712 1826 1730 us

1574 1737 1635 1765 free
1657 1738 1729 1771 will,
1752 1739 1834 1766 since

1594 1773 1638 1800 Hc
1660 1772 1719 1799 will
1742 1773 1818 1800 have

1586 1816 1665 1835 none
1687 1808 1739 1836 but
1760 1809 1830 1835 who

1596 1843 1707 1870 wishes
1728 1848 1758 1870 to
1782 1844 1815 1870 bc

1673 1878 1739 1905 His.
