2062 3276
205 287 287 320 494

215 858 303 886 Then
325 858 375 886 the
395 859 466 894 only

219 894 464 956 ῡοὲἳὲὲρὲἒῗιάω

231 963 319 990 those
339 964 373 991 of
389 963 440 991 the

214 997 332 1025 blessed
354 998 413 1026 and
434 998 470 1025 of

229 1033 280 1060 the
300 1033 445 1060 damned.

211 1067 325 1102 (There
344 1068 405 1096 will
427 1068 463 1095 be

201 1110 241 1129 no
258 1110 344 1130 more
360 1103 472 1139 beasts‚

242 1138 342 1172 planis
363 1140 431 1171 etc.)

210 2075 332 2117 Fallacy
352 2078 387 2105 of
404 2078 452 2105 the

215 2112 366 2147 objection
389 2113 452 2140 that

210 2147 258 2174 the
278 2148 407 2175 absence
427 2147 461 2175 of

220 2182 308 2209 other
328 2188 452 2210 natures

214 2217 274 2244 will
297 2218 379 2245 leave
399 2218 450 2244 the

284 2252 381 2280 world

248 2286 419 2321 imperfect.

787 281 1010 313 JOHANNIS
1028 281 1213 312 WYCLIF
1233 280 1488 312 SERMONUM
1522 267 1674 324 [SERMO
1695 277 1800 305 LXIII·

494 397 675 425 servatur
718 397 801 424 tota
845 387 1110 436 personalitas
1157 387 1330 424 hominis
1371 397 1408 425 et
1448 401 1516 437 per
1554 401 1801 438 consequens

494 459 664 494 persone
708 445 919 482 hominum
959 447 1007 483 de
1047 446 1131 482 celo
1177 445 1356 494 empireo
1396 448 1446 483 ad
1484 447 1616 483 locum
1662 448 1799 485 iudicii

493 513 535 541 ut
574 506 624 541 ad
668 517 783 540 suum
828 504 1067 550 thalamum,
1113 512 1157 540 ut
1201 513 1345 552 parant
1388 517 1430 541 se
1473 506 1800 553 supervestiendo

494 575 640 611 corpus
672 562 916 608 immortale,
950 562 1107 608 subtile,
1143 561 1246 610 agile
1279 571 1315 598 et
1348 563 1515 600 clarum.
1562 565 1680 609 Quod
1714 577 1800 601 cor-

493 634 565 669 pus
610 620 804 669 recipient
852 619 1073 657 ministerio
1121 620 1369 668 angelorum,
1417 630 1461 657 ut
1505 620 1561 657 sic
1605 632 1800 670 perpetuo

493 687 715 727 appareant
751 679 836 715 viro
881 691 953 714 suo
987 677 1159 714 Christo.
1206 680 1255 714 Et
1293 680 1364 715 hec
1402 691 1481 715 una
1520 679 1629 716 racio
1674 693 1800 728 quare

492 745 652 785 oportet
675 737 781 773 hunc
804 736 1024 772 thalamum
1059 735 1281 784 preparari.
1313 738 1429 774 Tunc
1452 737 1558 773 enim
1581 750 1662 774 non
1685 748 1800 776 erunt

492 794 645 843 lapides
676 795 737 831 vel
777 793 1001 840 mineralia,
1045 795 1166 831 herbe
1197 794 1258 830 vel
1294 794 1545 843 vegetabilia‚
1583 796 1644 833 vel
1682 798 1798 834 bruta

492 852 695 889 sensibilia
726 860 769 888 ut
802 851 940 898 bestie,
986 852 1144 900 reptilia
1182 860 1251 888 aut
1287 853 1480 889 volatilia.
1526 854 1603 890 Sed
1642 863 1797 892 tanturn

492 912 567 947 due
601 910 799 947 maneries
833 910 1049 946 mixtorum
1083 919 1126 946 ut
1160 922 1331 958 corpora
1365 910 1538 958 celestia,
1573 912 1798 950 cuiusmodi

490 977 606 1005 erunt
644 981 816 1017 corpora
855 969 1032 1005 humana
1064 967 1291 1016 glorificata
1324 981 1415 1005 cum
1448 968 1529 1006 suis
1563 970 1800 1008 continenti-

489 1028 560 1063 bus
605 1039 681 1076 que
720 1026 910 1063 dicuntur
948 1039 970 1062 a
1009 1026 1260 1074 philosophis
1300 1039 1344 1063 ex
1382 1027 1679 1065 summitatibus
1724 1030 1800 1066 ele-

491 1094 718 1122 mentorum
759 1084 984 1133 composita
1018 1093 1054 1121 et
1088 1097 1258 1132 corpora
1298 1086 1611 1134 dampnatorum
1653 1087 1797 1124 misera

489 1145 557 1180 sed
595 1151 789 1191 perpetua
829 1155 917 1179 cum
959 1142 1038 1179 suis
1077 1142 1374 1179 continentibus
1414 1156 1490 1192 que
1523 1153 1638 1180 erunt
1678 1145 1799 1181 mixta

491 1210 528 1238 et
561 1200 863 1249 perfectissima.

548 1262 629 1296 Nec
661 1260 765 1296 valet
798 1258 995 1295 instancia
1028 1258 1290 1295 delirancium
1327 1259 1366 1295 in
1400 1259 1475 1296 ista
1500 1259 1668 1297 materia
1691 1261 1798 1309 quod

490 1317 691 1354 sentencia
724 1317 800 1353 ista
832 1316 882 1353 sit
914 1316 1188 1365 impossibilis,
1231 1317 1362 1365 primo
1396 1319 1504 1366 quod
1537 1318 1673 1355 habita
1706 1331 1797 1367 pro-

490 1375 682 1423 porcione
704 1374 978 1424 inequalitatis
1001 1384 1237 1412 naturarum
1262 1388 1338 1423 que
1361 1385 1454 1412 tunc
1477 1385 1592 1413 erunt
1614 1377 1797 1425 opposite

489 1433 714 1470 necessario
753 1433 820 1470 fiet
859 1442 990 1470 motus
1023 1442 1060 1470 et
1099 1433 1154 1470 sic
1195 1433 1409 1470 altercacio
1454 1433 1558 1471 inter
1602 1435 1798 1471 elementa

489 1491 528 1528 in
557 1491 637 1528 suis
671 1491 866 1528 confiniis.
901 1491 1032 1528 Facile
1066 1491 1226 1539 quidem
1261 1501 1318 1528 est
1351 1492 1469 1528 istum
1505 1492 1705 1529 obiectum
1739 1493 1798 1529 in-

490 1550 646 1586 fidelem
685 1550 826 1586 tollere
866 1561 934 1597 per
972 1550 1047 1586 hoc
1085 1551 1193 1598 quod
1228 1559 1359 1586 motus
1393 1550 1466 1586 celi
1499 1550 1566 1599 qui
1600 1559 1658 1587 est
1691 1551 1797 1599 prin-

488 1607 636 1656 cipium
670 1607 840 1644 aliorum
873 1616 970 1644 tunc
1003 1608 1184 1644 cessabit.
1219 1610 1432 1653 Quomodo
1466 1621 1559 1657 ergo
1592 1608 1798 1646 continua-

488 1665 595 1701 bitur
626 1665 825 1714 posterius
858 1665 1074 1702 altercacio
1107 1666 1190 1702 sine
1224 1675 1336 1702 motu
1369 1666 1487 1703 locali
1520 1666 1677 1715 primo?
1717 1669 1797 1703 Nec

486 1724 590 1760 valet
614 1736 853 1772 quecunque
885 1723 1160 1772 inequalitatis
1192 1724 1410 1772 proporcio
1443 1725 1493 1761 ad
1527 1733 1680 1761 motum
1706 1738 1797 1762 cau-

486 1783 670 1828 sandum,
706 1794 796 1818 cum
829 1781 1034 1830 quantitas
1058 1794 1133 1831 que
1154 1795 1233 1818 non
1257 1791 1315 1819 est
1338 1784 1386 1819 de
1408 1795 1550 1831 genere
1574 1782 1795 1820 activorum
1837 1789 1850 1821 ζ

486 1839 660 1876 servabit
702 1839 1015 1888 proporcionem
1062 1840 1292 1877 huiusmodi
1333 1840 1417 1877 sine
1457 1850 1581 1877 motu.
1627 1842 1796 1889 Oportet

486 1910 580 1946 ergo
613 1899 784 1946 probare
817 1898 925 1946 quod
959 1907 1053 1934 tunc
1086 1898 1158 1934 erit
1191 1898 1374 1946 aptitudo
1408 1907 1548 1935 mutuo
1571 1911 1612 1936 se
1636 1912 1796 1936 moven-

486 1955 592 1992 cium
637 1955 678 1992 in
723 1955 1035 2004 comparacione
1080 1958 1129 1992 ad
1174 1956 1349 2004 primum
1396 1956 1641 2005 principium
1687 1958 1795 2006 quod

485 2027 566 2050 non
598 2022 744 2062 potest.

544 2073 620 2109 Sed
654 2072 829 2108 secundo
863 2071 1035 2108 obicitur
1069 2084 1139 2120 per
1172 2072 1247 2108 hoc
1280 2073 1390 2120 quod
1422 2072 1558 2109 omnia
1591 2072 1794 2110 sensibilia

483 2130 545 2166 vel
581 2128 819 2177 vegetabilia
858 2130 1053 2165 mundum
1093 2129 1319 2177 perficiunt.
1366 2130 1406 2167 Si
1446 2143 1539 2179 ergo
1579 2130 1795 2168 multitudo

484 2196 597 2224 tanta
628 2187 796 2223 istorum
831 2187 1002 2234 deficiet,
1035 2186 1192 2223 videtur
1216 2189 1325 2235 quod
1349 2189 1521 2224 mundus
1545 2200 1588 2224 ex
1611 2188 1795 2225 carencia

486 2245 602 2281 huius
635 2244 769 2281 anime
803 2244 974 2292 duplicis
1007 2243 1158 2281 scilicet
1190 2245 1409 2293 vegetative
1442 2254 1479 2282 et
1512 2245 1697 2283 sensitive
1722 2246 1794 2283 erit

486 2315 507 2339 a
530 2305 614 2339 Deo
647 2302 927 2350 imperfeccior
950 2315 1070 2351 quam
1106 2312 1163 2339 est
1187 2304 1322 2340 modo.
1356 2305 1405 2340 Et
1429 2316 1472 2340 ex
1504 2304 1581 2340 isto
1604 2305 1794 2341 mardoso

485 2360 685 2409 principio
737 2360 1007 2397 fantasiantur
1060 2361 1225 2410 quidam
1281 2361 1454 2398 heretice
1502 2363 1610 2410 quod
1657 2362 1794 2399 omnia

484 2418 724 2466 vegetabilia
755 2419 815 2454 vel
848 2417 1051 2455 sensibilia
1084 2431 1161 2467 que
1193 2419 1353 2455 fuerunt
1376 2433 1398 2456 a
1421 2419 1560 2456 mundi
1593 2420 1794 2468 principio

485 2485 580 2513 tunc
613 2484 833 2524 resurgent,
876 2485 912 2512 et
944 2476 1000 2513 sic
1033 2489 1076 2513 ex
1108 2477 1183 2513 sibi
1217 2476 1338 2513 dubio
1372 2479 1548 2523 arbores,
1587 2478 1724 2526 plante
1757 2486 1794 2515 et

486 2535 606 2571 herbe
638 2546 766 2583 usque
789 2535 839 2570 ad
863 2534 1139 2570 summitatem
1173 2535 1280 2571 orbis
1313 2535 1540 2572 sublunaris
1573 2536 1791 2584 attingent3

484 2604 557 2628 nec
598 2601 712 2628 erunt
751 2592 841 2628 loca
881 2592 1121 2628 animalibus
1160 2591 1465 2630 irracionalibus
1504 2594 1554 2629 ad
1586 2593 1791 2630 viandum.

1820 931 1857 951 10

1811 2365 1850 2400 35

486 2651 563 2686 Sed
603 2649 698 2698 quid
736 2649 914 2686 insanius
954 2649 1027 2687 ista
1071 2650 1275 2687 sentencia
1313 2664 1402 2688 cum
1448 2650 1606 2687 radice?
1650 2651 1851 2697 Anime4o

485 2707 590 2744 enim
635 2708 733 2744 tales
777 2708 995 2744 secundum
1041 2708 1303 2757 philosophos
1347 2721 1429 2745 non
1473 2717 1564 2745 sunt
1602 2708 1676 2745 nisi
1717 2709 1793 2745 dis-

555 2842 596 2871 16.
617 2843 650 2870 In
673 2850 787 2877 marg:
814 2843 938 2879 Triplex
958 2843 1102 2871 obieccz'o.
1193 2851 1231 2878 ¹7·
1253 2843 1286 2870 In
1308 2851 1421 2879 marg:
1442 2851 1466 2870 1.
1557 2851 1602 2870 20.
1624 2843 1657 2870 In
1679 2851 1774 2878 marg.

483 2876 662 2947 ἕξζέἕξῖιέἷοο.
729 2877 774 2904 30.
795 2878 828 2904 In
851 2886 965 2913 marg:
987 2883 1014 2904 2.
1089 2876 1133 2904 38.
1155 2877 1249 2905 Cod.:
1270 2878 1486 2905 subliminaris.
1555 2876 1600 2913 39.
1622 2878 1654 2905 In
1677 2885 1774 2914 marg.
