2062 3276
185 270 262 315 146
763 272 986 306 JOHANle
1004 270 1189 303 wvcrlr
1209 269 1464 302 sERMoNUM
1512 254 1663 313 [SERMO
1685 265 1779 294 xvn.

471 382 560 430 plus
593 380 747 417 timere.
794 382 893 416 Nam
929 379 968 414 in
1006 377 1119 415 factis
1159 390 1355 426 paparum
1403 376 1628 413 recentibus
1672 384 1783 424 patet

473 440 581 489 quod
613 451 694 476 non
727 446 899 486 querunt
933 437 1101 473 salutem
1137 435 1302 473 ecclesie
1336 436 1405 472 sed
1437 447 1507 472 sua
1542 433 1784 483 temporalia

473 498 534 535 vel
568 496 689 534 seculi
724 495 952 544 dignitates.

237 563 398 603 The-false
532 556 646 592 Unde
680 555 727 590 de
761 553 845 589 istis
880 552 1210 589 absolucionibus
1256 550 1481 588 adinventis
1527 550 1783 587 manifestum

188 600 380 669 ἃῂδοὲῗὲξῇῗῗ
401 605 451 624 ³oe
474 622 531 650 est
565 614 671 662 quod
706 625 787 648 non
821 619 988 660 possunt
1022 611 1294 658 subterfugere
1319 608 1489 646 heresim
1518 608 1819 653 manifestam,5

247 662 397 696 heretichl.
474 684 563 709 cum
610 671 779 707 innuunt
813 670 921 718 quod
955 668 1138 706 Christus
1172 667 1425 717 reprobative
1471 666 1663 703 destruxit
1704 678 1786 702 rna-

474 730 598 766 iorem
633 737 788 776 partem
824 727 921 775 legis
956 739 1023 763 sue
1065 726 1257 775 sapientis
1304 724 1477 771 celestia,
1524 738 1643 773 quarn
1690 723 1785 760 olim

475 799 718 824 conversans
754 799 843 822 cum
879 784 1109 822 hominibus
1154 783 1408 833 approbavit,
1449 792 1486 819 et
1520 784 1646 831 legem
1695 794 1788 818 con-

474 845 640 882 trariam
675 843 898 892 sapientem
940 844 1133 879 mundum
1183 851 1219 879 et
1266 841 1574 879 contencionem
1621 838 1789 877 ecclesia

475 904 673 953 approbat
719 902 805 950 plus
852 914 972 950 quam
1017 901 1142 937 illam.
1208 901 1285 937 Sed
1329 899 1396 936 ubi
1451 908 1507 936 est
1551 911 1697 935 novum
1753 905 1847 933 et10

474 971 654 998 eternum
690 968 975 997 testamentum
1009 968 1077 996 aut
1110 958 1181 995 Dei
1220 957 1430 1004 stabilitas,
1471 957 1501 994 si
1535 956 1683 994 heresis
1717 956 1789 992 hec

475 1019 686 1057 credatur?
730 1019 897 1055 Constat
931 1017 1091 1066 quidem
1138 1018 1245 1065 quod
1292 1025 1431 1052 neuter
1476 1028 1581 1064 papa
1620 1013 1791 1052 absolvit

474 1079 535 1115 vel
588 1079 655 1114 dat
708 1076 933 1125 spiritualia
988 1075 1216 1117 carismata,
1270 1074 1345 1110 nisi
1395 1074 1575 1111 Christus
1627 1080 1791 1121 propter

477 1148 656 1173 amorem
692 1134 820 1171 finalis
854 1133 1117 1170 beatitudinis
1150 1132 1360 1169 hominum
1386 1131 1531 1180 quibus
1555 1133 1627 1168 hec
1651 1129 1791 1167 tribuit

476 1194 552 1231 ista
586 1195 727 1237 donet;
761 1194 829 1229 sed
863 1201 1019 1228 constat
1053 1204 1095 1228 ex
1130 1191 1207 1228 fide
1239 1190 1436 1239 scripture
1466 1191 1573 1239 quod
1599 1188 1695 1225 olim
1720 1187 1849 1224 hec15

476 1251 613 1289 omnia
647 1252 827 1288 odiverat
860 1259 902 1286 ut
934 1258 1112 1298 peccata.
1148 1250 1255 1285 Idem
1291 1249 1396 1285 enim
1431 1257 1487 1284 est
1511 1246 1791 1284 execucionem

478 1309 575 1358 legis
609 1309 757 1346 Christi
803 1317 968 1357 propter
1013 1308 1134 1344 talem
1169 1306 1461 1343 Antichristum
1509 1305 1712 1342 dimittere
1757 1312 1793 1340 et

479 1368 693 1416 dyabolum
730 1366 894 1414 diligere
927 1367 1015 1414 plus
1049 1378 1168 1414 quam
1203 1367 1349 1410 Deum;
1384 1376 1625 1413 pompamus
1659 1371 1792 1400 autem

481 1427 587 1475 quod
621 1426 661 1462 in
695 1438 813 1462 causa
849 1424 1056 1460 hominum
1093 1422 1367 1459 resistenciam
1401 1436 1480 1459 non
1514 1422 1701 1458 timemus
1726 1421 1793 1457 sed

481 1484 521 1521 in
555 1497 675 1521 causa
699 1483 770 1520 Dei
804 1483 870 1519 ubi
905 1495 984 1519 non
1008 1482 1109 1518 foret
1133 1481 1254 1517 timor
1278 1481 1491 1517 infideliter
1515 1479 1793 1517 formidamus.
1811 1489 1853 1510 20

483 1545 633 1579 Revera
680 1544 784 1578 Deus
831 1553 972 1577 manus
1019 1548 1241 1588 apponeret
1287 1539 1516 1585 adiutrices‚
1567 1551 1656 1575 cum
1702 1536 1795 1574 facit

483 1614 606 1637 unum
641 1601 811 1636 alterum
848 1599 1048 1635 debellare
1082 1606 1118 1634 et
1153 1610 1262 1633 omne
1294 1610 1458 1648 regnum
1493 1597 1528 1632 in
1561 1609 1601 1633 se
1632 1595 1795 1631 divisum

484 1658 735 1704 desolabitur,
766 1669 901 1706 ymmo
926 1665 1058 1693 movet
1083 1656 1218 1692 fideles
1242 1655 1492 1704 propinquos
1515 1654 1607 1691 licet
1632 1652 1796 1699 debiles,

485 1717 551 1765 qui
585 1724 782 1753 noverunt
816 1728 954 1751 eorum
988 1713 1203 1759 versucias,
1238 1713 1346 1762 ipsos
1379 1713 1418 1749 in
1451 1712 1615 1749 nomine
1649 1710 1797 1749 Christi

486 1774 703 1811 efficaciter
735 1774 985 1822 impugnare.
1816 1768 1855 1800 25

218 1839 276 1879 We
297 1839 371 1867 need
395 1842 447 1866 not
544 1832 691 1869 Habita
737 1844 830 1879 ergo
876 1840 956 1868 tam
1004 1830 1187 1878 preclara
1233 1842 1353 1866 causa
1406 1827 1550 1877 lapidis
1603 1826 1669 1876 qui
1718 1839 1799 1863 non

214 1879 278 1903 tear
298 1882 452 1902 censui-es.
486 1899 617 1940 potest
651 1890 835 1936 deficere,
880 1902 961 1925 non
995 1888 1210 1924 timeamus
1244 1900 1381 1924 eorum
1417 1898 1605 1923 censuras
1639 1885 1799 1922 frivolas

488 1950 575 1998 plus
610 1961 728 1997 quam
763 1956 897 1996 partes
931 1947 1003 1983 iste
1038 1945 1274 1982 altrinsecus
1307 1945 1381 1981 sibi
1415 1945 1569 1982 timent.
1605 1946 1801 1980 Instemus

488 2019 581 2055 ergo
627 2006 778 2043 devotis
824 2004 1081 2042 oracionibus
1127 2013 1163 2040 et
1209 2003 1438 2040 rectitudini
1483 2002 1574 2047 vite,
1630 2010 1672 2038 ut
1717 2003 1800 2037 Deo

487 2066 646 2114 placeat
679 2065 783 2100 istud
807 2072 989 2100 sanctum
1015 2061 1268 2111 propositum
1294 2061 1496 2107 adiuvare,
1531 2059 1624 2108 quia
1648 2068 1801 2096 certum
1819 2070 1860 2093 ³0

490 2132 546 2160 est
580 2123 687 2171 quod
722 2135 860 2158 omnes
895 2119 1110 2158 adversarii
1144 2119 1327 2156 nesciunt
1361 2119 1443 2156 eius
1488 2117 1690 2154 iusticiam
1731 2116 1802 2153 irn-

491 2193 683 2230 pugnare,
733 2189 769 2217 et
814 2180 958 2216 iterum
1005 2187 1158 2215 certum
1201 2187 1257 2214 est
1291 2178 1397 2226 quod
1432 2179 1537 2213 Deus
1571 2174 1721 2212 iuvabit
1753 2175 1801 2211 ad

492 2240 765 2288 exequendum
792 2239 867 2274 hoc
891 2246 1073 2273 sanctum
1098 2235 1352 2284 propositum
1376 2234 1451 2271 nisi
1476 2233 1642 2283 antiqua
1658 2232 1803 2270 cecitas

491 2297 551 2333 vel
585 2298 702 2345 culpa
734 2295 875 2345 populi
909 2294 957 2331 sit
990 2294 1029 2330 in
1065 2307 1199 2332 causa.

254 2362 373 2397 Appeal
395 2366 424 2388 10
550 2356 631 2403 Eya
665 2367 757 2402 ergo
791 2353 936 2390 milites
970 2353 1035 2401 qui
1068 2351 1230 2388 vovistis
1254 2352 1377 2399 legem
1407 2350 1554 2387 Christi
1579 2348 1861 2393 defende1·e‚35

292 2397 398 2424 rulers.
494 2411 814 2461 expergiscimini
861 2411 900 2447 in
945 2423 1066 2447 causa
1110 2419 1192 2446 tam
1238 2408 1405 2445 salutari
1446 2417 1482 2445 et
1521 2406 1623 2449 utili,
1663 2419 1712 2443 ne
1744 2405 1805 2442 vel

494 2470 763 2507 Antichristus
795 2470 856 2506 vel
889 2468 1111 2517 corporalis
1146 2467 1298 2504 desidia
1336 2467 1395 2503 vel
1436 2464 1607 2503 carnalis
1641 2463 1805 2501 affeccio

494 2541 562 2565 vos
594 2528 791 2576 impediat
824 2529 873 2564 ab
907 2539 1027 2575 opere
1062 2535 1144 2563 tam
1180 2524 1389 2561 meritorio
1424 2524 1668 2572 exequendo.
1704 2525 1804 2558 Nam

495 2587 623 2623 clerus
656 2586 711 2623 sic
743 2585 877 2622 vivens
910 2583 1123 2621 iniuriatur
1156 2592 1237 2620 tam
1263 2585 1346 2619 Deo
1380 2595 1501 2631 quam
1535 2593 1603 2618 sue
1628 2579 1805 2617 ecclesie.

564 2740 593 2764 4.
614 2731 638 2759 E
658 2733 688 2760 in
710 2740 823 2758 marm:
853 2731 896 2759 De
915 2731 1112 2759 absolut-ione
1131 2733 1214 2758 nota(
1280 2737 1318 2757 10.
1343 2729 1382 2756 D:
1406 2729 1465 2760 ubi,
1486 2728 1544 2755 ubi.
1607 2735 1642 2755 11.
1662 2727 1706 2755 A:
1727 2725 1807 2752 testi-

496 2768 639 2805 monium.
714 2775 754 2799 14.
776 2752 1005 2800 Codd.:finis;
1024 2766 1065 2796 ib,
1080 2764 1216 2799 Atfinis
1235 2764 1361 2792 laboris.
1436 2763 1475 2792 18.
1497 2763 1522 2791 E
1536 2762 1565 2790 in
1582 2769 1694 2796 marg:
1716 2759 1806 2800 Nota.

496 2808 543 2837 20,
559 2809 603 2836 27.
618 2802 663 2830 A:
684 2800 803 2836 lapides
819 2822 824 2827 .
843 2823 848 2828 .
866 2803 1022 2836 .possunt.
1078 2800 1124 2827 28.
1146 2800 1189 2827 A:
1216 2800 1286 2834 plus
1306 2798 1397 2835 quod.
1454 2797 1501 2826 36.
1522 2798 1567 2825 A:
1589 2795 1807 2831 expergzscite.

571 2906 623 2931 22.
652 2897 765 2928 Lucae
792 2896 846 2935 XI,
872 2896 921 2929 18.
1020 2894 1072 2928 35.
1100 2894 1151 2926 Cf.
1180 2894 1376 2926 Cruciatam
1403 2893 1424 2926 l.
1452 2903 1491 2929 c.,
1519 2902 1596 2934 pag.
1623 2890 1700 2931 604.
