2062 3276
170 258 214 281 ¹0
737 255 960 287 JOHANNIS
979 254 1162 285 WchF
1182 252 1437 286 SERMONUM
1563 238 1713 295 [SERMO
1734 249 1756 277 1.

451 371 624 410 quatuor
657 360 818 397 ordines
850 359 1185 397 Mendicancium.
1222 362 1299 395 Ista
1332 367 1465 395 autem
1491 367 1582 395 octo
1606 357 1757 394 faciunt

453 433 617 468 regnum
650 419 791 467 Anglie
836 419 1012 466 mingere
1057 431 1196 466 sepum
1241 430 1370 453 suum.
1422 417 1482 452 Ab
1526 415 1620 464 ipsis
1665 428 1757 463 ergo

169 487 306 525 Thetin
350 491 429 514 mus-1
452 477 636 514 hereticis
690 478 806 514 debet
858 489 1022 524 regnum
1063 475 1202 523 Anglie
1256 473 1477 522 expurgari,
1531 473 1758 522 specialiter

172 522 297 584 saifss’ffi?
313 522 431 591 agtiffiffit
451 545 586 573 tamen
618 535 725 572 iuxta
757 535 922 572 terciam
956 534 1243 582 proprietatem
1279 534 1426 569 Sancto
1451 531 1617 580 Spiritui
1650 544 1758 568 com-

233 591 371 619 heretics.
452 602 667 643 petentem.
713 595 773 629 Ad
806 605 940 641 regem
974 601 1176 628 terrenum
1210 590 1382 639 pertinet
1421 603 1584 638 regnum
1627 591 1789 634 suuni,I

452 652 641 700 regaliam
669 660 705 688 et
728 652 855 699 legem
881 659 1110 687 constanter
1134 650 1359 695 defendere,
1383 661 1465 685 non
1488 647 1758 696 permittendo

453 710 650 747 hereticos
681 709 805 757 legios
838 722 930 745 suos
964 708 1099 744 fideles
1132 720 1296 755 regnum
1338 719 1359 743 a
1393 706 1559 743 divisivo
1591 713 1759 754 peccato

453 767 649 806 catholice
695 776 957 816 expurgantes
1004 775 1144 802 contra
1189 765 1248 801 ius
1301 764 1410 812 regni
1462 763 1646 800 occidere
1698 763 1759 798 vel

455 839 593 863 corum
628 825 806 862 officium
841 824 1050 873 impedire,
1097 823 1190 872 quia
1222 832 1317 859 tunc
1350 835 1431 859 non
1465 821 1641 858 defendit
1674 821 1759 857 lon-

453 883 666 933 ganimiter
698 896 862 931 regnum
897 895 1035 927 suum3
1069 881 1260 930 regaliam
1294 889 1426 917 autem
1462 893 1575 916 suam
1602 878 1759 924 deserit,

456 943 618 991 quando
642 942 760 978 stulte
784 940 981 989 permittit
1006 948 1147 976 contra
1170 940 1296 987 legem
1322 937 1484 974 Domini
1507 937 1582 974 ista
1606 936 1759 973 semina

455 999 649 1036 diuretica
696 999 814 1035 nimis
863 1011 1049 1046 magnam
1095 1006 1250 1046 partem
1296 996 1405 1044 regni
1448 995 1488 1032 in
1532 994 1680 1044 prediis
1725 1002 1762 1030 et

456 1057 775 1106 possessionibus
809 1069 1027 1104 occupare;
1072 1068 1152 1092 non
1196 1054 1360 1091 dubium
1408 1054 1503 1102 quin
1537 1052 1759 1089 dominium

456 1115 558 1164 regis
598 1117 646 1152 de
680 1124 830 1163 quanto
874 1113 1123 1150 subtrahitur
1158 1122 1298 1150 contra
1342 1113 1466 1160 legem
1504 1110 1678 1157 Domini,
1715 1111 1762 1146 de

456 1182 567 1211 tanto
614 1172 779 1209 dimittit
830 1172 1033 1219 regaliam,
1085 1171 1178 1220 quia
1222 1171 1253 1207 si
1297 1169 1517 1207 successive
1562 1168 1763 1217 adquisita
1803 1171 1816 1202 I

456 1233 555 1268 foret
589 1231 673 1267 istis
706 1230 870 1279 privatis
904 1229 1163 1277 religionibus
1196 1237 1279 1265 tota
1314 1227 1424 1276 regni
1458 1226 1670 1275 possessio,
1704 1238 1762 1262 re-

456 1289 560 1337 galia
594 1289 695 1337 regis
729 1288 916 1325 deficeret
950 1297 986 1324 et
1026 1287 1155 1335 ipsam
1197 1286 1437 1322 diminueret
1477 1283 1763 1333 appropriacio

457 1347 656 1384 diabolica
689 1348 738 1383 ad
771 1359 853 1383 non
885 1354 1094 1394 quantum.

179 1450 182 1454 ¹
271 1415 341 1453 The·
437 1449 440 1452 Α
516 1406 731 1451 Quomodo
765 1417 858 1452 ergo
892 1416 935 1440 ex
968 1402 1207 1439 induccione
1240 1402 1407 1438 istorum
1443 1410 1535 1437 octo
1564 1399 1762 1436 seminum

178 1450 436 1511 ¹1¹1¹Jcsoossffi¹ssg¹¹hff
458 1476 538 1499 non
572 1462 754 1511 perditur
787 1461 961 1509 regalia?
997 1470 1032 1497 et
1072 1474 1160 1497 cum
1196 1460 1559 1507 correspondentes
1592 1459 1641 1494 ad
1674 1470 1764 1505 pos-

193 1519 426 1581 ΕΟΙᾞᾞῙΞᾙῙἸΟ
459 1521 656 1558 sessiones
708 1520 746 1556 in
799 1519 878 1556 suis
930 1519 1142 1567 generibus
1194 1527 1355 1566 oportet
1407 1517 1533 1565 legem
1589 1515 1765 1552 hominis

197 1589 237 1616 im
265 1575 425 1627 oieJ-ished
462 1579 620 1625 variari,
674 1587 784 1627 patet
829 1579 937 1627 quod
982 1590 1025 1613 ex
1069 1576 1308 1613 induccione
1352 1575 1522 1611 istorum
1577 1573 1764 1610 ordinum

233 1628 281 1651 ΗΕ
303 1624 383 1657 kmg.
461 1646 551 1673 sunt
584 1638 688 1685 leges
721 1636 885 1684 antique
917 1635 1045 1684 sopite
1079 1644 1115 1671 et
1148 1635 1252 1682 leges
1284 1633 1360 1671 alie
1394 1633 1622 1669 introducte
1658 1632 1767 1680 quod

461 1695 491 1731 si
537 1695 807 1732 iuramentum
853 1693 955 1742 regis
1000 1706 1040 1729 se
1093 1693 1319 1729 extenderet
1371 1692 1420 1727 ad
1474 1691 1765 1727 defendendum

461 1766 641 1801 regnum,
675 1752 866 1800 regaliam
900 1761 937 1788 et
970 1752 1111 1799 legem,
1153 1759 1263 1798 patet
1295 1748 1613 1798 speculatoribus
1645 1760 1766 1796 quam
1784 1751 1821 1783 ,ζ

462 1811 604 1848 callide
638 1820 674 1847 et
708 1811 875 1847 subdole
916 1822 984 1858 per
1025 1809 1155 1856 ipsum
1190 1808 1395 1844 diabolum
1441 1816 1498 1843 est
1542 1806 1645 1854 regis
1678 1818 1765 1854 per-

461 1869 608 1905 iurium
641 1869 916 1905 introductum
948 1877 983 1904 et
1014 1880 1180 1915 regnum
1211 1875 1292 1902 tarn
1323 1866 1457 1914 quoad
1490 1864 1765 1901 resistenciam

463 1927 643 1963 hostibus
676 1939 796 1975 quam
831 1926 1011 1962 hostibus
1044 1924 1319 1973 spiritualibus
1353 1923 1616 1960 infirmatum.

174 1995 252 2034 kltow
276 1995 324 2021 1110
347 1995 438 2022 renim
520 1988 553 2022 O
586 1985 617 2021 si
650 1986 784 2021 hostes
818 1983 999 2032 corporis
1043 1983 1123 2020 iarn
1168 1991 1283 2019 acute
1327 1981 1559 2018 invaderent
1603 1991 1767 2028 regnum

200 2029 420 2057 mxx-calmum.
463 2052 659 2089 nostrum,
706 2043 801 2079 satis
836 2041 1110 2090 experirentur
1143 2040 1227 2077 eius
1268 2039 1544 2076 infirmitatem
1587 2047 1623 2074 et
1663 2042 1800 2074 mor-'2

462 2102 570 2145 bum,
606 2114 694 2137 cum
731 2101 858 2137 clerus
882 2100 1072 2136 secularis
1095 2098 1425 2147 possessionatus‚
1458 2097 1657 2144 regulares
1680 2107 1770 2143 pos-

462 2159 671 2195 sessionati
705 2168 741 2195 et
773 2159 915 2195 fratres
949 2157 1145 2194 sustinere
1177 2165 1337 2204 possent
1371 2157 1418 2191 de
1450 2154 1530 2190 suis
1554 2152 1771 2202 possessio-

462 2216 578 2253 nibus
600 2217 661 2253 vel
684 2216 832 2264 prediis
856 2216 970 2264 plura
1001 2215 1126 2251 millia
1152 2223 1400 2251 armatorum
1427 2225 1546 2261 quam
1571 2211 1770 2248 sufficeret

464 2284 593 2310 totum
643 2275 845 2311 residuum
893 2274 1149 2310 dominorum
1196 2271 1435 2308 secularium
1475 2270 1584 2318 regni
1630 2268 1769 2313 nostri,

464 2332 503 2368 in
543 2341 699 2369 tantum
735 2334 842 2380 quod
876 2333 1037 2380 quando
1079 2339 1191 2367 erant
1232 2329 1347 2365 multi
1388 2341 1497 2377 reges
1537 2328 1577 2364 in
1614 2326 1824 2375 Anglia‚2'.‘

465 2389 631 2439 quilibet
665 2402 803 2426 eorum
851 2403 894 2426 ex
938 2397 1204 2438 purgamento
1249 2389 1296 2424 ab
1342 2387 1425 2423 istis
1471 2385 1655 2422 hereticis
1699 2384 1772 2420 fuit

464 2447 634 2484 validior
673 2449 722 2484 ad
767 2449 1074 2496 expugnandum
1120 2448 1252 2483 hostes
1299 2444 1480 2494 corporis
1524 2456 1644 2493 quam
1690 2442 1769 2479 iam

536 2591 555 2609 ι.
571 2581 608 2609 F:
632 2581 868 2609 Mendicanlum.
924 2589 947 2608 2.
964 2582 1055 2616 ipsis;
1074 2581 1113 2608 F:
1134 2581 1218 2611 istis,-
1236 2588 1349 2616 sepum.
1370 2579 1416 2607 Cf.
1432 2579 1479 2606 Du
1497 2578 1599 2613 Cangc
1613 2578 1648 2605 ad
1667 2584 1772 2604 vocem

464 2626 584 2652 cepum.
658 2625 694 2644 12.
711 2617 755 2643 A:
783 2617 889 2643 minus.
964 2616 1005 2649 ιθ,
1028 2624 1067 2650 17.
1088 2616 1127 2643 F:
1155 2615 1320 2648 regaliam.
1387 2621 1425 2640 21.
1446 2614 1485 2641 F:
1513 2614 1591 2649 lege.
1665 2619 1711 2644 24.
1734 2611 1772 2638 F:

465 2651 645 2679 extenderit.
701 2650 742 2678 33.
763 2659 871 2686 quam:
890 2651 929 2678 F:
950 2651 1039 2686 quod.
1101 2650 1146 2678 36.
1168 2649 1206 2677 F:
1230 2649 1448 2685 expurgando.
1510 2647 1554 2683 37.
1577 2648 1620 2674 A:
1641 2646 1772 2674 valdior.

538 2745 567 2765 2.
605 2735 762 2776 Mingere
792 2744 910 2774 sepum
945 2744 1044 2765 suum
1081 2734 1108 2764 is
1141 2744 1158 2763 a
1191 2732 1385 2774 proverbial
1417 2732 1548 2774 saying.
1587 2729 1638 2761 Cf.
1670 2729 1774 2770 Ray's

468 2781 649 2822 Complete
677 2780 866 2811 Collection
898 2779 936 2810 of
964 2778 1108 2821 English
1141 2779 1307 2820 proverbs
1336 2777 1388 2818 4¹¹¹
1415 2778 1468 2809 ed.
1497 2775 1596 2818 1768:
1630 2776 1681 2806 He
1710 2774 1774 2805 has

467 2828 582 2868 pissed
620 2826 674 2857 his
711 2827 839 2857 tallow.
879 2825 930 2856 (js.
968 2825 1210 2866 Shakespere’s
1247 2826 1359 2867 Merry
1385 2825 1505 2855 W'ives
1543 2822 1582 2853 of
1610 2822 1775 2852 W'indsor

468 2874 507 2913 V,
532 2883 563 2917 4,
596 2871 645 2905 16.
743 2872 771 2904 5.
799 2871 851 2903 Cf.
869 2871 1008 2915 Wyclif,
1035 2872 1085 2902 De
1111 2871 1201 2902 civili
1228 2871 1394 2903 Dominio
1412 2870 1435 2910 Ι,
1463 2879 1536 2912 cap.
1563 2868 1680 2899 XXVI.
