2062 3276
243 257 379 286 SERMO
400 245 525 304 xvnr]
726 259 916 300 QUARTA
944 260 1069 292 PARS.
1769 266 1777 289 1
1796 254 1842 300 59

243 379 425 416 expresse
471 367 599 403 innuit
644 368 715 404 hec
761 367 970 416 scriptura.
1017 368 1126 404 Deus
1169 380 1266 418 ergo
1299 375 1416 417 pater
1457 369 1557 404 dixit

241 425 430 475 sapiencie
462 426 681 462 ineat-nate:
712 426 748 461 in
781 438 924 474 genere
945 425 1061 462 Jacob
1095 425 1276 469 inhabita,
1301 427 1408 474 quod
1432 438 1555 474 genus

241 482 470 531 specialiter
503 483 775 532 supplantavit
808 483 1014 520 diabolum
1040 483 1103 520 hic
1128 482 1167 520 in
1189 483 1266 530 via,
1295 491 1329 520 et
1352 483 1387 519 in
1412 496 1556 532 genere

241 541 419 578 eiusdem
454 553 624 591 persone
657 554 734 591 que
767 550 804 578 et
838 542 973 578 Israel·
993 541 1140 578 dicitur
1173 542 1406 578 hereditare.
1454 544 1554 579 Cum

207 599 346 636 §enim
393 601 515 637 Israel
560 600 848 648 interpretatur
893 599 952 637 vir
996 599 1134 636 videns
1168 602 1294 637 Deum
1343 609 1379 636 et
1425 601 1553 637 solum

241 657 347 694 beati
380 657 419 694 in
453 657 583 706 patria
616 657 751 695 vident
785 671 874 695 eum
909 658 1009 695 facie
1054 659 1104 695 ad
1149 658 1306 704 faciem,
1352 658 1556 706 signanter

240 715 388 752 dicitur
420 717 527 764 quod
574 717 610 752 in
649 717 776 752 Israel
820 729 892 764 pro
932 725 1038 754 statu
1078 716 1208 765 patrie
1253 717 1439 753 hereditet
1484 719 1555 754 hec

240 773 444 822 sapiencia
478 773 670 820 increata,
718 783 754 811 et
801 774 857 811 sic
903 775 978 811 hoc
1023 787 1147 823 genus
1179 776 1302 811 Jacob
1341 775 1401 811 vel
1434 776 1555 812 Israel

238 840 371 880 potest
405 832 702 880 predestinatos
735 831 963 881 specialiter
997 832 1217 881 designare,
1254 832 1346 869 licet
1371 833 1555 870 Christus

178 891 289 926 mad
322 890 480 927 literam
524 890 597 927 fuit
643 892 690 927 de
734 890 886 927 semine
917 892 1019 927 Juda
1065 891 1132 940 qui
1177 891 1249 927 fuit
1295 891 1399 928 filius
1431 893 1554 929 Jacob

239 948 508 997 corporaliter
552 957 801 998 procreatus.
856 951 904 985 Et
951 948 1042 985 hinc
1095 949 1192 986 dicit
1234 950 1453 998 Apostolus
1506 951 1555 987 ad

238 1008 359 1043 Hebr.
393 1009 497 1052 V110‚
540 1020 605 1053 14:
650 1007 903 1057 Manifestum
949 1015 1004 1044 est
1036 1008 1244 1043 Dominum
1281 1009 1327 1044 de
1357 1008 1462 1044 Yua'a
1495 1009 1555 1046 vel

239 1066 359 1102 Israel
399 1065 651 1115 processisse,
697 1074 733 1102 et
778 1065 871 1114 quia
916 1065 1165 1114 superfluum
1212 1066 1349 1103 fuisset
1400 1075 1554 1104 tantam

238 1123 415 1160 radicem
451 1123 491 1159 in
524 1123 661 1172 aliquo
694 1136 838 1171 genere
872 1135 956 1160 esse
989 1132 1124 1161 natam
1158 1124 1234 1160 nisi
1275 1124 1472 1173 germinet
1505 1126 1554 1162 ad

183 1182 220 1214 15
238 1190 359 1228 extra,
393 1181 484 1218 ideo
518 1182 621 1218 misit
654 1182 804 1218 radices
836 1181 1028 1219 virtutum
1064 1182 1150 1219 aliis
1184 1182 1243 1219 sui
1278 1183 1433 1231 generis
1464 1196 1554 1232 pro—

237 1240 450 1285 dessendo,
484 1249 527 1276 ut
560 1249 671 1288 patet
705 1241 753 1277 de
787 1240 877 1276 filiis
911 1253 1057 1289 sponse
1090 1253 1172 1278 sue.
1221 1241 1299 1277 Illis
1340 1241 1445 1278 enim
1481 1242 1553 1278 im-

238 1298 346 1335 misit
391 1297 545 1346 gracias
591 1307 627 1335 et
672 1298 885 1335 instinctus
925 1307 1135 1348 tamquam
1171 1299 1327 1336 radices
1359 1299 1551 1336 virtutum

237 1365 274 1392 et
308 1368 491 1405 operum,
537 1370 610 1405 pro
656 1356 800 1405 quibus
846 1358 893 1393 de
940 1369 1118 1406 congruo
1164 1359 1213 1394 ad
1260 1358 1551 1395 beatitudinem

238 1423 482 1451 meruerunt.

179 1482 221 1504 20
294 1472 486 1518 Quamvis
519 1481 653 1509 autem
687 1485 810 1521 genus
838 1472 985 1509 Christi
1019 1482 1056 1510 et
1088 1474 1215 1511 Marie
1239 1483 1322 1511 erat
1346 1474 1385 1511 in
1409 1475 1551 1512 ceteris
1637 1477 1731 1518 Jacob
1754 1478 1779 1504 is

235 1530 490 1579 patriarchis,
545 1540 681 1568 tamen
724 1532 841 1567 Jacob
887 1531 1115 1579 specialiter
1159 1533 1406 1579 nominatur,
1457 1533 1549 1583 quia
1618 1514 1794 1577 Πῖἓῗῇἷὲξξὲά

235 1601 376 1626 omnes
410 1589 623 1626 duodecim
659 1589 729 1626 filii
763 1589 823 1626 sui
857 1598 969 1626 erant
1003 1590 1151 1637 fideles,
1199 1600 1235 1627 et
1274 1591 1329 1628 sic
1362 1604 1444 1628 non
1476 1591 1549 1628 fuit
1579 1586 1706 1649 bffiffifss
1727 1586 1834 1649 ξὲῑῃξίδ

236 1648 284 1684 de
327 1649 534 1685 Abraham
581 1656 617 1684 et
663 1650 772 1684 Isaac
818 1651 875 1696 (ut
920 1657 1029 1697 patet
1075 1650 1122 1685 de
1167 1651 1310 1686 Ismael
1343 1659 1380 1686 et
1413 1652 1548 1689 Esau).
1591 1665 1669 1684 were
1691 1643 1823 1685 faithful.

236 1706 328 1743 Ideo
361 1715 528 1755 propter
561 1705 785 1742 misterium
831 1706 931 1742 tanti
977 1716 1013 1743 et
1061 1707 1150 1744 talis
1183 1708 1340 1744 numeri
1374 1708 1548 1745 filiorum

179 1763 219 1796 25
237 1772 294 1800 est
325 1766 449 1802 Jacob
482 1773 525 1801 ut
560 1765 709 1801 Israhel
742 1765 920 1802 crebrius
954 1765 1200 1803 nominatus.
1255 1767 1304 1802 Et
1346 1780 1435 1804 cum
1476 1767 1550 1804 ista

236 1823 449 1871 precepcio
482 1836 563 1859 non
597 1832 729 1871 potest
761 1823 958 1869 frustrari,
994 1832 1029 1860 et
1064 1837 1134 1872 per
1168 1837 1430 1874 consequens,
1470 1839 1552 1862 non

234 1879 274 1916 in
307 1881 379 1918 Dei
423 1880 761 1930 preordinacione
808 1883 1010 1930 completa
1056 1883 1240 1930 deficere,
1288 1892 1398 1931 patet
1444 1885 1551 1932 quod

236 1941 342 1976 Deus
376 1939 513 1976 omnia
547 1941 597 1976 ad
630 1939 750 1976 istum
797 1953 1053 1988 progressum
1100 1941 1326 1978 necessaria
1372 1942 1553 1991 infringi-

235 1997 368 2034 biliter
401 1997 613 2034 ordinavit.
660 2000 753 2036 Ideo
799 1998 894 2035 dicit
939 2007 1085 2035 textus:
1131 1999 1186 2035 Ab
1233 2000 1344 2036 inicio
1388 2008 1422 2036 et
1467 2008 1553 2036 ante

178 2056 362 2092 3osecula
407 2064 538 2092 creata
585 2069 668 2092 sum
714 2064 749 2093 et
794 2069 910 2106 usque
952 2058 1004 2092 ad
1036 2058 1224 2106 futurum
1269 2059 1439 2094 seculum
1479 2072 1551 2094 non

235 2114 419 2150 desinam.
466 2114 663 2151 Ordinata
697 2114 859 2163 quidem
893 2115 965 2151 fuit
999 2116 1070 2151 hec
1112 2115 1317 2164 sapiencia
1350 2116 1551 2153 incarnari
1567 2124 1633 2152 The
1650 2124 1841 2163 incarnation

234 2172 283 2208 ab
316 2171 438 2209 inicio
471 2172 667 2221 temporis
700 2182 738 2210 et
766 2182 857 2210 ante
880 2174 1028 2213 secula.
1054 2182 1090 2210 et
1114 2174 1179 2210 illa
1202 2183 1370 2211 vocatur
1394 2175 1551 2212 creacio
1580 2159 1829 2230 {³1¹1gassssgfnssffig

234 2230 406 2278 passiva.
441 2233 522 2267 Nec
556 2240 689 2280 potest
722 2244 958 2280 progressus
992 2231 1104 2268 istius
1138 2232 1340 2280 sapiencie
1364 2246 1453 2270 cum
1479 2246 1550 2270 suo

142 2321 168 2353 F
196 2322 206 2354 1
235 2300 405 2338 corpore
438 2302 565 2338 usque
600 2291 649 2326 ad
683 2290 800 2326 finem
836 2290 959 2327 seculi
992 2289 1194 2338 impediri,
1242 2291 1335 2340 quia
1369 2292 1551 2329 Christus

139 2332 444 2411 30⁰750rdinatus
477 2356 535 2384 est
580 2347 861 2397 principaliter
905 2361 976 2397 per
1003 2345 1008 2402 Ι
1037 2349 1141 2385 viam
1189 2349 1455 2387 humanitatis
1501 2351 1551 2387 ad

234 2406 471 2442 salvandum
504 2418 627 2454 genus
660 2408 783 2443 Jacob
818 2406 1003 2444 incedere
1044 2416 1081 2444 et
1119 2408 1356 2445 secundarie
1395 2409 1454 2445 vel
1487 2421 1550 2446 ac-

236 2463 409 2501 cessorie
443 2465 651 2513 quodlibet
686 2466 915 2501 membrum
948 2478 1078 2502 suum.

294 2524 342 2558 Et
365 2522 565 2571 sequitur:
591 2524 631 2558 In
655 2523 894 2559 habitacione
915 2531 1049 2560 sancta
1065 2536 1197 2560 coram
1214 2524 1295 2573 ipso
1312 2525 1552 2570 ministra1¹i;

236 2581 401 2617 verbum
436 2589 570 2618 autem
605 2590 697 2630 post
730 2580 1059 2618 incarnacionem
1095 2582 1336 2620 ministravit
1360 2582 1550 2620 Trinitati

306 2723 326 2743 1.
348 2715 416 2743 DE:
438 2722 582 2751 expresse
600 2717 718 2744 annuit.
809 2726 839 2752 4,
860 2716 885 2757 52
907 2726 932 2752 7.
954 2717 1029 2745 AD:
1049 2716 1228 2744 Jerusalem.
1314 2726 1343 2750 4.
1364 2719 1410 2746 A:
1432 2727 1488 2755 que
1508 2719 1549 2747 in.

235 2750 263 2777 6.
278 2750 348 2778 DE:
371 2751 400 2778 in
416 2751 525 2786 patria
546 2751 639 2778 deest.
699 2760 740 2779 10.
761 2751 831 2780 DE:
852 2755 891 2779 stt
910 2752 956 2779 de.
1014 2759 1121 2779 10—12.
1143 2752 1183 2780 E:
1206 2752 1339 2789 quz'fuit
1358 2770 1389 2773 -
1411 2754 1448 2781 de
1466 2753 1550 2781 Yuda

235 2784 330 2812 deest.
445 2784 483 2813 31.
506 2785 530 2813 E
550 2786 580 2813 in
602 2794 715 2822 marg:
746 2786 876 2815 Creacio
896 2787 1061 2822 sapiencie.
1177 2786 1223 2821 34.
1246 2787 1315 2816 DE:
1342 2789 1439 2816 seculi
1456 2788 1549 2816 deest.

235 2818 281 2855 39.
303 2819 343 2847 E:
369 2819 519 2848 Trinitati
536 2820 629 2848 deest.

311 2903 336 2933 1,
366 2894 395 2933 3,
421 2903 453 2934 4,
482 2903 511 2935 7,
537 2893 586 2926 15.
613 2893 718 2926 Eccli.
744 2895 863 2934 XXIV⁷
889 2895 937 2928 13.
1038 2905 1089 2938 29,
1118 2896 1170 2938 39.
1198 2895 1242 2928 ib.
1268 2906 1317 2937 14.
