2062 3276
224 881 260 901 10

224 1172 258 1193 13

278 236 413 265 samio
436 225 573 279 xum]
764 236 953 275 QUARTA
984 235 1109 266 PARS,

279 344 391 381 faciei
431 354 467 380 et
507 345 761 380 collaudatur
802 342 983 390 graciosa
1022 339 1308 376 benevolencia
1349 338 1507 383 medici,
1549 351 1592 374 ex

279 402 390 438 cuius
422 402 557 450 gracia
590 401 812 438 indelebilis
845 399 994 436 sanitas
1028 408 1108 434 tarn
1145 399 1260 446 plene
1294 396 1533 445 adquiritur.

1804 225 1878 260 383

336 461 521 497 Secundo
545 459 683 496 dicunt
708 460 892 494 doctores
918 455 1190 493 communiter
1212 456 1320 503 quod
1344 453 1593 502 impossibile
1608 460 1883 531 &inldlgiffircffg‘i-{igen

279 527 335 554 est
369 517 686 566 predestinatum
730 518 777 552 de
810 514 986 564 peccatis
1026 513 1178 550 conteri
1211 512 1288 549 nisi
1329 521 1512 560 resurgat
1552 525 1592 547 m

279 576 416 624 gracia
449 575 650 624 ampliori,
686 584 770 610 tum
796 573 889 622 quia
922 581 1082 621 oportet
1105 573 1154 608 ad
1187 571 1364 619 graciam
1400 569 1593 618 predesti-

278 634 457 671 nacionis
497 634 616 670 aliam
662 632 816 668 infundi
857 631 1018 667 racione
1065 629 1272 666 meritorie
1314 627 1590 673 contricionis,

277 701 361 728 tum
408 691 532 728 eciam
574 690 667 739 quia
712 690 828 726 aliter
870 688 1091 724 diminucio
1139 687 1285 736 prioris
1331 686 1463 734 gracie
1509 685 1592 722 sine

278 750 395 797 plena
428 749 689 786 restitucione
722 747 883 784 racione
917 746 1072 795 peccati
1112 754 1326 782 testaretur
1360 745 1468 793 quod
1502 756 1592 792 pec-

277 817 410 844 catum
444 821 525 844 non
549 808 650 843 foret
676 807 790 854 plene
816 805 1040 851 dimissum,
1074 805 1143 840 sed
1167 812 1364 852 perpetuo
1390 802 1590 851 punitum,

276 866 370 914 quia
411 866 573 902 racione
618 864 723 900 illius
763 865 913 900 bonum
961 864 1011 899 ad
1051 863 1160 911 quod
1205 863 1324 898 habet
1365 861 1592 897 naturalem

276 923 556 960 habitudinem
583 931 777 971 perpetuo
802 930 904 958 esset
929 920 1185 965 destitutum3
1211 929 1247 956 et
1272 921 1346 956 hoc
1371 928 1427 955 est
1450 927 1590 955 notum

276 982 329 1018 eis
363 981 429 1031 qui
464 981 599 1018 dicunt
633 982 741 1029 quod
775 982 880 1016 Deus
912 991 1069 1027 semper
1103 978 1231 1026 diligit
1264 977 1519 1014 uniformiter
1554 985 1592 1012 et

276 1041 384 1088 quod
424 1042 529 1076 Deus
568 1040 650 1076 vult
691 1051 851 1075 omnem
893 1036 1213 1086 predestinatum
1253 1048 1412 1084 semper
1453 1034 1593 1071 melio-

276 1099 403 1134 rando
428 1099 658 1146 procedere.
692 1096 802 1133 Talis
823 1095 929 1132 enim
955 1097 1049 1131 dum
1075 1103 1132 1131 est
1156 1094 1195 1130 in
1220 1093 1433 1142 posteriori
1459 1092 1593 1141 gracia

245 1161 256 1165 ”
277 1166 333 1193 est
366 1158 415 1193 ad
450 1158 678 1192 habendum
704 1154 996 1191 beatitudinem
1034 1152 1243 1189 maturior.
1276 1151 1420 1188 Tercio
1454 1151 1592 1187 dicunt

277 1216 462 1251 doctores
495 1215 603 1263 quod
627 1213 841 1250 occasione
874 1211 1028 1260 peccati
1054 1210 1261 1247 hominum
1295 1219 1331 1247 et
1355 1210 1591 1258 angelorum

276 1282 332 1309 est
377 1274 523 1308 nedum
575 1272 741 1308 ecclesia
787 1270 1010 1319 perfeccior
1056 1271 1123 1306 sed
1171 1269 1296 1306 eciam
1343 1268 1586 1305 universum.

274 1332 427 1367 Tantus
473 1330 577 1366 enim
618 1339 675 1366 est
719 1341 909 1365 numerus
949 1329 1194 1365 salvatorum
1236 1336 1409 1376 quantus
1454 1326 1589 1362 fuisset

275 1390 474 1425 subducto
507 1398 674 1437 peccato
709 1397 745 1424 et
785 1387 948 1435 insuper
981 1386 1191 1434 dampnati
1232 1394 1270 1422 et
1302 1394 1497 1433 perpetuo
1532 1384 1590 1420 in-

275 1447 467 1484 carcerati
503 1448 719 1483 ostendunt
757 1445 932 1481 divinam
966 1445 1194 1492 potenciam
1236 1453 1355 1491 atque
1388 1442 1587 1479 iusticiam

273 1506 505 1553 faciuntque
539 1504 828 1541 beatitudinem
866 1513 903 1539 et
935 1503 1094 1539 laudem
1129 1510 1360 1538 sanctorum
1395 1502 1482 1550 plus
1515 1501 1589 1537 fer-

273 1563 405 1600 vidam
439 1576 512 1599 nec
544 1576 625 1599 non
659 1563 877 1599 secundum
904 1561 1196 1609 perfeccionem
1231 1569 1372 1596 nature
1396 1561 1589 1607 dampna-

272 1631 404 1658 torum
440 1622 743 1658 accumulanter
775 1619 988 1669 perficiunt
1020 1619 1263 1655 universum.

331 1681 408 1716 Sed
433 1679 535 1716 absit
569 1692 611 1716 ex
642 1679 718 1715 isto
752 1680 914 1715 credere
941 1677 1059 1717 (sicut
1093 1677 1188 1713 dicit
1212 1677 1445 1725 Apostolus)
1479 1677 1587 1724 quod

272 1738 427 1774 licitum
468 1738 518 1774 sit
557 1750 739 1786 peccare,
778 1749 872 1773 nam
911 1736 1129 1772 timentibus
1162 1736 1287 1770 Deum
1328 1734 1419 1771 licet
1459 1734 1585 1770 omnia

273 1804 533 1846 cooperantur
565 1796 601 1831 in
635 1796 787 1841 bonam,
826 1803 960 1831 tamen
993 1793 1204 1830 obstinatis
1239 1794 1385 1829 cedunt
1419 1801 1587 1840 peccata

274 1867 343 1891 sua
392 1856 442 1890 ad
487 1853 781 1890 innumerabile
827 1854 1049 1900 dampnum
1098 1864 1170 1888 nec
1209 1851 1425 1900 proficeret
1470 1851 1586 1898 culpa

272 1912 433 1949 salvatis
473 1912 548 1948 nisi
588 1911 801 1948 occasione
843 1919 1010 1958 accepta
1050 1919 1086 1946 et
1127 1911 1220 1946 data
1254 1922 1296 1946 ex
1336 1908 1587 1957 plenitudine

273 1971 406 2018 gracie
447 1970 680 2006 mediatoris
714 1969 782 2006 Dei
825 1978 861 2005 et
895 1968 1118 2004 hominum.
1165 1969 1258 2004 Ideo
1291 1969 1341 2004 ad
1380 1967 1511 2015 ipsum
1544 1975 1587 2002 ut

272 2030 320 2065 ad
346 2038 525 2065 centrum
561 2037 807 2065 concurrunt
830 2039 970 2063 omnes
1005 2026 1187 2063 raciones
1216 2025 1346 2062 laudis
1380 2034 1416 2061 et
1439 2025 1584 2073 gracie.

272 2090 360 2123 Non
394 2086 498 2123 enim
532 2086 689 2123 videtur
723 2085 843 2122 michi
876 2097 993 2133 posse
1028 2097 1111 2121 esse
1144 2085 1253 2133 quod
1277 2083 1430 2132 primus
1464 2084 1586 2119 homo

271 2154 486 2193 peccasset,
522 2145 597 2181 nisi
621 2145 785 2181 verbum
811 2143 882 2180 Dei
906 2143 1111 2180 hominem
1137 2142 1384 2187 redemisset,
1408 2153 1454 2178 eo
1479 2143 1586 2189 quod

272 2212 431 2252 oportet
463 2204 592 2240 celum
632 2203 767 2239 ornari
800 2210 996 2250 perpetuo
1035 2210 1180 2238 natura
1214 2199 1404 2236 hominis.
1451 2201 1498 2235 Et
1531 2199 1586 2235 sic

270 2261 455 2309 intelligit
489 2263 628 2298 beatus
653 2260 868 2309 Gregorius
901 2259 1171 2296 necessarium
1195 2260 1279 2295 Ade
1314 2267 1523 2307 peccatum
1549 2267 1587 2294 et

271 2319 424 2356 felicem
450 2320 623 2368 culpam.
649 2319 715 2356 Sic
737 2319 863 2355 eciam
883 2318 1062 2366 loquitur
1077 2318 1298 2366 Apostolus
1319 2319 1432 2353 Rom.
1447 2317 1516 2361 VO,
1535 2326 1585 2351 20

272 2377 407 2414 dicens
431 2378 493 2414 ubi
523 2378 759 2414 habundavit
793 2377 972 2413 delictum
996 2375 1353 2425 superhabundavit
1375 2382 1409 2410 et
1431 2374 1583 2425 gracia.

271 2437 373 2472 Cum
419 2435 540 2484 igitur
581 2437 629 2472 de
675 2434 926 2483 plenitudine
966 2434 1099 2482 gracie
1139 2433 1288 2470 Christi
1335 2445 1407 2468 nos
1446 2445 1586 2468 omnes

339 2566 366 2586 2.
387 2559 428 2585 D:
451 2558 601 2586 indebilis.
665 2556 688 2584 3.
704 2559 749 2585 A:
771 2558 893 2585 ducunt.
955 2557 979 2584 5.
1002 2557 1044 2584 H:
1067 2556 1138 2592 quia
1159 2556 1254 2583 deest.
1311 2559 1338 2583 t).
1354 2556 1399 2583 A:
1421 2556 1584 2583 meritorii.

270 2601 302 2621 11.
325 2595 368 2620 A:
396 2596 476 2620 esset
495 2593 589 2620 deest.
664 2600 702 2619 12.
723 2592 796 2620 AD:
825 2591 1037 2628 corfimniter.
1115 2590 1151 2624 13,
1169 2599 1210 2625 14.
1227 2590 1298 2618 DG:
1326 2591 1357 2618 in
1380 2590 1584 2618 meliorando.

269 2628 305 2656 15.
322 2629 365 2655 A:
388 2627 451 2655 Sed
469 2627 581 2654 dicunt.
657 2627 694 2654 18.
718 2627 744 2654 G
765 2627 794 2654 in
817 2635 930 2661 marg:
954 2635 974 2653 1.
1048 2634 1091 2653 22.
1113 2627 1157 2654 A:
1179 2629 1213 2653 ut
1229 2633 1301 2653 non.
1375 2624 1417 2652 23.
1440 2625 1513 2653 DG:
1535 2633 1585 2652 ac-

268 2663 470 2690 cumulantur.
527 2662 566 2690 25.
585 2662 627 2690 H:
649 2670 709 2689 non
726 2662 916 2694 timentibus;
935 2662 976 2688 ib.
992 2661 1066 2688 DG:
1086 2662 1159 2688 licet
1176 2662 1269 2688 deest.
1333 2668 1379 2695 29,
1395 2660 1441 2688 30.
1456 2660 1530 2688 AH:
1553 2663 1586 2687 ut

267 2700 414 2725 centrum.
487 2696 530 2724 32.
551 2698 595 2724 A:
616 2705 720 2724 omnes
740 2697 922 2724 redimis-sel.
997 2695 1042 2729 34.
1064 2697 1108 2723 A:
1129 2696 1340 2723 necessariam.
1415 2695 1456 2723 35.
1479 2695 1522 2722 D:
1545 2694 1583 2722 Et

267 2734 310 2760 sic
330 2733 486 2768 loquitur:
507 2732 546 2758 ib.
568 2733 612 2759 A:
634 2732 722 2759 Rom.
744 2731 811 2765 XV;
832 2732 874 2759 D:
894 2731 963 2759 Jolz.
989 2730 1018 2758 V.
1092 2730 1138 2758 36.
1161 2731 1202 2758 D:
1224 2733 1255 2758 et
1273 2731 1367 2757 deest.

340 2815 392 2847 25.
418 2815 519 2846 Rom.
534 2815 624 2854 VIII,
645 2813 697 2846 28.
795 2816 847 2856 34.
874 2816 907 2846 S.
928 2815 1083 2856 Gregorii
1104 2815 1264 2856 Hymnus
1284 2815 1316 2845 in
1336 2813 1582 2845 Benedictione

270 2862 379 2901 Cerei,
398 2861 548 2893 Sabbato
567 2862 703 2901 Sancto,
722 2862 755 2892 in
770 2862 898 2892 Missali
915 2861 1089 2892 Romano.
1108 2860 1159 2892 Cf.
1174 2861 1391 2903 Trffllogum,
1411 2870 1488 2902 pag.
1510 2869 1581 2900 141.

1646 1679 1724 1707 This
1746 1680 1772 1719 is
1793 1689 1831 1707 no

1612 1723 1721 1742 excuse
1742 1718 1791 1742 tor
1811 1716 1869 1743 sin.
