2062 3276
172 268 250 302 282
731 278 955 309 JOHANNIS
973 277 1158 309 wvcrir
1177 278 1433 310 SERMONUM
1472 264 1623 323 [SERMO
1644 275 1766 303 xxxu.

456 383 628 420 maxime
643 383 816 420 afficitur
833 386 883 421 ad
899 387 1026 421 Deum
1051 394 1087 421 et
1110 397 1180 433 per
1204 397 1450 434 consequens
1466 388 1571 422 Deus
1595 385 1766 422 maxime

455 442 530 478 sibi
564 441 751 478 afficitur.
785 444 885 479 Cum
911 455 1003 491 ergo
1038 445 1143 479 Deus
1167 445 1234 480 dat
1267 443 1404 480 onmia
1432 443 1512 480 suis
1545 443 1764 492 discipulis,

455 500 637 549 sequitur
669 501 888 537 conclusio.
934 502 1027 537 Ideo
1060 510 1119 538 est
1164 503 1211 538 de
1244 501 1394 538 volenti
1434 502 1623 550 amplecti
1666 511 1765 538 tem-

457 558 612 606 poralia
658 558 742 595 sine
787 559 924 607 previa
969 559 1040 595 Dei
1094 568 1256 607 captata
1308 559 1608 607 benevolencia,
1662 560 1765 596 sicut

455 617 557 653 foret
591 617 638 652 de
671 616 836 653 homine
870 617 1089 654 divertente
1123 630 1144 654 a
1177 619 1260 654 sole
1304 627 1341 655 et
1385 619 1667 666 prosequendo
1699 623 1801 656 vo-5

455 674 560 711 lente
594 676 936 723 comprehendere
974 688 1087 711 suam
1123 677 1323 712 umbram.
1357 679 1459 713 Nam
1494 676 1766 724 experimento

456 741 612 769 constat
645 734 753 780 quod
786 745 1032 781 prosequens
1074 734 1116 770 fit
1148 743 1190 770 ut
1223 734 1278 771 sic
1312 747 1334 771 a
1367 747 1437 771 sua
1469 735 1612 770 umbra
1657 735 1766 770 elon-

455 791 592 837 gacior
625 799 662 826 et
695 792 981 838 procedentem
1015 803 1151 828 versus
1174 792 1420 828 luminosum
1454 794 1597 829 umbra
1631 804 1767 828 conse-

455 848 602 896 quitur.
663 850 776 884 Unde
822 850 916 897 Sap.
959 850 1026 895 VO,
1086 862 1132 895 14
1191 850 1328 886 dicunt
1368 851 1439 887 hec
1491 852 1569 886 duo
1622 863 1766 898 genera

455 907 720 954 superborum
760 907 795 942 in
834 907 1003 955 inferno:
1053 907 1159 953 Quid
1202 909 1317 944 nobis
1360 908 1512 956 profuit
1556 907 1826 957 superbia'mo

455 973 522 1000 aut
555 963 789 1000 diviciarum
815 964 1012 1002 iactancia
1031 965 1126 1013 quid
1151 966 1320 1002 contulit
1342 966 1482 1002 nobis?
1504 966 1766 1003 Transierunt

457 1022 593 1058 omnia
646 1022 714 1058 illa
766 1022 867 1059 sicut
919 1025 1076 1060 umbra.
1124 1023 1229 1069 Quid
1283 1037 1376 1072 ergo
1420 1024 1585 1061 stulcius
1645 1037 1763 1072 quam

454 1089 620 1128 propter
653 1080 913 1117 interludium
949 1090 1276 1118 momentaneum
1301 1095 1516 1119 onerosum
1550 1082 1633 1130 pati
1667 1091 1765 1118 eter-

454 1151 550 1174 num
584 1138 852 1186 supplicium?

184 1246 188 1247 .
224 1202 333 1264 vridge
353 1202 399 1250 of⁹
510 1197 699 1233 Tercium
733 1210 857 1244 genus
897 1210 987 1234 cece
1022 1199 1207 1246 superbie
1241 1208 1297 1234 est
1332 1207 1496 1247 propter
1535 1197 1764 1244 scienciam,
1786 1202 1823 1234 15

173 1237 293 1264 ¹¹¹¹⁰⁸¹e
317 1245 353 1272 ge
374 1236 429 1265 ἃς·
454 1255 753 1303 preposituram
789 1264 909 1304 atque
943 1257 1160 1292 carismata
1201 1269 1445 1305 quemquam
1489 1269 1529 1293 se
1563 1257 1764 1302 extollere,

455 1312 548 1361 quia
582 1314 657 1350 hoc
703 1313 810 1349 idem
846 1323 903 1350 est
948 1316 1055 1362 quod
1089 1315 1232 1351 herbas
1278 1316 1455 1351 novellas
1486 1314 1659 1351 virentes
1698 1315 1765 1350 ab—

454 1371 647 1408 scindere.
685 1371 1046 1409 Circumducamus
1071 1385 1163 1420 ergo
1187 1381 1342 1421 petram
1367 1386 1442 1421 que
1467 1382 1551 1409 erat
1584 1372 1766 1409 Christus

455 1429 561 1466 circa
595 1439 715 1478 caput
747 1429 951 1466 interioris
984 1430 1159 1467 hominis
1203 1431 1407 1468 racionem
1456 1440 1493 1467 et
1531 1431 1765 1467 occidamus

456 1487 613 1524 Goliam
648 1489 860 1525 habentem
895 1498 1014 1536 caput
1045 1489 1294 1538 superbiam3
1327 1489 1411 1537 ipse
1444 1488 1549 1525 enim
1584 1488 1764 1525 Christus
1782 1503 1823 1524 20

454 1558 615 1582 omnem
650 1548 844 1583 honorem
880 1547 986 1583 Patri
1027 1547 1209 1583 attribuit
1242 1559 1282 1584 se
1315 1547 1444 1596 ipsum
1484 1547 1685 1591 inaniens3
1728 1556 1764 1583 et

455 1603 676 1651 cogitemus
710 1606 916 1653 quomodo
948 1605 1027 1641 vita
1060 1618 1130 1641 sua
1165 1615 1202 1642 et
1235 1605 1417 1641 doctrina
1451 1605 1588 1641 exinde
1622 1605 1765 1652 legitur

455 1662 602 1699 cotidie
636 1662 675 1699 in
708 1663 889 1709 ecclesia,
924 1672 966 1699 ut
1001 1663 1148 1700 cotidie
1181 1663 1333 1711 aliquid
1358 1665 1405 1699 de
1428 1663 1508 1699 vita
1531 1676 1602 1699 sua
1625 1662 1765 1698 humili

456 1720 669 1766 discamus,
703 1721 798 1769 quia
831 1721 1035 1757 conclusio
1061 1721 1271 1769 Augustini
1304 1721 1343 1757 in
1366 1724 1423 1757 De
1445 1734 1536 1757 vera
1561 1721 1765 1768 Religione

455 1791 542 1826 cap.
576 1780 684 1815 XV10
718 1788 775 1815 est
807 1781 915 1827 quod
948 1779 1196 1827 impossibile
1229 1779 1278 1815 sit
1311 1779 1573 1816 christianum
1600 1791 1765 1827 peccare
1782 1783 1822 1814 25

454 1836 530 1872 nisi
564 1836 747 1884 eligendo
781 1839 888 1885 quod
922 1837 1006 1885 ipsc
1039 1837 1169 1874 renuit
1200 1838 1261 1873 vel
1294 1838 1506 1873 abnuendo
1540 1839 1647 1885 quod
1680 1837 1766 1885 ipse

456 1895 717 1942 approbavit3
776 1895 1047 1932 humilitatem
1093 1905 1226 1932 autem
1285 1904 1493 1943 tamquam
1546 1895 1765 1931 leccionem

456 1952 789 2000 specialissimam
825 1953 961 1990 docuit
992 1954 1031 1989 in
1054 1966 1174 2002 opere
1209 1962 1244 1989 et
1268 1965 1452 1990 sermone
1475 1962 1513 1989 et
1537 1953 1764 2001 superbiam

455 2010 644 2047 nimirum
678 2024 834 2047 summe
868 2013 1113 2059 despexerat.
1162 2011 1330 2059 Superbi
1371 2011 1492 2059 igitur
1531 2012 1696 2047 dicentes
1727 2023 1767 2046 se

457 2081 538 2104 esse
569 2069 758 2118 sapientes
790 2070 1026 2118 stultifacti
1060 2078 1146 2105 sunt
1179 2071 1293 2105 Rom.
1329 2072 1376 2115 10,
1412 2079 1483 2105 22:
1520 2082 1609 2105 cum
1644 2080 1765 2117 appe—
1783 2072 1824 2104 30

456 2128 578 2163 tendo
623 2127 873 2175 impossibile
912 2141 1032 2175 supra
1077 2140 1118 2164 se
1161 2127 1313 2164 scilicet
1357 2129 1550 2163 honorem
1587 2126 1762 2163 divinum

456 2197 538 2220 non
572 2187 823 2221 attendentes
857 2186 905 2221 ad
940 2187 1060 2233 pedes
1093 2198 1132 2222 se
1162 2185 1270 2233 ipsos
1303 2185 1557 2233 precipitant.

184 2243 266 2272 Gifts
287 2243 423 2282 misusqd
516 2244 720 2287 Quantum
781 2245 829 2279 ad
889 2243 1118 2291 superbiam
1173 2243 1426 2291 prepositure
1488 2251 1597 2290 patet
1657 2243 1765 2289 quod

178 2283 428 2341 ςοέᾱίῗῐῗῧξῑῗὲῃ,
458 2301 708 2336 durissimum
742 2301 922 2337 iudicium
957 2302 1029 2337 hiis
1066 2302 1130 2349 qui
1163 2309 1326 2350 presunt
1352 2302 1446 2351 fiet:
1490 2302 1581 2348 Sap.
1607 2302 1692 2345 V10‚
1728 2301 1764 2335 6.

458 2360 549 2395 Ideo
584 2358 689 2395 idem
726 2368 781 2395 est
806 2360 854 2395 de
887 2359 954 2395 illa
977 2359 1185 2407 superbire
1209 2360 1391 2407 neglecto
1415 2358 1551 2395 officio
1577 2367 1613 2394 et
1637 2358 1765 2394 furem
1783 2360 1822 2393 35

527 2503 544 2520 1.
569 2494 611 2521 H:
632 2494 763 2520 maxime
783 2493 876 2520 deest.
950 2492 975 2520 3.
992 2493 1064 2520 DG:
1087 2496 1244 2520 voluntate
1257 2493 1391 2528 impleti:
1410 2493 1453 2520 H:
1468 2493 1586 2520 volenti
1597 2493 1767 2528 complecti.

465 2538 482 2560 ι.
506 2528 579 2555 DG:
605 2532 770 2563 coaptata:
796 2528 837 2554 H:
865 2531 965 2562 capla.
1074 2528 1100 2554 S.
1129 2528 1201 2555 DH:
1227 2528 1420 2562 procedente.
1529 2535 1565 2554 12.
1595 2527 1669 2554 GH:
1697 2528 1767 2554 ista.

457 2563 492 2590 15.
514 2563 538 2590 D
559 2563 589 2590 in
611 2570 725 2597 marg:
750 2562 889 2589 Tercsmn
911 2571 1010 2597 genus
1028 2563 1179 2599 sujerbie.
1254 2563 1294 2589 113.
1316 2563 1359 2589 H:
1387 2565 1438 2593 at:
1463 2563 1503 2589 ib.
1526 2563 1568 2589 G:
1595 2562 1767 2602 quidquem.

456 2606 494 2632 17.
517 2597 623 2624 DGH:
651 2598 742 2631 quasi
759 2597 877 2624 herbas.
1001 2598 1039 2625 18.
1079 2597 1135 2625 ›G:
1164 2597 1271 2633 igitur.
1393 2605 1434 2630 ιο.
1456 2597 1499 2624 H:
1528 2597 1546 2624 i.
1568 2605 1593 2624 e.
1615 2604 1767 2624 melones.

456 2640 502 2658 20.
524 2632 567 2659 G:
589 2632 751 2667 superhie;
776 2632 816 2659 ib.
838 2632 881 2659 H:
904 2635 994 2667 capul
1014 2632 1114 2665 dcest3
1142 2632 1182 2659 ib.
1204 2630 1310 2659 ADG:
1335 2631 1474 2659 Christus
1494 2631 1588 2658 deest.
1662 2639 1701 2658 21.
1725 2632 1766 2657 H:

455 2667 571 2694 tribuit.
633 2674 675 2694 22.
698 2667 770 2694 bG:
793 2667 960 2701 exemplum
980 2667 1066 2700 inde3
1088 2667 1131 2693 H:
1153 2666 1320 2701 arenzplum
1340 2666 1466 2702 legitur.
1528 2666 1570 2694 23.
1594 2665 1634 2692 H:
1657 2665 1769 2693 cotidie

454 2705 564 2728 antem.
639 2702 678 2728 25.
701 2702 818 2728 Gadda
846 2709 911 2736 cap.
933 2701 994 2729 XV.
1018 2701 1161 2729 Correxi:
1190 2702 1229 2728 ib.
1252 2700 1294 2728 H:
1322 2701 1495 2736 predicare.
1568 2701 1613 2728 28.
1638 2700 1680 2733 H:
1701 2701 1768 2727 suh-

455 2736 635 2763 tilsszw'nmm.
710 2746 755 2764 ω».
780 2736 881 2763 1)(ὶΗῑ
904 2744 989 2772 ergo.

528 2807 581 2840 25.
601 2809 633 2838 S.
654 2810 740 2849 Aug.
762 2808 864 2839 Liber
882 2809 924 2839 de
941 2819 1022 2840 vera
1039 2808 1219 2849 Religione
1238 2818 1311 2850 cap.
1330 2808 1406 2840 XVI
1426 2809 1517 2850 Opp.
1536 2814 1621 2839 tom.
1641 2808 1663 2848 Ι,
1683 2806 1766 2849 758:

455 2855 533 2886 Non
560 2855 651 2885 enim
676 2855 786 2886 ullum
814 2862 993 2896 peccatum
1021 2855 1186 2886 committi
1214 2861 1338 2896 potest,
1371 2855 1435 2886 nisi
1468 2860 1526 2886 aut
1552 2855 1634 2886 dum
1661 2864 1766 2895 appe-

455 2906 572 2943 tuntur
598 2911 635 2932 ea
663 2911 751 2943 quae
778 2901 833 2932 ille
861 2902 1043 2933 contemsit
1068 2907 1126 2933 aut
1152 2900 1331 2943 fugiuntur
1355 2911 1424 2944 que
1450 2901 1507 2932 ille
1534 2901 1706 2940 sustinuit.
