2062 3276
261 604 276 636 5

297 258 432 286 samio
455 249 578 307 xxm]
777 265 968 303 QUARTA
997 266 1122 297 PARS.

355 371 563 407 Secundus
607 383 700 407 vero
745 372 939 408 adventus
987 380 1044 408 est
1088 372 1336 409 necessarius
1388 375 1438 409 ad
1492 374 1609 411 finale

296 427 503 473 iudicium,
538 428 632 477 quia
665 442 869 478 nunquam
895 430 1058 466 daretur
1090 442 1183 478 pars
1216 430 1354 466 iudicii
1387 443 1460 479 pro
1494 431 1607 468 iustis

295 485 462 522 Matthei
492 487 630 532 XXV0,
659 486 729 532 34:
772 487 899 524 Venite
930 488 1118 523 benedicti
1142 489 1270 537 patris
1303 489 1390 536 mei,
1419 490 1609 538 percipite

295 555 460 594 regnum
501 545 602 593 quod
640 545 744 581 vobis
770 552 956 594 paratum
996 553 1051 582 est
1082 546 1128 581 ab
1162 546 1314 596 origine
1346 547 1490 589 mundi,
1530 547 1606 583 nisi

294 600 499 639 iustificati
544 602 691 638 fuerint
736 602 847 650 prius
892 602 1037 650 illapsu
1082 603 1191 640 verbi
1236 603 1326 640 vite.
1386 606 1468 640 Nec
1512 613 1607 641 tunc

292 659 431 696 fuisset
484 660 602 696 finale
653 659 847 696 iudicium
901 663 969 697 sed
1023 661 1266 710 dampnacio
1319 671 1514 710 perpetua
1567 662 1606 699 in

294 726 423 754 morte
457 717 669 754 cuiuslibet
702 718 943 766 peccatoris.

350 775 416 811 Isti
469 785 602 812 autem
657 785 736 812 tres
789 778 984 813 adventus
1037 776 1260 813 innuuntur
1312 777 1351 814 in
1399 778 1605 826 evangelio

292 833 488 870 hodierno
521 834 689 876 Matthei
722 835 842 876 XXIO,
876 835 944 871 ubi
977 835 1162 872 Salvator
1195 834 1342 872 dicitur
1370 836 1605 873 *ascendisse

237 905 276 926 10
289 891 437 927 asinam
471 897 509 929 et
531 892 683 941 pullum
718 892 797 929 eius
829 905 964 929 versus
986 894 1227 938 Jerusalem3
1262 895 1370 942 quod
1403 894 1533 942 signat
1555 896 1606 931 ad

236 1184 271 1216 15

290 961 450 985 sensum
485 949 746 997 allegoricum
771 952 878 999 quod
912 951 1129 999 assumpsit
1162 960 1350 988 naturam
1385 953 1605 989 humanam

290 1019 333 1043 ex
364 1007 498 1044 Judeis
532 1017 568 1044 et
595 1008 780 1055 gentibus
813 1011 863 1045 ad
897 1011 1210 1046 construendum
1245 1010 1468 1047 ecclesiam.
1502 1013 1604 1047 Nam

290 1066 396 1101 Ruth
429 1065 618 1102 Moabitis
655 1066 728 1102 fuit
763 1067 810 1102 de
854 1079 998 1115 genere
1034 1067 1182 1104 Christi
1223 1067 1331 1105 iuxta
1369 1067 1603 1105 vaticinium

289 1123 405 1160 Ysaie
437 1125 535 1167 XVI,
568 1137 599 1160 1:
633 1124 777 1160 Emitte
808 1138 953 1175 agnum
978 1126 1145 1162 Domine
1177 1127 1458 1162 dominatorem
1493 1134 1601 1162 terra

289 1181 336 1217 de
381 1189 497 1230 petra
552 1183 696 1218 deserti
745 1183 796 1218 acl
848 1191 1012 1219 montem
1053 1184 1142 1234 filie
1186 1185 1308 1236 Syon.
1363 1186 1412 1220 Et
1464 1185 1604 1221 habuit

288 1241 652 1288 correspondentes
692 1240 910 1288 discipulos
948 1241 1100 1278 scilicet
1139 1242 1391 1290 patriarchas
1431 1251 1468 1279 et
1511 1255 1604 1291 pro-

287 1298 428 1345 phetas
492 1298 605 1334 illum
664 1300 877 1335 adventum
932 1299 1094 1336 Domini
1154 1300 1478 1348 prenunciantes.
1542 1302 1603 1337 Ad

286 1367 446 1391 sensum
475 1368 568 1392 vero
598 1357 894 1404 tropologicum
918 1357 1048 1406 signat
1071 1360 1178 1406 quod
1200 1367 1283 1395 tam
1306 1358 1420 1395 Judei
1444 1358 1603 1406 (signati

286 1426 356 1461 per
378 1414 541 1459 asinam)
577 1427 696 1462 quam
722 1424 858 1462 gentes
892 1416 1061 1463 (signate
1094 1428 1164 1464 per
1192 1417 1345 1466 pullum
1380 1417 1478 1463 eius)
1511 1426 1603 1453 sunt

286 1484 357 1520 per
389 1473 606 1508 adventum
640 1472 789 1510 Christi
829 1473 1008 1509 animum
1043 1473 1280 1511 illustrantis
1314 1475 1602 1523 incorporandi

285 1529 326 1565 in
356 1529 536 1576 ecclesia,
563 1532 669 1579 quod
703 1530 861 1579 signant
895 1533 969 1568 duo
1004 1532 1184 1582 discipuli
1214 1534 1265 1569 ad
1297 1533 1456 1570 literam
1492 1533 1601 1570 missi

285 1589 335 1625 ad
378 1589 612 1635 Jerusalem,
667 1589 771 1625 sicut
822 1590 1051 1637 patriarche
1097 1599 1133 1627 et
1182 1592 1378 1639 prophete
1423 1591 1601 1640 primum

285 1647 501 1683 adventum
535 1644 836 1695 precesserant.
891 1650 939 1684 Et
983 1650 1117 1696 quoad
1168 1649 1338 1685 tercium
1384 1651 1600 1686 adventum

284 1716 424 1740 omnes
455 1705 635 1741 salvandi
659 1706 772 1742 Judei
805 1715 841 1742 et
870 1715 1007 1754 gentes
1031 1706 1212 1755 preteriti
1237 1716 1274 1744 et
1296 1708 1417 1745 futuri
1442 1708 1598 1745 dicunt:

228 1791 243 1797 -
284 1762 515 1798 Benedictus
562 1763 626 1812 qui
668 1764 767 1799 venit
806 1764 842 1799 in
887 1765 1037 1800 nomine
1072 1764 1234 1802 Domini
1275 1778 1346 1814 per
1384 1767 1523 1802 Enoch
1563 1775 1599 1803 et

284 1821 452 1868 Helyam
477 1821 669 1857 conversi.
697 1822 910 1870 Exposicio
934 1832 1066 1859 autem
1092 1823 1350 1871 particularis
1365 1833 1474 1872 patet
1490 1824 1598 1861 alibi.

1823 272 1896 307 ¹99

1672 784 1740 813 The
1760 787 1845 814 three

1662 821 1790 848 advents
1811 830 1862 849 are

1636 855 1761 890 implied
1783 856 1813 883 in
1834 857 1884 884 the

1631 890 1746 925 Gospel
1768 891 1817 918 for
1836 892 1888 919 the

1726 925 1794 962 day.

342 1880 419 1915 Sed
453 1879 659 1915 dubitatur
696 1893 820 1928 quare
850 1880 1033 1917 Christus
1066 1890 1148 1917 tam
1182 1882 1461 1930 sollempniter
1492 1895 1598 1919 nunc
1650 1887 1786 1916 Reasons
1807 1889 1855 1917 for

282 1936 389 1972 venit
428 1938 477 1973 ad
510 1938 729 1973 Jerusalem
771 1939 878 1975 dicto
919 1940 1054 1975 modo.
1090 1939 1212 1975 Cuius
1245 1939 1387 1988 triplex
1419 1940 1598 1988 signatur

283 1994 407 2037 racio.
432 1995 562 2042 prima
586 1997 635 2031 ad
661 1997 969 2044 exemplandum
995 1997 1276 2034 ecclesiasticis
1310 1998 1595 2035 humilitatem.

226 2057 240 2088 Γ
283 2054 496 2101 Exemplar
541 2053 645 2089 enim
692 2063 852 2102 oportet
897 2056 1042 2091 docere
1085 2055 1238 2104 pedites
1284 2065 1321 2092 et
1365 2069 1596 2093 ascensores

283 2112 489 2159 quomodo
522 2124 562 2147 se
596 2112 811 2148 habebunt.
847 2113 1078 2161 Cogitemus
1111 2126 1205 2161 ergo
1228 2115 1337 2162 quod
1367 2127 1433 2151 rex
1455 2127 1595 2163 regum

282 2168 350 2217 qui
381 2181 588 2218 nunquam
622 2179 713 2206 ante
741 2171 801 2206 vel
833 2180 924 2219 post
952 2171 1025 2207 fuit
1054 2171 1129 2207 nisi
1163 2173 1347 2219 pedester
1379 2182 1474 2209 tunc
1511 2173 1595 2209 sine

281 2227 378 2263 sella
409 2240 491 2264 non
524 2239 670 2276 equum
705 2229 939 2265 bellicosum
965 2231 1033 2266 sed
1057 2232 1197 2266 rudem
1222 2230 1376 2267 asinam
1401 2232 1594 2268 ascendit.

282 2286 357 2321 Per
390 2287 465 2322 hoc
500 2285 605 2322 enim
640 2287 757 2322 datur
790 2287 1071 2324 ecclesiasticis
1112 2289 1338 2336 exemplum
1373 2291 1482 2338 quod
1515 2302 1596 2326 non

281 2345 500 2380 ascendant
539 2353 798 2392 sumptuosos
837 2346 1068 2393 palefridos,
1102 2359 1183 2382 non
1215 2356 1456 2384 consumant
1490 2349 1596 2385 bona

281 2401 447 2438 ecclesie
499 2415 587 2439 cum
641 2403 761 2449 sellis,
809 2403 952 2452 strepis
997 2413 1065 2441 aut
1109 2404 1229 2441 frenis
1282 2405 1484 2442 deauratis
1536 2407 1596 2443 vel

281 2459 423 2496 antelis
461 2461 523 2497 vel
554 2461 719 2509 postelis
753 2462 800 2497 de
833 2462 983 2499 sericis.
1031 2462 1095 2499 Sic
1145 2462 1248 2499 enim
1295 2463 1443 2500 dicitur
1487 2466 1596 2512 quod

351 2591 371 2609 1.
384 2582 408 2609 D
421 2582 451 2609 in
465 2590 577 2617 marga
594 2589 620 2610 2.
671 2583 695 2611 5.
709 2582 797 2611 DGH
808 2594 813 2611 :
825 2592 886 2619 pro
897 2586 948 2612 via
959 2585 1083 2620 illapsi‚·
1098 2585 1140 2612 H:
1156 2585 1272 2620 elapsu.
1323 2593 1351 2620 ς).
1365 2585 1469 2613 DGH·
1485 2587 1597 2617 hodie:

280 2617 322 2644 ib.
337 2617 380 2644 H:
401 2617 454 2644 ubi
471 2617 566 2645 deest.
629 2626 666 2646 12.
688 2619 733 2645 A:
755 2620 915 2646 ecclesiam
930 2620 1026 2646 deest.
1090 2618 1126 2648 13.
1149 2620 1224 2647 DG:
1243 2620 1322 2647 Rulli
1342 2620 1385 2647 IV
1401 2621 1597 2654 Moaln'ticm

279 2652 320 2678 ib.
336 2651 378 2679 D:
400 2652 553 2688 degenere
562 2652 633 2687 fuit
651 2653 688 2680 de
706 2662 831 2689 genere.
905 2662 947 2687 ¹4-
970 2654 1013 2681 D:
1039 2654 1128 2681 Ysaie
1147 2654 1220 2681 XVI
1236 2654 1337 2687 (ἱερεῖς
1359 2655 1398 2682 ib.
1416 2655 1459 2683 H:
1480 2665 1595 2693 agnum

280 2687 376 2713 deest.
434 2695 471 2721 17-
489 2687 532 2714 H:
549 2688 637 2714 istum
651 2689 809 2715 adventum
817 2699 829 2721 ;
843 2688 883 2716 ib.
899 2689 1004 2716 ADG:
1020 2688 1147 2716 Domini
1159 2689 1253 2717 deest.
1309 2697 1348 2717 21.
1364 2691 1408 2717 A:
1423 2690 1484 2717 duo
1500 2693 1594 2718 deest.

279 2728 322 2748 22.
343 2722 388 2748 Ar
415 2721 458 2747 ad
476 2721 570 2749 deest.
698 2722 740 2749 23.
762 2723 805 2750 D:
828 2727 1050 2758 precesserunt
1067 2732 1114 2751 ex.
1246 2732 1290 2759 27.
1312 2725 1354 2751 D:
1383 2725 1596 2755 dubitat-elur.-

278 2756 315 2782 ib.
340 2756 397 2782 DG
420 2756 449 2783 in
472 2764 586 2790 marga
613 2757 704 2784 Nota.
835 2757 875 2786 31.
897 2758 969 2785 DG:
997 2759 1107 2793 igitur.
1239 2758 1283 2786 32.
1304 2759 1379 2786 DG:
1405 2763 1478 2787 ante
1497 2761 1593 2787 deest.

279 2790 325 2833 ξμς.
340 2791 383 2853 [ἐς
405 2791 594 2853 eigenailaptr.
656 2791 697 2819 35.
713 2791 990 2828 D:falsefreclos;
1011 2792 1272 2828 G:·salesredos,·
1291 2794 1331 2821 ib.
1347 2794 1451 2822 DGH:
1474 2795 1592 2822 bonum.

279 2834 325 2853 oo.
383 2835 390 2853 ι
412 2835 424 2853 s
458 2834 558 2861 epzzs.

354 2897 402 2919 10.
429 2886 548 2919 Matth.
575 2887 659 2925 XXI,
691 2887 720 2919 5.
818 2898 870 2920 21.
899 2888 942 2920 ib.
969 2899 993 2920 1.
1094 2888 1146 2921 25.
1174 2889 1220 2928 ib,
1247 2900 1278 2932 ι).

1613 1921 1748 1950 Christ's
1768 1924 1886 1952 solemn

1665 1962 1752 1994 entry
1770 1958 1836 1986 into

1661 1992 1840 2023 Jerusalem.

1679 2129 1698 2148 1.
1720 2121 1765 2148 As
1786 2130 1822 2149 an

1654 2157 1794 2191 example
1815 2158 1848 2185 of

1653 2191 1798 2230 humili&
1818 2197 1847 2220 te

1688 2232 1812 2262 pr1csts.
