2062 3276
156 287 234 322 262

205 408 230 434 hx
255 409 382 435 because

173 445 244 478 only
266 443 405 478 humility

161 485 215 505 can
238 479 362 514 destroy
383 478 421 506 it:

178 1111 202 1130 c»
228 1104 356 1130 because
377 1104 411 1130 οῖ’

167 1138 216 1164 the
239 1138 377 1171 pleasure
397 1138 417 1165 it

166 1172 272 1208 brings
294 1173 367 1200 with
388 1173 419 1200 it.

192 2413 327 2440 Rcasons
350 2413 396 2440 sor

200 2448 340 2481 teuchint,¹
360 2448 388 2474 in

219 2482 369 2517 pai-ables.

738 296 962 326 JoHANle
982 295 1166 326 WYCLIF
1187 295 1443 327 SERMONUM
1474 282 1624 339 [SERMO
1647 294 1754 321 XXXI·

503 402 686 437 Secunda
705 413 796 437 vero
820 400 927 436 racio
953 401 1068 436 huius
1092 401 1337 437 difficultatis
1362 410 1417 437 est
1442 403 1547 449 quod
1571 402 1757 450 superbia

444 469 501 495 est
534 458 713 506 proxima
748 458 962 506 disposicio
995 461 1214 495 secundum
1249 472 1371 507 quam
1406 459 1588 496 diabolus
1619 469 1757 508 regnat

444 517 482 552 in
518 517 693 562 homine,
728 529 798 552 nec
833 525 962 564 potest
995 517 1116 552 deleri
1151 517 1224 552 nisi
1259 530 1329 565 per
1362 517 1645 564 humilitatem,
1680 531 1757 567 que

445 588 534 611 cum
570 574 665 611 dicit
699 574 969 610 abieccionem
1006 574 1175 611 maxime
1209 575 1482 612 detestabilem
1514 577 1621 623 apud
1646 589 1759 612 mun-

444 634 582 678 danos,
618 646 696 668 non
732 629 876 668 mirum
912 632 942 668 si
976 632 1133 669 amocio
1168 633 1352 681 superbie
1385 634 1433 669 sit
1467 647 1622 670 summe
1656 634 1791 670 disti-5

444 691 541 727 cilis.
567 692 679 727 Unde
704 703 782 726 non
807 699 863 726 est
888 690 1076 738 possibile
1100 691 1302 727 hominem
1327 692 1505 728 indurari
1530 691 1568 727 in
1593 701 1758 740 peccato

445 758 583 785 contra
617 748 809 796 Spiritum
845 750 1037 784 Sanctum
1078 749 1150 785 nisi
1191 761 1233 785 ex
1272 749 1471 797 superbia.
1519 752 1606 797 Ipsa
1652 750 1757 786 enim

444 807 663 843 inveterata
697 806 821 854 gignit
854 816 1173 843 consummatam
1208 807 1542 847 inobedienciam,
1576 817 1618 844 ut
1651 816 1759 856 patet

445 866 542 900 Gen.
578 867 660 902 1110.
704 878 748 909 14
783 866 830 900 de
863 873 1063 912 serpente:
1100 866 1226 914 Super
1253 873 1387 914 pectus
1419 873 1523 901 tuum
1556 866 1757 916 gradieris

444 930 478 958 et
501 930 648 958 terram
673 923 848 958 comedes
871 923 1014 958 cunctis
1038 924 1168 959 diebus
1193 923 1265 959 vite
1287 931 1358 958 tue.
1396 926 1444 959 Et
1466 924 1664 971 sequitur:
1705 925 1758 959 Tu
1780 938 1817 958 10

445 980 687 1016 insidiaberis
719 981 897 1016 calcaneo
930 981 1031 1025 e1'11s‚·
1063 981 1129 1017 ubi
1152 981 1398 1029 premittitur
1421 982 1607 1029 superbia
1631 990 1668 1018 et
1691 994 1759 1018 an-

446 1038 617 1074 nectitur
641 1047 919 1074 consummata
944 1038 1104 1075 invidia.
1130 1041 1176 1074 Et
1192 1039 1315 1075 tercio
1339 1039 1570 1087 adiungitur
1586 1039 1641 1075 ire
1665 1039 1757 1075 filia.

502 1096 646 1133 Tereia
680 1109 801 1132 causa
834 1096 1081 1133 difficultatis
1114 1097 1337 1133 amocionis
1361 1097 1548 1145 superbie
1570 1106 1627 1133 est
1650 1099 1759 1145 quod

446 1155 564 1190 habet
609 1156 813 1202 quoddam
861 1155 1095 1191 delectabile
1142 1168 1383 1197 connexum:
1437 1163 1473 1191 et
1519 1169 1607 1191 cum
1655 1157 1760 1191 Deus

446 1212 559 1260 punit
600 1212 698 1248 citra
744 1212 1003 1259 condignum,
1049 1222 1157 1260 patet
1202 1215 1308 1260 quod
1353 1214 1548 1261 superbus
1594 1218 1815 1250 noscens15

446 1283 559 1306 suam
590 1266 593 1323 J
623 1279 659 1306 et
698 1284 813 1306 suum
849 1270 1081 1307 delectabile
1116 1284 1158 1307 ex
1192 1271 1501 1319 presumpcione
1541 1271 1649 1319 eligit
1683 1280 1760 1307 sta·
1776 1265 1859 1327 {Ol-d

445 1338 530 1364 tum
556 1328 595 1364 in
619 1341 689 1364 sua
712 1328 979 1371 obstinancia,
1003 1338 1046 1364 ut
1070 1338 1178 1376 patet
1203 1330 1249 1365 de
1267 1329 1464 1371 Lucifero,
1489 1331 1536 1365 de
1554 1330 1759 1365 Pharaone
1777 1322 1811 1343 ³¹

447 1395 483 1422 et
507 1387 553 1422 de
576 1385 763 1422 omnibus
787 1386 996 1423 induratis.
1022 1389 1109 1423 Non
1135 1387 1238 1423 enim
1264 1387 1452 1435 possibile
1476 1396 1532 1423 est
1557 1387 1759 1423 hominem

446 1444 625 1481 indurari
659 1444 698 1480 in
732 1444 891 1480 malicia
924 1444 998 1480 nisi
1032 1445 1141 1492 prius
1175 1458 1217 1481 ex
1240 1445 1439 1493 superbia.
1475 1447 1562 1493 Ipsa
1586 1458 1678 1493 ergo
1703 1454 1759 1481 est

446 1511 654 1550 peccatum
705 1502 1086 1550 periculosissimum
1136 1512 1300 1551 propter
1347 1503 1430 1540 eius
1482 1512 1758 1551 surrepentem
1776 1517 1818 1538 20

446 1560 654 1597 introitum
704 1560 1064 1609 imperceptibilem
1111 1573 1153 1597 ex
1198 1574 1267 1597 sua
1316 1561 1547 1606 subtilitate,
1594 1570 1760 1610 propter

446 1618 530 1654 eius
568 1618 820 1655 amocionem
856 1618 1133 1655 difficillimam
1174 1628 1386 1667 postquam
1421 1619 1649 1656 introducta
1689 1628 1758 1664 est,

446 1689 489 1712 ex
521 1690 592 1713 sua
625 1676 919 1723 dominacione,
953 1686 1117 1725 propter
1150 1677 1231 1713 eius
1264 1677 1513 1723 nocendam,
1548 1690 1637 1714 cum
1672 1690 1759 1725 pre·

446 1734 614 1771 valuerit
653 1747 697 1770 ex
728 1736 943 1782 nephanda
983 1735 1239 1771 multitudine
1280 1748 1348 1771 sue
1388 1735 1549 1772 familie.
1594 1736 1756 1772 Nullum

447 1792 552 1829 enim
594 1802 650 1829 est
689 1801 898 1840 peccatum
941 1794 1048 1841 quod
1082 1796 1187 1829 Deus
1232 1806 1386 1829 summe
1432 1793 1593 1829 humilis
1633 1792 1758 1841 magis
1775 1798 1814 1829 25

447 1850 627 1898 despicit,
667 1863 757 1887 cum
792 1850 940 1887 directe
972 1851 1141 1899 opponit
1173 1863 1212 1887 se
1245 1851 1469 1888 voluntarie
1508 1851 1757 1887 ordinacioni

447 1908 577 1945 divine
611 1922 731 1956 quam
767 1922 857 1945 cum
890 1918 1049 1956 oportet
1082 1910 1228 1946 habere
1261 1922 1421 1946 cursum
1455 1922 1569 1945 suum
1599 1918 1758 1957 oportet

445 1979 517 2002 nos
549 1966 622 2002 sibi
656 1966 857 2003 humiliari
890 1967 1164 2004 submittendo
1196 1980 1268 2003 nos
1301 1980 1370 2004 sue
1401 1967 1617 2007 voluntati:
1650 1968 1757 2015 quod

446 2024 561 2060 nobis
612 2033 790 2072 prestare
836 2024 1020 2072 dignetur
1070 2025 1137 2073 qui
1189 2034 1314 2062 semet
1358 2025 1489 2074 ipsum
1536 2024 1758 2062 humiliavit

446 2094 571 2130 usque
604 2084 653 2118 ad
688 2091 856 2119 mortem
892 2096 964 2130 pro
996 2083 1111 2119 nobis
1144 2086 1249 2120 Deus
1289 2083 1520 2120 benedictus
1553 2083 1592 2119 in
1625 2082 1758 2120 secula
1775 2089 1816 2120 '30

446 2141 674 2177 seculorum
708 2142 849 2177 Amen.

914 2254 1106 2295 SERMO
1140 2255 1286 2295 XXXI.

507 2352 642 2387 Semen
677 2358 730 2387 est
765 2351 921 2387 verbum
956 2351 1041 2386 Dei.
1078 2352 1181 2386 Luce
1213 2352 1334 2396 V1110,
1376 2363 1434 2385 11.

505 2410 670 2445 Constat
703 2421 745 2444 ex
784 2408 882 2444 serie
915 2408 1107 2456 evangelii
1151 2410 1259 2456 quod
1294 2408 1474 2445 Salvator
1517 2417 1652 2444 noster
1689 2409 1756 2444 do-

448 2466 577 2502 minus
608 2465 720 2504 Jesus
753 2466 934 2503 Christus
968 2467 1108 2503 crebro
1141 2466 1296 2503 locutus
1341 2475 1397 2502 est
1440 2479 1512 2502 suo
1557 2465 1757 2502 auditorio
1774 2468 1812 2501 35

515 2597 535 2615 1.
548 2589 592 2615 A:
608 2588 691 2624 qumi
704 2588 797 2616 deest.
853 2588 880 2615 S.
893 2588 936 2616 H:
952 2588 1189 2616 consencientem
1201 2587 1452 2615 inobedienciam.
1508 2596 1537 2623 9.
1550 2587 1618 2616 DG:
1634 2588 1677 2615 Su
1690 2596 1758 2619 vra,-

444 2623 484 2650 ib.
508 2623 580 2650 lJG:
607 2623 748 2659 gradies.
840 2631 874 2653 11v
897 2631 935 2650 12.
957 2623 1030 2650 DG:
1057 2626 1087 2650 et
1105 2626 1286 2650 annotatur.
1371 2621 1409 2650 13-
1430 2623 1474 2650 H:
1500 2623 1642 2657 superbie
1683 2628 1755 2650 eest.

445 2658 480 2685 15.
494 2657 596 2685 ADG:
611 2658 781 2692 superbum.
839 2659 879 2685 16.
893 2658 936 2685 D:
952 2660 982 2685 et
993 2665 1153 2690 sensuum;
1167 2657 1207 2684 ib.
1221 2657 1293 2685 DH:
1309 2658 1410 2693 elegit.
1466 2656 1506 2685 18.
1520 2657 1592 2685 DG:
1608 2657 1756 2685 hominem

445 2693 541 2719 deest.
632 2700 673 2723 Μ).
696 2693 738 2719 A:
768 2693 831 2719 nisi
843 2693 962 2727 prima:
991 2692 1031 2719 ib.
1053 2692 1095 2719 D:
1122 2692 1193 2727 Ipsa
1213 2693 1322 2728 igitur.
1418 2700 1463 2719 20.
1485 2692 1529 2719 H:
1555 2692 1755 2727 surrepentia

445 2735 492 2761 24.
516 2728 555 2754 lb:
578 2735 614 2753 ex
634 2725 727 2754 deest.
800 2727 918 2754 26—28.
939 2729 982 2754 A:
1006 2727 1182 2754 voluntarie
1200 2743 1229 2746 μ
1252 2735 1308 2754 nos
1326 2735 1381 2754 sue
1399 2727 1492 2754 deest.
1572 2734 1618 2763 29.
1640 2727 1683 2755 G:
1703 2726 1757 2754 lzu-

446 2762 553 2788 miliat.
609 2760 654 2788 30.
676 2761 780 2789 AliG:
802 2770 897 2797 usqne
917 2762 1010 2789 deest.
1066 2761 1105 2789 31.
1126 2761 1200 2788 AH:
1222 2762 1394 2789 seculorum
1415 2762 1515 2793 deest:
1537 2761 1577 2789 ib.
1600 2762 1641 2789 D:
1663 2762 1755 2789 Amen

447 2797 540 2823 deest.
614 2795 655 2823 32.
678 2796 722 2823 ll:
743 2795 852 2824 Sermo
873 2805 980 2824 nonus.
1056 2795 1097 2823 35.
1119 2796 1194 2824 AG:
1215 2797 1386 2824 adiutorio.

517 2869 570 2901 32.
604 2868 731 2909 Gospcl
760 2867 810 2899 for
836 2869 1056 2910 Sexagesima
1083 2869 1234 2912 Sunday.
1273 2869 1410 2901 l'rinted
1438 2869 1471 2900 in
1500 2867 1673 2901 Lechlcr's
1697 2870 1753 2900 Jo-

445 2914 536 2946 hann
564 2925 631 2945 von
652 2914 779 2946 'wit-lif.
809 2915 843 2947 ll,
874 2913 1062 2958 §So-5210.
