2062 3276
268 972 356 999 Thev

188 1004 370 1034 undermiile
390 1006 440 1032 the

213 1042 287 1069 saith
309 1042 343 1068 of
360 1049 416 1067 our

256 1077 375 1111 people.

202 1845 290 1879 They
312 1841 435 1876 deprive

199 1882 246 1906 the
267 1882 396 1911 country
417 1876 451 1901 of

262 1914 299 1940 its
322 1913 385 1938 best

187 1956 350 1977 ireasures,
371 1946 459 1973 those

247 1985 280 2010 of
299 1992 308 2009 x
321 1983 406 2009 irlue.

757 276 980 309 JOHANNIS
999 274 1184 307 WYCLIF
1205 275 1461 306 SERMONUM
1533 259 1683 317 [SERMO
1704 269 1772 297 VII-

465 384 565 420 valuit
599 393 686 430 etc.,
720 382 774 419 sic
806 395 924 419 nemo
958 390 1087 430 potest
1112 393 1194 417 esse
1218 380 1343 428 magis
1368 379 1526 417 Christo
1550 378 1772 416 contrarius

465 455 585 491 quam
630 441 874 478 instituendo
921 449 957 476 et
997 440 1192 476 servando
1230 437 1529 475 ordinacionem
1570 446 1607 473 et
1645 437 1771 484 legem

465 499 623 536 Christo
661 498 919 535 contrariam.
968 498 1045 534 Sed
1084 497 1123 532 in
1162 496 1238 532 isto
1282 497 1466 532 laborant
1504 494 1591 531 falsi
1632 495 1773 530 fratres

466 557 674 606 precipue3
719 556 809 592 ideo
847 564 937 591 sunt
974 554 1120 591 notorii
1159 553 1396 590 antichristi.
1446 552 1626 589 Christus
1668 551 1772 587 enim

464 615 660 652 ordinavit
704 627 797 650 suos
841 625 996 649 servare
1037 612 1225 660 precipue
1266 610 1513 659 pacienciam
1559 622 1685 658 usque
1725 610 1808 645 ad5

466 682 635 710 mortem
669 681 705 708 et
739 684 808 719 per
841 672 914 707 hoc
950 670 1125 706 medium
1151 669 1357 718 acquirere
1380 668 1453 705 sibi
1477 680 1632 716 pacem,
1665 666 1777 702 Anti-

466 731 635 768 christus
668 738 802 766 autem
837 741 880 765 ex
912 729 1080 764 fratrum
1116 727 1283 764 concilio
1318 726 1477 764 ordinat
1517 727 1650 762 hostes
1683 736 1775 760 suos

465 789 678 825 furibunde
711 787 897 823 invadere
931 795 967 822 et
1006 799 1076 833 per
1116 787 1188 822 hoc
1228 785 1482 822 machinatur
1522 783 1596 819 sibi
1636 795 1774 830 pacem

467 846 687 895 acquirere,
729 853 765 881 et
798 857 868 892 per
901 856 1162 892 consequens,
1200 844 1327 891 legem
1370 841 1530 879 Domini
1571 852 1775 888 superare.

467 906 543 941 Sed
578 903 673 952 quid
707 902 935 939 amencius?
1798 912 1836 931 10

524 961 729 1007 Similiter,
764 960 795 996 si
828 961 968 996 fratres
1001 959 1040 996 in
1074 960 1262 995 thesauro
1297 967 1332 994 et
1366 958 1514 1006 populo
1555 970 1624 1004 per
1657 968 1776 1005 quem

468 1033 531 1056 rex
576 1028 711 1056 noster
755 1031 920 1066 regnum
966 1017 1194 1053 defenderet
1238 1017 1369 1064 ipsum
1411 1028 1578 1063 regnum
1612 1014 1778 1050 subdole

468 1078 764 1122 defraudarem,
810 1077 938 1112 forent
972 1074 1162 1123 puniendi
1197 1084 1233 1111 et
1267 1087 1288 1111 a
1322 1087 1443 1122 regno
1483 1071 1779 1110 racionabiliter

469 1135 700 1183 expellendi,
748 1146 840 1182 ergo
886 1134 1013 1169 multo
1060 1132 1184 1180 magis
1223 1132 1254 1167 si
1289 1133 1524 1169 defraudent
1557 1143 1721 1178 regnum
1757 1142 1778 1165 a

468 1195 656 1230 thesauro
697 1192 788 1228 fidei
831 1201 867 1228 et
901 1191 1181 1228 machinentur
1220 1191 1349 1227 media
1390 1191 1515 1226 multa
1553 1202 1624 1236 pro
1658 1190 1835 1235 regnoffi

469 1250 726 1288 beatitudinis
771 1251 1039 1298 deperdendO,
1086 1250 1152 1285 sed
1193 1247 1248 1284 sic
1288 1248 1435 1284 faciunt
1475 1247 1514 1283 in
1558 1245 1778 1294 proposito,

470 1323 558 1346 cum
594 1309 777 1345 videntur
809 1310 903 1344 dare
925 1306 1100 1355 Anglicis
1133 1306 1388 1343 securitatem
1424 1304 1515 1341 fidei
1539 1305 1647 1352 quod
1671 1304 1780 1339 labo-

470 1377 605 1404 rantes
636 1367 676 1403 in
709 1366 784 1402 isto
817 1365 975 1402 assidue
1008 1374 1099 1401 sunt
1133 1377 1154 1401 a
1188 1377 1289 1412 pena
1325 1373 1360 1400 et
1395 1364 1512 1411 culpa
1545 1361 1780 1409 simpliciter

472 1424 656 1462 absoluti.
691 1425 769 1460 Sed
793 1436 870 1472 que
902 1424 1008 1460 fraus
1041 1422 1252 1469 infidelior,
1285 1435 1365 1458 non
1398 1422 1524 1458 solum
1551 1421 1599 1457 ad
1624 1419 1780 1456 defrau-

472 1485 648 1520 dandum
683 1495 848 1529 regnum
884 1483 932 1518 de
964 1481 1113 1529 populo
1144 1490 1264 1529 atque
1296 1479 1466 1528 pecunia
1499 1480 1567 1515 sed
1601 1479 1648 1514 de
1680 1476 1840 1512 fide?20

474 1544 575 1578 Cum
610 1540 714 1577 enim
750 1553 792 1576 ex
826 1540 902 1576 fide
935 1552 1052 1575 nemo
1092 1538 1312 1575 absolvitur
1341 1539 1345 1587 Ι
1373 1550 1395 1574 a
1428 1545 1593 1585 peccato
1624 1535 1700 1571 nisi
1733 1534 1781 1570 sit
1798 1526 1872 1557 Fol.

473 1599 615 1646 dignus
648 1597 797 1635 absolvi
831 1599 937 1645 apud
971 1599 1099 1633 Deum
1132 1610 1203 1644 pro
1237 1595 1379 1632 merito
1419 1596 1525 1643 quod
1560 1582 1862 1630 seet1nduni²⁹7

473 1658 601 1704 legem
635 1655 796 1692 Domini
830 1664 1097 1700 mensuratur,
1140 1655 1264 1690 multo
1306 1653 1532 1690 evidencius
1564 1664 1682 1688 nemo
1716 1652 1782 1686 ab-

473 1714 639 1751 solvitur
671 1727 692 1750 a
725 1726 828 1761 pena
852 1723 888 1750 et
911 1714 1028 1761 culpa
1052 1722 1215 1760 propter
1239 1713 1312 1748 hoc
1337 1713 1443 1760 quod
1468 1709 1561 1747 facit
1585 1708 1784 1745 contrarie

474 1773 548 1820 legi
583 1771 742 1809 Christi.
1801 1769 1840 1800 25

533 1830 725 1866 Similiter
758 1838 815 1867 ‹ut
856 1838 964 1877 patet
1006 1841 1048 1864 ex
1082 1827 1196 1864 dictis
1230 1826 1352 1872 alibi),
1398 1826 1486 1863 talis
1525 1824 1729 1862 absolucio
1762 1836 1782 1860 a

477 1901 577 1937 pena
613 1897 648 1925 et
682 1888 798 1935 culpa
831 1887 935 1934 sapit
969 1886 1221 1923 manifestam
1256 1883 1562 1932 blasphemiam,
1597 1896 1687 1919 cum
1723 1894 1782 1918 ex-

476 1946 578 1983 tollit
600 1945 889 1982 Antichristum
924 1954 1032 1981 tante
1066 1956 1185 1992 supra
1211 1943 1428 1979 Christum.
1464 1941 1644 1978 Christus
1678 1939 1780 1976 enim

476 2018 554 2041 non
587 2004 716 2052 potuit
760 2016 832 2039 nec
878 2003 1081 2050 apostolos
1125 2014 1216 2037 suos
1262 2000 1396 2037 docuit
1440 2011 1684 2048 quemquam
1730 1997 1783 2034 sic

476 2063 679 2100 absolvere
711 2061 785 2097 nisi
819 2073 862 2097 ex
885 2060 1027 2096 merito
1051 2059 1159 2107 prius
1192 2072 1231 2095 se
1255 2058 1400 2095 faciant
1424 2058 1563 2105 dignos
1589 2059 1683 2102 Deo,
1718 2056 1783 2092 sed
1802 2059 1843 2091 ’,ἕο

477 2134 546 2168 per
591 2121 709 2156 talem
756 2117 1049 2166 indulgenciam
1096 2129 1324 2153 concessam
1371 2116 1552 2152 innuitur
1595 2114 1702 2163 quod
1743 2125 1785 2149 ex

477 2180 561 2226 lege
601 2179 765 2213 adversa
805 2177 924 2212 homo
963 2175 1017 2212 sic
1056 2175 1274 2212 absolvitur
1313 2187 1382 2222 per
1427 2173 1608 2221 rapinam
1655 2170 1785 2207 meriti

478 2238 688 2272 beatorum
743 2243 779 2270 et
831 2233 1174 2270 illuminacionem
1224 2245 1342 2280 super
1390 2230 1535 2268 Christi
1582 2238 1786 2278 apostatas

478 2294 698 2330 secundum
743 2291 955 2340 imperium
1000 2290 1248 2328 Antichristi.
1303 2291 1393 2326 Ideo
1438 2293 1495 2334 (ut
1537 2288 1686 2324 dictum
1731 2294 1787 2322 est

478 2351 587 2398 alibi)
622 2351 731 2386 nulla
765 2358 821 2386 est
844 2350 931 2397 plus
965 2348 1223 2385 infundabilis
1255 2347 1504 2396 blasphemia
1536 2354 1786 2393 attemptata,
1804 2347 1843 2380 '35

480 2419 515 2446 et
556 2421 645 2446 cum
688 2420 832 2455 magna
871 2420 962 2455 pars
994 2408 1214 2455 Anglorum
1255 2419 1324 2453 per
1356 2406 1514 2442 fraudes
1548 2405 1713 2441 fratrum
1749 2402 1788 2438 in

480 2467 553 2503 ista
593 2465 759 2514 perfidia
804 2474 895 2501 sunt
940 2465 1106 2507 seducti,
1154 2474 1261 2512 patet
1301 2464 1505 2512 quomodo
1545 2469 1784 2500 contrattam

479 2534 655 2562 nostram
691 2524 929 2559 defraudant
967 2523 1006 2559 in
1044 2524 1232 2559 thesauro
1271 2522 1460 2558 virtutum
1500 2533 1577 2569 que
1614 2519 1788 2556 valerent

481 2582 612 2620 anime
645 2594 763 2628 super
795 2580 929 2617 onmia
963 2582 1067 2617 bona
1101 2580 1223 2628 regni.

550 2701 574 2720 2.
591 2693 635 2720 A:
658 2690 861 2726 iustfficando.
917 2690 940 2718 5.
962 2692 1006 2718 A:
1026 2699 1096 2718 suos
1113 2699 1184 2718 suos
1205 2692 1251 2717 fan
1274 2698 1379 2717 servos
1389 2689 1423 2723 ἓ).
1480 2698 1504 2725 7.
1526 2688 1554 2716 I:
1574 2692 1673 2715 mitem
1694 2688 1788 2714 deest.

481 2729 507 2755 δ’.
530 2729 573 2755 A:
595 2727 817 2754 machinantur.
875 2734 902 2760 9.
919 2727 962 2753 A:
982 2726 1025 2753 ad
1043 2726 1152 2760 legem.
1210 2733 1243 2752 11.
1263 2724 1317 2752 AB
1338 2724 1367 2751 in
1389 2732 1503 2758 marg:
1524 2731 1562 2758 7,·
1582 2723 1604 2750 E
1624 2723 1652 2750 in
1675 2729 1789 2756 marg.:

481 2762 562 2790 Nota
584 2762 761 2796 diligenter.
821 2769 862 2793 ¹4·
884 2760 951 2788 DE:
973 2760 1206 2796 defraudarem.
1273 2759 1312 2792 18,
1336 2767 1376 2794 19·
1398 2759 1426 2786 I:
1447 2759 1588 2785 similiter
1605 2756 1790 2784 absolvendi.

482 2805 519 2825 21.
535 2798 563 2824 A
578 2797 607 2824 in
624 2804 736 2831 marg:
758 2794 926 2822 Absolucio.
989 2803 1032 2822 22.
1055 2797 1080 2821 1:
1102 2795 1185 2829 quod
1197 2796 1227 2820 et
1240 2794 1281 2821 in.
1345 2801 1391 2826 24.
1412 2793 1440 2819 I:
1460 2793 1568 2826 faciat.
1632 2792 1676 2818 ¹26.
1691 2790 1745 2818 ΑΕ
1760 2791 1789 2817 in

483 2840 596 2866 marg:
619 2830 646 2858 8.
719 2838 763 2866 27.
786 2829 855 2857 DE:
875 2837 893 2856 α
914 2830 1011 2864 culpa.
1086 2832 1130 2856 28.
1152 2829 1219 2856 DE:
1242 2828 1333 2855 tacite
1351 2823 1458 2862 supr-as
1528 2834 1574 2862 29.
1590 2826 1658 2853 DE:
1680 2825 1789 2852 decuit.

483 2866 527 2895 30.
549 2867 590 2894 l):
608 2865 717 2901 faciat
735 2864 849 2900 dignus
868 2872 949 2897 88863,-
975 2864 1040 2891 Deo
1062 2863 1156 2890 deest.
1230 2861 1269 2890 31.
1290 2863 1334 2889 A:
1360 2870 1393 2888 su
1407 2870 1452 2889 *er
1471 2862 1560 2889 talem
1581 2860 1789 2896 indulgencia.

484 2900 524 2929 35.
547 2901 612 2928 DE.-
636 2902 802 2935 acceptam.
877 2897 921 2934 37.
942 2898 969 2925 1:
992 2901 1170 2926 commitam.
1244 2897 1289 2932 32¹-
1314 2896 1368 2924 At>
1383 2905 1410 2924 ⁴:
1430 2904 1521 2932 super
1541 2896 1633 2923 deest.
