2062 3276
221 247 356 277 smnio
380 238 419 296 1.]
701 253 892 293 QUARTA
921 254 1046 286 PARS.
1798 246 1814 283 3

220 359 327 406 quod
361 359 554 395 habemus
577 358 617 394 in
641 359 748 396 finali
773 359 921 396 iudicio
947 359 1236 397 beatitudinem
1262 370 1527 409 reportemus,
1583 369 1631 395 the
1652 369 1738 396 walls
1758 370 1793 396 of

219 429 241 452 a
265 428 343 464 qua
376 415 624 464 impossibile
657 426 715 453 est
739 418 942 454 hominem
967 418 1150 464 deficere,
1184 418 1260 455 nisi
1283 428 1363 456 tam
1389 419 1428 455 in
1453 420 1528 456 fide
1633 404 1730 439 hopc;

219 486 339 522 quam
373 486 442 522 spe
475 474 654 520 deficiat3
693 477 798 512 unde
832 477 1018 512 Proverb.
1053 478 1186 522 XXIV,
1231 487 1282 513 20
1320 477 1526 514 scribitur:

217 533 458 568 Futurorum
496 545 602 582 spem
641 545 712 569 non
751 534 889 570 habent
928 534 1031 570 mali.
1078 534 1189 571 Sicut
1229 535 1333 571 enim
1368 544 1527 584 oportet

185 590 201 622 5
217 589 325 638 ipsos
341 591 554 638 desperare
573 591 756 637 finaliter,
781 591 837 628 sic
860 591 900 627 in
922 591 1006 640 spei
1023 592 1213 629 firmitate
1233 602 1324 629 sunt
1339 593 1528 630 continue
1570 600 1629 638 qud
1651 608 1689 627 ou
1712 601 1801 639 these·

216 647 474 696 negligentes,
509 658 545 685 et
578 649 632 686 ita
665 661 824 686 necesse
857 658 914 686 est
948 651 997 686 ad
1032 650 1275 687 firmandum
1309 652 1385 688 hoc
1418 651 1528 688 habi·
1562 635 1795 705 Πξῖςςῖᾃζᾷξῗοί

216 706 394 742 taculum
430 706 499 742 Dei
539 719 628 743 cum
664 707 907 753 hominibus,
946 710 1054 757 quod
1094 709 1217 745 tercia
1250 722 1344 757 pars
1376 709 1528 746 scilicet

216 763 361 800 caritas
390 777 508 812 super
531 765 606 801 hoc
634 765 940 802 fundamentum
972 775 1007 802 et
1037 766 1120 802 eius
1144 766 1315 815 parietes
1338 767 1525 816 erigatur.

274 824 355 858 Nec
387 832 479 859 sunt
511 823 701 859 audiendi
734 823 915 860 infideles
948 825 1127 872 sophiste
1161 825 1437 873 sompniantes
1484 839 1525 862 ex
1560 819 1803 889 Ξξζὲῑῖνῖῗῐᾞῧξ

163 879 361 916 1osimiali
405 880 668 918 similitudine
709 883 817 930 quod
851 881 1034 918 Christus
1074 892 1208 931 posset
1253 895 1297 920 ex
1342 883 1525 920 libertate
1634 890 1717 916 elect-

214 937 273 974 sui
327 938 482 975 arbitrii
530 940 591 976 vel
643 939 843 976 infinitate
895 953 963 977 sue
1015 941 1202 988 potencie
1233 950 1438 978 .mortuos
1486 942 1525 978 in

214 995 374 1032 Christo
408 996 623 1043 dimittere,
664 1010 709 1034 ac
742 997 773 1034 si
807 1008 1035 1046 arguerent,
1083 1011 1172 1035 cum
1206 1012 1279 1035 nos
1312 1013 1525 1048 possumus

214 1066 257 1090 ex
300 1053 548 1103 negligencia
594 1064 731 1092 nostra
777 1065 986 1105 tamquam
1033 1057 1224 1105 pincerna
1276 1067 1345 1094 aut
1398 1058 1525 1107 pistor

214 1112 436 1149 Pharaonis
479 1113 765 1161 gratitudinem
809 1116 957 1162 Joseph
1003 1115 1132 1151 nostri
1177 1115 1217 1151 in
1260 1126 1399 1153 nostra
1432 1130 1523 1165 pro-

160 1171 196 1204 15
213 1170 403 1218 speritate
426 1171 549 1207 seculi
573 1171 766 1218 oblivisci,
800 1185 894 1221 ergo
929 1185 999 1221 per
1032 1173 1139 1210 idem
1162 1175 1273 1210 Jesus
1296 1174 1352 1211 sic
1376 1184 1521 1223 potest.

213 1229 291 1264 Sed
323 1230 500 1266 recolere
533 1231 724 1266 debemus
758 1232 866 1279 quod
899 1239 1058 1279 tempus
1092 1231 1354 1269 dormicionis
1386 1242 1522 1270 nostre
1563 1236 1742 1287 UMQOEPFX

211 1296 378 1335 propter
401 1300 539 1324 causas
565 1288 807 1336 multiplices
827 1298 884 1325 est
907 1298 1067 1337 tempus
1090 1289 1228 1338 apcius
1253 1291 1520 1328 memorandi.
1537 1276 1814 1342 nissssssgfflotgrflgg

211 1344 276 1381 Sic
310 1345 415 1382 enim
451 1355 697 1382 memoratus
732 1355 788 1383 est
822 1348 869 1383 de
902 1347 1078 1396 quinque
1110 1348 1300 1385 fratribus
1345 1349 1424 1385 suis
1458 1341 1564 1386 illeis
1585 1341 1812 1403 ἓξξὲζξῐᾎξῆῃω

211 1402 318 1439 dives
351 1403 486 1450 seculi,
520 1413 563 1440 ut
587 1404 732 1453 aliquis
766 1417 809 1441 ex
843 1405 1013 1442 mortuis
1047 1418 1113 1442 eos
1146 1407 1394 1454 prenunciet,
1421 1420 1465 1443 ne
1488 1416 1523 1444 et
1538 1410 1670 1449 wishing
1684 1415 1714 1458 {0
1736 1412 1809 1459 send

154 1460 284 1510 2oipsi
332 1462 484 1497 veniant
533 1462 568 1498 in
608 1463 733 1499 locum
784 1471 1066 1500 tormentorzmz
1117 1463 1261 1501 inferni
1313 1470 1369 1510 (ut
1413 1449 1567 1514 patetto
1589 1446 1636 1473 ¹¹¹³
1658 1445 1809 1473 b1otheis.

212 1520 316 1555 Luce
349 1521 447 1565 XVI,
483 1520 564 1564 28).
611 1522 772 1566 Quanto
807 1521 933 1569 magis
967 1521 1148 1559 Christus
1181 1535 1340 1571 semper
1372 1523 1520 1569 vivens,

210 1577 468 1626 omnipotens
501 1586 539 1614 et
571 1578 848 1627 impeccabilis
872 1581 919 1616 de
943 1579 1022 1616 suis
1048 1580 1232 1618 fidelibus
1256 1591 1519 1619 memoratur.

210 1637 311 1672 Cum
335 1644 469 1672 autem
493 1648 564 1684 per
586 1639 754 1674 eandem
779 1638 883 1674 viam
904 1638 1034 1675 veniet
1053 1638 1235 1675 Christus
1254 1641 1303 1676 ad
1327 1639 1519 1676 iudicium

209 1705 280 1741 per
313 1707 432 1742 quam
467 1694 536 1731 ivit
570 1696 620 1731 ad
654 1696 797 1742 celum,
832 1696 925 1745 quia
948 1696 1125 1745 undique
1149 1709 1219 1745 per
1241 1710 1281 1734 se
1304 1698 1450 1747 ipsum,
1485 1708 1522 1735 et

153 1753 192 1785 25
208 1764 348 1788 omnes
381 1752 447 1801 qui
483 1752 708 1790 moriuntur
741 1754 872 1791 iacent
904 1755 1052 1791 mortui
1086 1755 1125 1791 in
1165 1756 1238 1792 hac
1277 1756 1353 1801 via,
1395 1757 1522 1793 mani-
1577 1759 1666 1807 Mucii
1689 1768 1774 1799 moi-e

208 1809 352 1846 festum
376 1819 433 1847 est
457 1813 565 1859 quod
589 1821 749 1860 oportet
773 1812 978 1850 Christum
1001 1813 1227 1850 venientem
1252 1816 1301 1850 ad
1326 1814 1518 1851 iudicium
1572 1794 1780 1857 rffiisstfflgiigist

208 1867 316 1916 ipsos
341 1878 522 1906 mortuos
546 1870 762 1907 reminisci.
796 1873 846 1907 Et
868 1880 978 1919 patet
1001 1871 1204 1909 sentencia
1236 1881 1444 1921 assumpta
1477 1886 1521 1910 ex

210 1926 286 1962 fide
310 1927 503 1975 evangelii
525 1929 612 1964 Joh.
636 1930 757 1974 X1V0,
785 1930 830 1966 6:
864 1929 954 1979 Ego
986 1942 1069 1965 sum
1105 1931 1178 1977 via,
1208 1931 1351 1967 veritas
1373 1939 1408 1967 et
1431 1932 1518 1967 vita.

266 1984 387 2020 Addit
420 1994 553 2021 autem
577 1987 794 2034 Apostolus
827 1987 1009 2024 ordinem
1040 1988 1351 2025 resurreccionis
1376 1989 1518 2035 finalis,
1539 1991 1755 2043 Thejnfflyffls,
1773 1992 1808 2019 of

152 2042 302 2078 3odum
336 2042 392 2079 sic
436 2043 633 2092 loquitur:
679 2045 767 2081 Hoc
810 2053 935 2082 autem
982 2047 1087 2082 vobis
1131 2047 1293 2084 dicimus.
1335 2047 1370 2083 in
1405 2027 1808 2084 verbothertsumccnon.

208 2100 378 2149 Domini,
422 2102 507 2150 quia
552 2115 620 2138 nos
666 2103 730 2151 qui
782 2103 954 2147 vivimus,
1000 2105 1064 2153 qui
1106 2105 1252 2141 residui
1292 2118 1438 2151 sumus,
1483 2107 1518 2142 in

206 2159 372 2194 adventu
417 2160 576 2196 Domini
618 2173 689 2196 non
729 2162 1000 2210 preveniemus
1050 2175 1113 2199 eos
1156 2164 1221 2212 qui
1263 2164 1517 2200 dormierunt.

208 2216 400 2253 Nominat
432 2226 565 2254 autem
599 2220 817 2267 Apostolus
850 2233 940 2256 cum
976 2233 1015 2256 se
1039 2221 1127 2268 ipso
1151 2223 1250 2257 duos
1274 2230 1394 2258 testes
1418 2222 1517 2258 alios

207 2274 359 2311 scilicet
381 2276 602 2323 Tychicum
634 2285 671 2313 et
694 2277 929 2315 Onesimum
955 2282 1012 2323 (ut
1034 2287 1145 2327 patet
1169 2292 1239 2327 per
1262 2281 1514 2328 leronymum

150 2334 190 2367 35
208 2331 247 2368 in
279 2333 448 2381 prologo
473 2334 589 2370 huius
614 2335 813 2384 epistole).
849 2336 915 2373 Sic
938 2345 1071 2373 autem
1096 2337 1275 2374 verificat
1298 2339 1516 2386 Apostolus

207 2390 358 2427 dictum
394 2391 562 2428 Christi:
609 2393 652 2429 In
698 2406 766 2430 ore
811 2395 975 2430 duorum
1020 2396 1080 2431 vel
1110 2396 1227 2432 trium
1262 2397 1412 2432 testium
1445 2405 1515 2433 stet

205 2461 315 2485 omne
347 2448 518 2487 verbum.
573 2453 654 2487 Nec
688 2452 855 2488 dubium
890 2452 987 2501 quin
1020 2454 1245 2490 habuerunt
1279 2454 1395 2491 istam
1429 2468 1516 2492 sen-

273 2560 300 2587 8.
317 2559 564 2596 A:fundatum:
583 2561 622 2588 ib.
640 2562 683 2589 A:
705 2563 881 2597 erigantur.
939 2572 972 2591 11.
989 2565 1032 2591 A:
1054 2565 1236 2600 inpotencia
1294 2564 1331 2593 13.
1353 2566 1391 2593 F:
1413 2570 1519 2594 nostra

204 2594 297 2622 deest.
373 2604 412 2628 ¹1-
434 2597 478 2622 A:
504 2598 605 2623 noslri
623 2597 717 2624 deest.
792 2606 833 2627 11.
857 2599 891 2626 15.
913 2599 957 2626 A:
975 2600 1185 2658 prosperitate
1203 2601 1268 2627 tali.
1337 2609 1377 2635 '‘J-
1399 2602 1487 2629 <joed
1511 2612 1517 2628 :

201 2630 397 2663 prrmnnciat.
471 2638 516 2664 24.
538 2632 582 2658 A:
611 2632 654 2658 ad
672 2633 766 2659 celum
787 2633 879 2659 deest.
960 2641 974 2660 2
990 2634 1005 2661 '.
1026 2635 1072 2661 A:
1096 2634 1244 2669 profia‘e.
1318 2635 1363 2663 30.
1386 2637 1429 2664 A:
1457 2636 1519 2663 llic

204 2668 313 2692 aulem.
388 2664 434 2698 34.
456 2666 500 2693 A:
526 2665 688 2695 Tititlmm:
707 2667 746 2694 F:
771 2667 910 2694 Tilicum.
983 2667 1029 2696 36.
1051 2670 1095 2696 A:
1118 2673 1151 2696 ut
1169 2671 1198 2697 in
1219 2678 1283 2697 ore.

274 2738 329 2769 30.
355 2738 378 2769 Ι.
397 2737 521 2769 Thess.
546 2738 602 2778 lv,
628 2749 676 2779 14.
751 2738 804 2771 36.
831 2740 867 2771 In
893 2740 1040 2782 prologo
1065 2741 1168 2772 huius
1195 2743 1351 2784 epistole.
1378 2743 1464 2774 This
1491 2744 1517 2774 is

203 2784 365 2826 certainly
392 2794 410 2815 a
436 2785 580 2816 mistake
606 2784 658 2816 for
676 2785 887 2818 Colossians.
913 2787 965 2818 Cf.
985 2788 1039 2827 IV,
1060 2799 1090 2830 7,
1109 2799 1140 2831 9.
1168 2788 1219 2820 Cf.
1246 2790 1293 2820 St.
1314 2790 1516 2832 Hieronymi

204 2829 235 2859 in
280 2840 333 2871 ep.
367 2831 402 2861 Β.
430 2831 524 2862 Pauli
569 2832 611 2862 ad
651 2832 725 2864 Col.
762 2839 847 2864 torn.
879 2834 918 2872 X,
958 2844 1035 2875 pag.
1068 2845 1152 2875 1014
1191 2836 1260 2870 (ed.
1287 2837 1373 2867 Ven.
1405 2842 1515 2878 1771).

205 2876 258 2917 37.
285 2876 402 2908 Matth.
427 2878 544 2917 XVIII,
577 2877 625 2909 1¹3.

1378 2942 1422 2971 1³⁴4
