2062 3276
186 909 224 929 10

185 1190 221 1221 15

136 2150 217 2196 309d

242 261 378 293 SERMO
399 252 495 311 xx1.]
714 264 905 306 QUARTA
934 265 1059 299 PARS.

243 372 385 409 dicitur
414 373 533 417 Deus,
567 375 673 422 quod
709 374 819 410 nullo
853 373 930 410 alio
967 375 1086 409 modo
1126 382 1259 421 posset
1296 373 1426 410 facere
1466 378 1553 419 (nec

242 429 467 468 evidencius
501 440 558 467 est
591 431 705 467 nobis
739 432 846 480 quod
880 431 1014 475 faciat)
1048 443 1167 479 quam
1205 432 1462 468 concedendo
1496 432 1555 468 vel

241 488 530 525 auctorizando
569 502 649 526 non
687 490 816 525 solum
859 490 967 538 quod
1010 490 1093 525 Deo
1133 498 1189 525 est
1235 489 1444 537 proprium
1485 488 1553 526 sed

242 546 368 583 eciam
404 556 544 584 contra
579 549 719 583 Deum.

297 605 417 641 Tales
450 613 584 641 autem
618 617 699 641 non
733 605 862 641 solum
896 604 1100 641 Christum
1134 617 1216 640 non
1251 604 1454 641 elucidant
1486 607 1553 642 sed

240 662 398 699 veritati
443 662 574 711 prime
619 662 798 711 oppositi
843 671 1054 711 (quantum
1096 662 1135 698 in
1176 662 1273 711 ipsis
1307 670 1379 707 est)
1424 662 1553 711 ipsam

241 720 481 757 obnubilant
521 729 558 757 et
600 721 830 769 deturpant.
877 720 995 756 Nulla
1037 732 1130 768 ergo
1171 720 1300 757 maior
1345 720 1555 758 blasfemia

239 790 360 826 quam
407 791 554 827 papam
600 791 833 827 presumere
872 790 913 815 se
952 777 1007 814 sic
1052 778 1205 815 solvere
1243 779 1304 815 vel
1348 778 1472 826 ligare
1517 787 1554 815 et

239 845 375 872 tamen
408 849 452 873 ex
484 836 717 884 ignorancia
751 849 796 873 ac
831 836 988 873 defectu
1022 835 1191 873 clavium
1228 845 1310 873 tam
1342 836 1553 885 potestatis

239 906 360 943 quam
394 894 567 931 sciencie
600 896 707 943 apud
733 897 860 931 Deum
886 894 1069 931 deficere.
1104 894 1290 943 Apostoli
1314 903 1448 931 autem
1473 908 1553 931 non

238 944 329 988 sunt
362 952 447 989 ausi
480 952 556 989 nisi
590 953 727 990 habita
761 951 1011 989 revelacione
1034 954 1254 989 secundum
1281 952 1551 989 humilitatem

237 1010 429 1047 vicariam
463 1010 519 1047 sic
552 1011 705 1048 solvere
737 1011 799 1047 vel
831 1010 969 1058 ligare.
1017 1012 1110 1047 Ideo
1145 1019 1341 1059 quantum
1376 1012 1426 1047 ad
1460 1023 1553 1047 auc-

238 1067 420 1105 toritates
454 1069 648 1117 evangelii
682 1078 739 1106 est
772 1068 999 1105 communis
1032 1069 1186 1105 solucio
1210 1078 1330 1117 atque
1354 1069 1553 1105 catholica

238 1127 347 1175 quod
385 1135 480 1164 tunc
519 1128 650 1164 solum
690 1127 786 1175 ligat
824 1127 885 1163 vel
924 1126 1053 1172 solvit,
1101 1126 1270 1163 remittit
1309 1127 1370 1163 vel
1408 1126 1553 1164 retinet

238 1184 386 1221 Christi
425 1185 598 1222 vicarius
639 1194 849 1234 peccatum
890 1184 1077 1231 hominis,
1123 1186 1286 1234 quando
1325 1185 1553 1222 conformat

237 1255 278 1279 se
317 1242 437 1292 capiti
485 1243 650 1280 ecclesie
695 1242 995 1292 triumphantis.
1041 1245 1123 1280 Nec
1163 1243 1329 1280 dubium
1369 1243 1553 1280 fidelibus

238 1302 285 1337 de
310 1301 383 1337 hac
418 1300 507 1347 fide,
543 1314 633 1338 cum
669 1301 920 1350 impossibile
953 1301 1003 1337 sit
1037 1301 1302 1338 christianum
1327 1302 1399 1338 hec
1422 1301 1553 1338 facere

236 1358 312 1394 nisi
347 1361 451 1396 Deus
491 1360 601 1408 prius
640 1359 760 1396 faciat
799 1359 899 1395 illud
938 1359 1059 1405 idem,
1101 1368 1138 1396 et
1178 1372 1248 1408 per
1288 1372 1550 1408 consequens,

237 1429 342 1465 papa
375 1417 523 1454 vicarie
556 1417 727 1454 faciente
760 1417 859 1454 illud
893 1419 1001 1466 quod
1036 1426 1093 1454 est
1127 1417 1227 1454 citra
1262 1418 1381 1454 fidem
1415 1430 1551 1466 spera-

238 1475 314 1511 bile
358 1488 380 1511 a
425 1475 599 1512 contrito
646 1488 765 1524 papa,
805 1477 853 1512 de
898 1484 1011 1512 tanto
1057 1485 1114 1512 est
1160 1476 1380 1512 conformis
1429 1475 1551 1524 capiti

236 1532 402 1570 ecclesie
436 1533 738 1582 triumphantis.
787 1536 959 1582 Oportet
1000 1546 1093 1581 ergo
1134 1534 1355 1571 hereticum
1397 1534 1551 1571 discere

236 1591 548 1640 consequencias
583 1601 723 1629 contra
756 1592 974 1640 dyabolum
1009 1594 1215 1640 quomodo
1246 1605 1328 1629 non
1351 1592 1549 1640 sequitur:

235 1649 276 1686 Si
310 1649 399 1698 quis
433 1649 529 1687 dicit
561 1651 622 1687 vel
655 1649 864 1687 bullariter
897 1649 1035 1687 scribit
1069 1652 1177 1699 quod
1202 1650 1257 1687 sic
1280 1650 1398 1687 solvit
1423 1650 1551 1687 homi-

234 1720 326 1745 nem
360 1708 421 1744 vel
454 1708 564 1756 ligat,
600 1708 784 1745 concedit
817 1709 916 1745 tales
950 1708 1241 1756 indulgendas,
1282 1708 1455 1757 imponit
1489 1721 1549 1745 ex-

235 1766 632 1803 communicaciones
664 1766 895 1803 huiusmodi
927 1767 988 1803 vel
1020 1779 1222 1813 censuras,
1258 1779 1352 1814 ergo
1376 1767 1432 1803 sic
1455 1766 1550 1803 facit

235 1833 356 1872 caput
401 1824 567 1861 ecclesie
611 1824 913 1873 triumphantiS,
961 1824 1054 1873 quia
1099 1834 1194 1862 tunc
1237 1824 1403 1862 indubie
1448 1825 1549 1862 foret

234 1895 339 1931 papa
371 1882 647 1931 inpeccabilis,
682 1892 719 1920 et
753 1896 842 1920 cum
878 1883 998 1919 habet
1030 1891 1272 1931 potestatem
1307 1883 1364 1919 sic
1396 1884 1549 1919 secula-

234 1941 330 1977 riter
373 1941 530 1977 vivendi
571 1950 612 1977 ut
653 1941 867 1987 cernimus,
913 1941 997 1989 ipse
1038 1954 1144 1989 papa
1184 1941 1387 1978 extollitur
1427 1953 1549 1989 supra

235 1998 528 2036 humanitatem
553 1999 701 2036 Christi
735 2012 780 2036 ac
815 1999 898 2036 eius
932 1999 1183 2035 divinitatem
1219 2012 1294 2048 que
1326 2007 1417 2036 sunt
1439 2011 1550 2035 omne

234 2058 335 2105 quod
365 2057 506 2093 dicitur
528 2058 645 2094 Deus.
683 2057 760 2104 Qui
785 2070 879 2105 ergo
903 2058 985 2094 vult
1019 2057 1222 2094 elucidare
1255 2059 1358 2094 hanc
1391 2057 1547 2106 sapien-

208 2114 336 2152 ·ciam
374 2115 530 2152 laboret
563 2115 731 2152 viriliter
764 2124 905 2152 contra
939 2115 1055 2152 istam
1092 2115 1399 2164 blasphemiam.
1427 2112 1430 2168 Ι

720 2241 914 2282 SERMO
950 2243 1055 2283 XXI.

666 2309 697 2342 (S
713 2317 727 2335 e
744 2317 756 2336 r
772 2317 812 2336 m.
845 2308 874 2335 M
890 2308 897 2336 i
913 2318 930 2335 x
946 2309 977 2336 ti
1010 2308 1104 2343 VIII.)

291 2371 533 2421 Sigm'ficavit
556 2372 662 2408 Dens
691 2384 760 2420 que
792 2379 944 2421 oportet
963 2372 1061 2422 fieri
1092 2373 1178 2408 cito.
1209 2368 1213 2424 Ι
1243 2372 1409 2420 Apocal.
1436 2373 1483 2417 10,
1516 2385 1546 2408 1.

291 2430 459 2466 Constat
484 2442 527 2466 ex
554 2429 631 2466 fide
655 2429 853 2478 scripture
878 2443 968 2466 cum
995 2443 1123 2478 pauca
1148 2430 1432 2478 probabilitate
1457 2443 1548 2478 pro-

232 2486 383 2536 pinqua
407 2487 498 2524 fidei
522 2489 728 2536 quomodo
746 2489 949 2524 Johannes
969 2488 1223 2537 Evangelista
1248 2488 1372 2525 edidit
1395 2488 1542 2524 librum

301 2606 326 2626 2.
347 2598 388 2626 D:
417 2598 499 2634 quod
517 2600 733 2628 concedendo:
758 2600 798 2627 ib.
820 2600 860 2627 E:
887 2608 976 2635 qnam
998 2600 1092 2627 deest.
1229 2600 1253 2627 5.
1275 2601 1318 2627 A:
1346 2600 1436 2627 Tales
1455 2600 1545 2627 enlm.

231 2642 256 2669 7.
280 2634 322 2661 A:
345 2634 538 2661 obnubulant.
605 2635 631 2661 ὃ.
652 2635 696 2662 A:
716 2643 808 2670 papa.
874 2644 901 2667 ο.
924 2636 968 2662 A:
989 2638 1049 2662 lam
1072 2635 1166 2662 deest.
1234 2642 1271 2669 12,
1294 2635 1331 2662 13.
1354 2635 1423 2662 DE:
1444 2639 1545 2662 auclo-

231 2668 338 2696 ritates
357 2669 499 2696 omnium.
592 2668 627 2696 15.
648 2669 672 2696 E
693 2670 721 2696 in
744 2678 858 2704 marg:
886 2670 1014 2706 Quando
1035 2670 1187 2697 veraciter
1205 2670 1334 2697 solvitur
1353 2671 1398 2697 vel
1417 2670 1545 2703 ligatur.

231 2711 274 2738 ις),
295 2704 406 2743 20:1³}
434 2703 517 2739 qumi
585 2711 667 2739 papa
688 2705 782 2731 deest.
885 2706 929 2732 28.
951 2704 1020 2731 1513:
1048 2709 1081 2731 ut
1099 2705 1251 2732 cernsmus
1271 2705 1371 2737 deest3
1403 2705 1473 2731 DE:
1496 2713 1547 2731 nc-

230 2746 366 2765 cessarlo
387 2746 459 2773 lpse.
533 2737 578 2765 30.
596 2739 639 2766 A:
661 2740 725 2766 vult
742 2739 836 2766 deest.
911 2738 949 2766 31.
966 2740 1009 2766 A:
1031 2740 1147 2766 labore.
1221 2739 1267 2772 34.
1290 2740 1347 2767 Hic
1368 2748 1470 2766 sermo
1493 2747 1547 2766 uec

230 2781 291 2800 non
312 2778 339 2800 ct
361 2781 492 2808 sequens
514 2773 543 2800 in
564 2774 654 2800 codd.
677 2775 714 2804 Α,
738 2774 773 2806 1),
796 2774 828 2807 E,
851 2774 872 2805 1,
895 2774 1065 2806 inx·e11itu¹';
1087 2776 1113 2801 A
1136 2775 1164 2801 in
1189 2783 1302 2809 marg:
1330 2775 1437 2802 Sermo
1459 2773 1545 2805 XXI,-

230 2807 255 2834 Ι)
277 2807 306 2834 in
329 2816 441 2842 marg:
465 2806 578 2839 Xt'lm
600 2808 640 2835 ib.
662 2807 702 2835 E:
724 2808 949 2844 Alagnfflcavil.

302 2880 355 2920 3¹4.
383 2879 515 2921 Epistlt·
544 2879 597 2910 for
623 2879 847 2911 Michaclmas
874 2881 959 2923 Day.

1769 270 1842 308 177

1577 613 1789 649 Blasphcmies
1810 615 1845 642 ot*

1622 649 1672 675 the
1693 649 1787 684 Pope.

1568 2378 1613 2406 St.
1633 2377 1712 2405 John
1734 2378 1764 2405 in
1785 2379 1835 2406 the

1607 2413 1786 2440 Revelation

1614 2449 1785 2483 completed

1614 2483 1785 2518 Scripture.
