2062 3276
206 277 222 311 5
233 285 252 311 2
261 276 282 311 8
846 277 1092 310 GENERAL
1115 277 1290 309 INDEX.

195 396 299 424 Sancti
332 396 362 423 in
393 394 549 430 primitiva
578 393 705 421 ecclesia
735 392 891 427 ponebant
924 391 1026 426 precia

248 435 317 458 ante
338 430 431 465 pedes
452 429 666 464 apostolorum
687 426 751 463 372.

197 466 242 493 De
261 465 403 501 prescitis
424 473 449 500 7.

198 501 353 528 Primatus
373 506 516 527 cesareus
536 498 601 526 Deo
621 502 666 525 est
686 497 870 531 deacceptus
891 493 948 531 137.

199 535 397 570 Privilegium
418 533 554 561 filiorum
574 532 705 560 Zebedei
727 531 911 567 reprobatur
931 528 994 557 330.

200 570 279 609 Sine·
294 570 358 605 lege
379 568 495 597 Christi
518 576 578 595 non
599 567 704 595 haberi
726 570 827 602 potest
841 565 887 593 vie
903 572 1030 600 prospe-

256 608 330 632 ritas
349 612 413 637 410.

202 639 372 674 Quomodo
398 638 544 666 omnibus
574 637 725 673 proximis
756 636 871 663 bonum
901 635 1031 662 velimus

276 682 322 701 oc.

202 682 358 736 Pubiicfani
379 712 465 735 erant
484 707 568 735 exosi
589 711 716 746 propter
734 706 793 733 tria
812 703 878 739 483.

202 745 374 779 l‘ugnantes
392 743 508 770 violant
528 742 669 770 ordinem
691 740 827 769 caritatis
847 746 904 767 212.

200 779 244 806 De
265 778 445 814 purgatorio
465 785 584 812 20-24,
606 784 674 810 244,
696 775 761 810 245,
783 773 844 809 373.

200 813 370 841 Maximum
390 813 473 848 quod
495 812 567 840 facit
587 820 666 847 opus
687 810 823 838 caritatis
838 817 893 845 pro
910 812 1032 835 mortuo

250 853 295 875 est
316 847 510 876 abbreviacio
532 855 608 882 pene
628 846 657 873 in
680 845 859 881 purgatorio
880 842 945 877 41⁴3.

200 882 262 918 Qui
284 887 356 910 sunt
376 882 529 918 purgandi
549 882 580 909 in
603 880 782 916 purgatorio
803 878 869 913 432.

597 991 642 1030 Q.

205 1058 404 1094 Quarentana
425 1057 498 1093 quid
520 1061 648 1084 vocatur
667 1054 730 1083 283.

599 1156 647 1185 R.

208 1225 288 1252 Pena
308 1228 470 1258 raptorum
491 1221 555 1257 374.

203 1259 296 1287 Racio
310 1267 365 1294 pro
379 1257 596 1293 redempcione
610 1255 737 1284 humani
753 1253 874 1290 generis
889 1251 955 1288 397,
968 1251 1035 1288 398.

203 1294 315 1322 Nullus
347 1302 383 1320 ex
416 1296 594 1328 paupertate
627 1291 671 1317 vel
706 1289 889 1317 condicione
919 1288 1036 1315 abiecta

257 1329 404 1356 refellitur
425 1327 506 1362 apud
528 1327 625 1353 Deum
648 1325 711 1359 245.

206 1364 308 1399 Regna
339 1372 354 1390 a
385 1361 649 1398 superfluitatibus
681 1359 897 1387 ecclesiasticis
927 1366 1037 1393 expur-

258 1403 368 1433 gentur
388 1405 414 1432 7.
433 1396 460 1424 8.

208 1433 377 1468 Quomodo
404 1439 532 1467 regnum
558 1431 695 1458 celorum
723 1429 780 1457 erit
804 1433 910 1456 contra
931 1428 1037 1455 adver-

261 1468 359 1495 sarios
380 1465 608 1494 defendendum
629 1463 776 1492 213—222.

208 1503 252 1530 De
273 1502 465 1530 mercacioue
486 1500 571 1536 regni
592 1500 728 1527 celorum
749 1499 812 1533 481.

208 1537 378 1565 Instruccio
399 1536 436 1564 ad
458 1535 637 1571 religionem
658 1535 859 1561 christianam
880 1532 1037 1568 283—290.

209 1573 325 1600 Contra
347 1571 499 1607 privatam
521 1570 700 1605 religionem
722 1569 766 1603 52,
786 1568 828 1596 53.

210 1608 255 1635 De
276 1607 408 1642 peccatis
430 1605 646 1641 religiosorum
669 1612 710 1637 10,
732 1612 766 1638 ii,
787 1604 832 1633 50.
855 1603 900 1638 95.

209 1642 384 1681 Religiones
404 1641 522 1676 private
543 1643 614 1667 sunt
630 1639 660 1666 iu
677 1638 854 1666 infidelitate
870 1638 906 1665 de
921 1637 1040 1665 Eucha-

264 1677 350 1704 ristia
370 1684 443 1711 491),
463 1675 529 1703 500.

209 1711 354 1747 Religiosi
381 1708 521 1738 tollerent
542 1717 629 1737 suam
650 1708 802 1735 novellam
824 1707 959 1743 regulam
981 1715 1040 1742 qua

265 1747 372 1773 Petrus
393 1753 454 1772 non
476 1749 539 1772 erat
560 1744 714 1778 obligatus
733 1741 801 1782 439.

209 1781 391 1816 Relinquere
418 1779 600 1815 temporalia
627 1783 654 1805 et
674 1782 828 1804 remittere
848 1776 976 1804 iniurias
997 1781 1041 1803 est

261 1816 373 1843 habere
392 1815 553 1842 clariorem
575 1813 698 1840 titulum
719 1812 757 1839 ad
779 1812 828 1839 illa
849 1820 903 1839 211.

211 1850 326 1886 Religio
347 1849 515 1878 christiana
536 1849 625 1876 debet
640 1855 765 1875 omnem
779 1847 901 1874 laudem
919 1854 1041 1882 sperare

264 1894 280 1913 a
300 1886 364 1913 Deo
384 1885 451 1918 405.

214 1921 376 1948 Remittere
396 1919 541 1947 iniuriam
563 1919 713 1946 debemus
736 1916 802 1950 334,
824 1915 884 1944 335.

216 1956 260 1983 lle
281 1955 464 1982 remissione
486 1958 681 1993 peccatorum
704 1951 767 1984 382,
788 1952 953 1985 450-460.

216 1991 259 2018 lie
280 1990 465 2017 remissione
486 1988 596 2016 iiiiurie
617 1988 736 2023 papalis
759 1987 817 2015 165.

212 2025 362 2053 Reiiovari
383 2023 541 2060 quomodo
556 2023 704 2050 debemus
720 2021 829 2057 spiritu
846 2021 957 2049 inentis
977 2018 1042 2055 423,

265 2067 334 2093 424.

213 2094 257 2122 lie
278 2094 506 2122 resurreccione
527 2092 689 2120 homiuum
710 2091 786 2121 2-5,
809 2098 876 2126 294,

212 2129 274 2158 Rex
302 2129 446 2157 defendat
474 2136 547 2155 suos
575 2127 672 2163 legios
704 2126 873 2154 secundum
907 2125 1042 2161 regulam

266 2164 341 2199 legis
362 2164 415 2191 Dei
436 2163 495 2191 501.

215 2200 264 2227 Ad
286 2207 387 2262 Γεςεὲῃ
409 2198 539 2234 pertinet
559 2197 595 2225 de
621 2196 763 2225 hereticis
791 2195 938 2223 fratribus
966 2194 1044 2222 iudi-

268 2242 336 2262 care
372 2241 421 2261 oo.

617 2318 653 2350 S.

455 2393 491 2412 ue
512 2385 612 2412 facere
632 2384 780 2412 debemus
800 2383 957 2417 418-420,

219 2421 397 2450 Sacerdotis
417 2428 434 2447 o
451 2419 554 2447 ficium
576 2420 638 2454 169.

218 2455 370 2484 Sacerdos
382 2459 531 2490 quantum
547 2454 636 2482 debet
651 2454 687 2481 de
702 2453 830 2489 pecunia
846 2452 975 2480 retinere
990 2459 1045 2479 110.

218 2490 401 2519 Sacerdotes
413 2497 507 2525 quare
522 2489 633 2517 docent
647 2496 767 2516 sacram
780 2488 966 2523 scripturam
981 2494 1045 2520 242.

223 2541 252 2545 -
273 2529 395 2552 orarent
416 2533 472 2560 pro
494 2525 609 2560 populo
631 2532 691 2551 ioo.

219 2576 252 2580 —-
272 2564 342 2587 sunt
363 2559 542 2586 stomachus
562 2559 688 2586 ecclesie
707 2565 775 2592 244.

218 2610 252 2614 -
271 2599 373 2621 utrum
395 2594 505 2620 debent
525 2602 541 2621 a
562 2593 688 2621 Christo
709 2592 875 2627 exemplari
904 2590 1046 2625 125-129.

221 2629 452 2691 Sacebrdotibus,
468 2637 562 2664 quare
582 2633 653 2656 sunt
672 2628 773 2655 claves
794 2627 918 2654 ecclesie
938 2626 1048 2653 tradite

275 2671 288 2690 2
301 2664 339 2691 Ἰ6.

223 2698 458 2726 Sacramentum
479 2705 625 2733 magnum
646 2697 676 2724 in
698 2695 823 2724 Christo
844 2694 903 2723 223.

223 2732 536 2795 Iiicreatasssapiencia
561 2732 598 2759 ab
624 2732 771 2759 omnibus
797 2730 979 2758 honoranda
1007 2738 1047 2765 171

277 2773 307 2795 to
328 2776 337 2795 1
383 2788 388 2794 .

226 2802 294 2838 Que
315 2811 330 2829 a
373 2802 476 2837 operis
495 2801 740 2829 satisfaccionem
762 2800 915 2835 pertinent
936 2797 1003 2832 304.

223 2838 272 2865 Ad
305 2837 495 2876 sequendum
527 2836 641 2864 Christi
671 2835 799 2874 vestigia
829 2839 943 2862 restant
973 2834 1047 2861 duo:

277 2876 429 2933 {criptura
449 2879 534 2899 sacra
555 2875 582 2898 et
596 2877 794 2898 conversacio
810 2877 936 2896 suorum
954 2876 1051 2895 sacer-

299 2911 385 2933 otum
406 2913 469 2939 242,

215 2385 249 2414 111
272 2385 411 2421 sabbato,

1100 390 1261 426 Scriptura
1281 397 1367 416 sacra
1387 393 1432 416 est
1458 393 1579 416 scutum
1605 391 1712 416 contra
1739 387 1844 415 omnia
1871 387 1929 414 tela

1151 424 1269 453 inimici
1289 431 1354 459 242,
1376 422 1442 457 243.

1101 461 1260 495 Scripture
1289 458 1474 498 promittunt
1502 457 1733 493 tribulaciones‚
1767 464 1929 493 pressuras

1152 500 1181 523 et
1201 499 1360 530 angustias
1379 501 1437 521 221.

1103 530 1361 558 Consolacionem
1383 537 1418 556 ex
1439 528 1592 563 scriptura
1612 527 1780 554 habeamus
1801 533 1863 552 220.

1103 565 1244 601 Quatuor
1265 569 1343 591 secte
1365 563 1579 599 perturbantes
1600 561 1760 589 ecclesiam
1790 565 1862 587 sunt
1888 560 1931 587 la-

1154 604 1259 627 trones
1278 600 1346 633 504.

1102 634 1240 670 Regnum
1260 642 1321 661 non
1342 633 1431 661 debet
1457 632 1545 660 novis
1571 631 1662 659 sectis
1686 629 1931 658 infundabilibus

1155 669 1276 697 onerari
1300 668 1357 702 145.

1103 705 1147 731 De
1168 704 1375 732 seminacione
1395 702 1479 730 verbi
1501 702 1554 729 Dei
1575 700 1726 728 263—2—5.

1104 740 1147 766 De
1167 739 1378 774 disposicione
1399 737 1527 765 seminis
1548 718 1702 764 263—263.

1103 790 1137 794 —
1154 790 1189 795 -—
1208 773 1390 801 seminantis
1409 770 1556 808 271—273.

1105 810 1148 836 De
1169 807 1429 843 multiplicacione
1449 807 1577 834 seminis
1597 803 1749 841 275-283.

1106 843 1208 872 Divini
1229 843 1356 870 seminis
1376 842 1474 869 virtus
1493 841 1554 869 265.

1106 879 1149 906 De
1169 877 1317 913 regimine
1339 885 1485 905 sensuum
1507 876 1573 912 276,
1595 883 1657 910 277.

1105 914 1234 975 Εῑῑεὲῑεε
1266 913 1346 940 circa
1384 912 1557 947 sepulturas
1596 910 1810 937 defunctorum
1850 915 1933 940 i-11‚

1158 957 1166 976 i
1194 955 1272 975 —20.

1105 983 1139 1010 In
1160 982 1357 1010 sermonibus
1376 989 1437 1009 non
1458 985 1503 1008 est
1523 980 1634 1007 fabulis
1655 978 1803 1006 utendum
1827 979 1874 1013 67.

1107 1018 1247 1047 Simonia
1269 1017 1392 1053 quando
1412 1015 1616 1043 committitur
1635 1012 1787 1042 503—505.

1107 1053 1189 1082 Solis
1234 1052 1416 1088 roprietates
1436 1050 1503 1084 344,
1525 1049 1587 1083 345.

1108 1088 1199 1123 Quan
1226 1096 1243 1114 o
1263 1086 1412 1115 veraciter
1432 1086 1561 1112 solvitur
1580 1084 1626 1112 vel
1647 1083 1758 1118 ligatur
1780 1090 1837 1117 177.

1109 1122 1278 1158 Quomodo
1298 1125 1442 1149 causatur
1463 1120 1619 1147 somnium
1647 1117 1843 1145 materialiter
1870 1114 1934 1149 203,

1159 1165 1227 1191 204.

1108 1193 1152 1220 De
1173 1201 1227 1228 spe
1247 1192 1295 1220 86.

1109 1227 1291 1255 Differencia
1311 1226 1389 1254 inter
1410 1232 1496 1260 spem
1517 1228 1544 1251 et
1565 1223 1655 1250 fidem
1677 1229 1733 1249 221.

1109 1263 1243 1298 Spiritus
1256 1263 1408 1289 humanus
1423 1264 1468 1287 est
1481 1264 1542 1286 tres
1557 1257 1743 1293 substancie‚
1755 1256 1936 1288 intellectus,

1161 1298 1303 1325 voluntas
1323 1301 1352 1323 et
1372 1294 1521 1323 memoria
1541 1292 1605 1327 423,

1109 1333 1153 1360 De
1174 1332 1328 1360 siiffraoiis
1349 1338 1395 1366 29.

1109 1368 1279 1429 De33upe2r⁰
1297 1367 1325 1393 ia
1351 1373 1400 1401 70,
1426 1363 1583 1399 259-262,
1610 1369 1675 1397 279,
1702 1361 1766 1395 280,
1787 1358 1937 1391 3115—320,

1197 1411 1215 1429 o
1247 1410 1304 1429 -.³1.

1111 1424 1230 1466 Genera
1251 1433 1499 1472 superbiencium
1521 1430 1671 1459 281st283.

1110 1472 1262 1508 Superbia
1283 1475 1327 1498 est
1348 1468 1488 1505 proxima
1504 1467 1645 1494 condicio
1661 1465 1829 1503 secundum
1846 1471 1937 1500 quam

1162 1507 1303 1535 diabolus
1324 1508 1429 1540 regnat
1449 1503 1478 1530 iu
1501 1502 1625 1529 homine
1649 1504 1714 1528 262.

1111 1543 1229 1570 Omnes
1250 1542 1364 1568 intrare
1388 1539 1526 1565 volentes
1553 1536 1682 1572 patriani
1710 1535 1861 1563 declinare
1889 1533 1939 1559 de-

1164 1578 1233 1604 bent
1254 1574 1430 1611 superbiam
1451 1571 1511 1599 332.

1111 1612 1232 1641 Surdus
1253 1615 1280 1638 et
1300 1613 1403 1638 mutus
1424 1608 1497 1643 quid
1519 1607 1691 1641 significant
1710 1612 1780 1639 402,
1801 1602 1868 1637 403.

1504 1705 1548 1735 T.

1112 1782 1456 1823 Tabernaculumnquid
1477 1786 1523 1809 est
1541 1780 1613 1817 496.

1112 1822 1229 1849 Tactus
1251 1819 1378 1853 maligni
1399 1827 1450 1852 44.
1766 1848 1771 1853 .
1843 1848 1847 1852 ¹

1113 1855 1296 1884 Differeiicia
1324 1854 1402 1881 inter
1432 1850 1614 1886 temporalia
1643 1854 1671 1877 et
1697 1848 1868 1884 spiritualia
1896 1855 1941 1873 se-

1166 1890 1300 1918 cundum
1321 1887 1531 1923 Augustinuni
1552 1884 1618 1914 236,

1113 1924 1313 1961 Temporalia
1332 1924 1363 1951 in
1385 1930 1478 1950 manu
1503 1925 1626 1949 mortua
1653 1922 1723 1946 sunt
1749 1918 1785 1945 ad
1813 1924 1939 1944 manum

1167 1960 1247 1996 regis
1266 1959 1419 1995 capienda
1436 1956 1494 1991 145,
1515 1954 1581 1991 396,
1603 1963 1664 1990 417.

1114 1997 1158 2024 De
1178 1994 1383 2029 temptacione
1403 1991 1526 2027 08-74.

1114 2031 1282 2066 Temptare
1301 2029 1400 2056 Deum
1421 2027 1463 2062 81,
1482 2033 1553 2061 409.

1114 2065 1316 2094 Terremotus
1336 2062 1501 2090 concilium
1521 2069 1572 2095 4ο,
1593 2068 1636 2093 41.

1114 2100 1184 2130 Filii
1204 2099 1315 2127 veteris
1336 2096 1510 2125 testamenti
1531 2095 1638 2123 salvati
1660 2102 1714 2129 per
1728 2093 1818 2121 sidem
1835 2099 1941 2127 paren-

1166 2140 1231 2162 tum
1252 2132 1317 2167 243.
1339 2141 1407 2166 244.

1116 2170 1160 2198 De
1180 2168 1368 2205 probacione
1387 2166 1561 2194 testamenti
1583 2173 1625 2199 19.

1116 2205 1232 2233 Contra
1252 2203 1364 2231 falsum
1385 2201 1599 2229 testimonium
1619 2197 1682 2233 343.

1115 2239 1342 2268 Thesaurizare
1362 2237 1392 2264 in
1413 2241 1493 2264 terra
1525 2235 1555 2262 in
1577 2234 1649 2262 celis
1669 2233 1714 2267 54,
1735 2232 1775 2261 55.

1115 2274 1254 2302 Trinitas
1275 2271 1425 2308 requievit
1443 2271 1473 2298 in
1495 2257 1685 2298 humanitate
1705 2270 1866 2302 assumpta
1887 2265 1942 2293 158.

1512 2369 1560 2400 V.

1119 2450 1162 2477 De
1182 2450 1243 2477 vita
1263 2448 1361 2477 activa
1381 2447 1444 2483 387,
1466 2446 1531 2475 388.

1120 2501 1148 2504 Μ
1172 2501 1201 2504 -
1223 2483 1463 2519 contemplativa
1483 2479 1640 2516 387—389.

1118 2519 1187 2546 Vite
1208 2523 1387 2546 sanctorum
1407 2517 1582 2546 recitantur,
1604 2522 1698 2550 quare
1717 2513 1780 2546 481.

1118 2554 1307 2589 Vegetabilia
1327 2561 1364 2580 an
1381 2556 1540 2587 resurgent
1554 2551 1583 2578 in
1600 2550 1648 2577 die
1663 2548 1769 2576 iudicii
1789 2553 1861 2581 404,
1876 2543 1944 2579 495.

1119 2588 1257 2616 Verbum
1278 2588 1332 2615 Dei
1353 2592 1381 2614 et
1401 2586 1513 2614 diaboli
1536 2585 1599 2620 307.

1119 2624 1224 2651 Verba
1243 2623 1298 2650 Dei
1320 2626 1390 2649 sunt
1410 2630 1426 2649 a
1446 2620 1617 2648 viatoribus
1637 2615 1820 2656 honoranda
1841 2623 1893 2650 117.

1119 2658 1256 2686 Verbum
1278 2657 1332 2685 Dei
1353 2656 1545 2684 necessarius
1566 2654 1653 2682 cibus
1673 2660 1773 2680 anime
1794 2650 1859 2685 289.

1120 2708 1153 2712 —
1172 2708 1205 2712 -
1224 2692 1404 2719 obedienter
1424 2689 1661 2725 concipiendum
1683 2691 1727 2714 est
1746 2684 1813 2725 403.

1120 2743 1153 2748 —
1172 2743 1205 2747 —
1225 2727 1341 2754 nostris
1361 2725 1553 2761 temporibus
1574 2726 1804 2757 contempnitur
1824 2719 1871 2746 80.

1121 2762 1264 2790 Efficacia
1284 2761 1367 2788 verbi
1389 2761 1443 2788 Dei
1463 2759 1620 2792 287-288-
1927 2786 1932 2790 ¹

1122 2797 1220 2832 Magis
1240 2801 1284 2823 est
1304 2796 1431 2823 verbum
1452 2795 1506 2822 Dei
1527 2793 1632 2821 audire
1647 2792 1737 2830 digne
1752 2796 1844 2825 quam
1861 2786 1949 2815 Chri-

1175 2836 1256 2858 stum
1278 2830 1438 2858 carnaliter
1457 2829 1619 2864 concipere
1640 2826 1707 2853 300.

1123 2865 1402 2927 DCDCQ¹¹3¹J3¹¹C¹1023
1434 2863 1584 2899 temporis
1616 2858 1787 2888 seminandi
1821 2856 1947 2884 verbum

1205 2908 1230 2928 ei
1250 2908 1295 2936 27.
1339 2907 1398 2934 27-.

2042 405 2052 432 1.
2023 0 2050 383 1·ιι-ιῑ.ιωω,’·τν-’.α.·αὰαιιῑωω
