2062 3276
180 876 216 895 10

180 1156 215 1187 15

229 226 365 256 smnio
386 215 424 272 1.]
710 227 900 266 QUARTA
931 228 1054 259 inuis.

231 347 364 375 tamen
409 334 593 372 condicio
638 333 739 382 regis
787 334 914 371 nostri
965 342 1022 370 cst
1072 333 1261 382 opposita
1313 334 1541 371 condicioni

232 395 333 443 regis
366 393 527 439 terreni,
562 393 656 441 quia
688 392 772 440 ipsc
805 393 939 429 dando
962 391 1128 428 virtutes
1152 392 1326 428 morales
1351 392 1540 429 fortificat

230 453 413 502 spiritum
443 451 642 488 infinitum
667 449 882 487 forciorem
916 462 1086 498 corpore
1115 449 1154 485 in
1178 463 1257 498 quo
1286 449 1429 498 spiritu
1465 459 1542 486 stat

231 511 409 548 totaliter
441 511 564 546 robur
598 520 742 557 pugne.
778 510 855 544 Rex
889 517 1023 544 autem
1057 516 1237 544 terrenus
1270 520 1351 544 non
1375 509 1442 544 dat
1466 508 1541 544 vir-

232 578 357 606 tutem
391 569 517 606 eciam
553 567 714 615 corpori
746 566 822 603 nisi
855 566 958 602 forte
991 565 1313 611 occasionaliter,
1359 574 1401 601 ut
1445 575 1542 614 puta

232 629 324 664 dum
359 627 581 663 secundum
616 625 688 661 Dei
734 624 998 673 prudenciam
1044 623 1144 671 regit
1177 623 1218 660 in
1249 623 1542 671 temporalibus

232 698 397 733 regnum
443 697 572 721 suum.
613 683 748 719 Virtus
794 691 927 718 autem
973 683 1193 718 secundum
1239 694 1357 730 quarn
1395 681 1541 719 Christi

233 743 378 780 milites
412 750 658 779 coronantur
681 749 739 777 est
762 739 981 786 humilitas,
1016 739 1224 788 paciencia
1249 748 1284 776 et
1310 739 1541 776 constancia

232 815 321 839 curn
357 800 410 837 eis
443 799 654 845 similibus,
689 812 765 848 que
797 798 963 835 virtutes
996 799 1126 834 forent
1160 798 1199 833 in
1233 797 1371 834 mundi
1406 797 1541 834 militi-

232 861 303 896 bus
335 858 497 896 fatuitas
531 866 728 906 reputate.

289 919 366 954 Sed
400 925 593 966 quantum
628 917 677 952 ad
709 914 904 964 prescitos
937 923 1089 951 certum
1126 923 1182 950 est
1217 914 1325 962 quod
1349 925 1414 949 rex
1439 913 1542 949 celo-

232 989 319 1012 rum
354 974 551 1024 permittit
596 987 662 1011 eos
708 973 838 1022 perire
883 981 1049 1021 propter
1094 985 1206 1009 suam
1253 970 1471 1008 stulticiam
1505 979 1542 1007 et

232 1033 610 1071 confederacionem
643 1032 846 1068 infidelem
882 1044 970 1067 cum
1005 1030 1187 1079 principe
1225 1029 1341 1066 huius
1382 1028 1540 1075 mundi,

233 1093 323 1129 ideo
356 1104 437 1128 non
469 1100 560 1127 sunt
594 1090 740 1127 milites
773 1089 875 1137 regis
910 1089 1087 1125 celorum
1127 1101 1201 1125 nec
1240 1087 1299 1124 sui
1340 1087 1431 1135 legii
1464 1086 1541 1123 nisi

234 1151 335 1187 forte
382 1149 573 1199 equivoce
619 1150 668 1185 ad
713 1158 892 1196 tempus3
947 1149 1015 1183 sed
1060 1147 1154 1195 quia
1199 1155 1285 1183 tota
1328 1145 1542 1182 infirmitas

234 1221 449 1256 regnorum
484 1207 564 1244 sive
597 1207 764 1244 ecclesie
789 1205 970 1243 consistit
1004 1205 1043 1241 in
1076 1203 1346 1253 proporcione
1379 1216 1541 1240 suarum

235 1266 416 1315 parcium
450 1265 670 1302 solidarum
704 1265 765 1301 vel
808 1263 1059 1309 fluxibilium,
1106 1263 1196 1300 ideo
1242 1265 1299 1308 (ut
1344 1261 1440 1298 dicit
1485 1274 1543 1298 se-

235 1326 365 1362 cunda
398 1324 624 1372 proprietas
657 1322 863 1371 regiminis
897 1321 997 1370 regis
1032 1321 1202 1366 celestis>
1241 1329 1401 1369 oportet
1435 1321 1542 1368 quod

236 1396 355 1431 regna
388 1383 466 1418 sint
496 1395 517 1419 a
550 1380 894 1429 superfluitatibus
927 1380 967 1416 in
999 1380 1083 1416 istis
1108 1379 1287 1427 partibus
1312 1386 1543 1427 expurgata.

179 1456 193 1477 3
235 1443 349 1478 Unde
383 1454 455 1489 pro
488 1440 666 1476 liberiori
700 1438 911 1475 locucione
957 1438 997 1474 in
1040 1437 1115 1474 ista
1157 1436 1327 1473 materia
1359 1448 1544 1484 suppono

235 1500 343 1548 quod
376 1498 545 1536 ecclesia
590 1498 670 1534 sive
716 1509 883 1545 regnum
928 1496 977 1532 sit
1023 1508 1147 1532 unum
1182 1508 1328 1543 corpus
1362 1494 1542 1531 omnium

235 1558 458 1595 incolarum
493 1555 813 1593 inhabitancium
847 1555 979 1603 ipsum
1013 1567 1193 1602 regnum,
1240 1562 1277 1590 et
1310 1562 1404 1589 tunc
1437 1561 1546 1600 patet

236 1617 343 1665 quod
383 1617 433 1652 ad
473 1614 768 1664 pacificandum
816 1626 982 1661 regnum
1021 1621 1225 1649 terrenum
1273 1620 1330 1648 est
1376 1610 1546 1647 maxime

235 1673 505 1711 necessarium
540 1672 669 1721 ipsum
706 1673 754 1708 ab
788 1670 974 1708 hereticis
1008 1669 1231 1718 expurgari.

294 1733 511 1768 Probatur:
557 1732 656 1768 tales
689 1729 854 1767 heretici
888 1738 978 1765 sunt
1012 1730 1195 1765 membra
1229 1727 1356 1775 magis
1396 1726 1542 1763 debilia

1570 919 1636 946 The
1659 920 1819 954 reprobate

1621 963 1671 981 are
1691 954 1761 982 onlv

1597 985 1788 1024 equivocaily

1623 1025 1714 1057 neges
1735 1024 1769 1050 of

1639 1058 1754 1087 Christ.

1595 1442 1622 1468 A
1645 1441 1791 1474 kingdom

1613 1476 1724 1503 should
1748 1476 1782 1502 bc

1614 1511 1728 1545 purged
1752 1510 1786 1538 of

1627 1546 1768 1573 licrctics.

236 1799 273 1827 et
304 1790 465 1826 infirma
497 1802 687 1826 sanarum
721 1787 903 1837 parcium
938 1787 1049 1835 regni
1072 1787 1112 1823 in
1138 1785 1309 1823 ecclesia
1332 1784 1539 1829 infectiva;
1562 1788 1766 1828 Foslieretics
1786 1797 1835 1816 are

235 1850 303 1884 sed
337 1850 386 1885 ad
416 1848 674 1885 sanacionem
700 1846 864 1883 ecclesie
888 1854 1048 1894 oportet
1070 1845 1158 1881 illas
1182 1853 1315 1893 partes
1339 1844 1546 1880 extrudere

236 1907 295 1943 vel
328 1919 489 1949 sanare;
525 1919 617 1954 ergo
651 1904 870 1942 conclusio.

294 1964 499 2009 Similiter,
524 1977 612 2001 cum
639 1976 784 2011 corpus
817 1961 982 1999 ecclesie
1006 1962 1125 1998 habet
1147 1959 1335 1996 virtutem
1359 1959 1549 1996 informa-

181 2030 223 2060 ’,ἑο
237 2022 357 2060 tivam
393 2032 429 2060 et
459 2022 666 2070 regitivam
696 2020 935 2058 intrinsecus
959 2032 1035 2067 que
1069 2027 1125 2056 est
1150 2021 1267 2064 Deus,
1301 2026 1411 2066 patet
1440 2018 1548 2065 quod

237 2094 318 2118 non
343 2090 399 2118 est
422 2081 571 2118 sanitas
594 2080 701 2116 illius
725 2078 906 2127 corporis
930 2077 1003 2114 nisi
1029 2086 1185 2114 servata
1209 2075 1427 2125 equalitate
1457 2087 1548 2123 pro-

238 2139 441 2188 porcionis
464 2139 646 2188 parcium
681 2138 764 2175 eius
797 2138 847 2174 ad
880 2137 982 2173 hanc
1005 2136 1212 2179 virtutem3
1247 2147 1323 2183 que
1352 2133 1549 2182 equalitas

239 2197 420 2234 consistit
459 2197 499 2234 in
532 2198 649 2246 plena
683 2195 966 2233 conformitate
997 2193 1194 2231 voluntati
1234 2192 1365 2229 divine
1410 2200 1447 2228 et
1479 2204 1549 2240 per

239 2268 486 2305 consequens
527 2254 753 2292 exclusione
793 2253 958 2290 ecclesie
997 2266 1018 2289 a
1057 2260 1238 2300 peccato.
1293 2251 1370 2287 Sed
1409 2262 1549 2286 omnes

239 2323 451 2362 peccantes
476 2313 790 2362 dampnabiliter
812 2320 904 2348 sunt
926 2310 1106 2357 heretici,
1140 2322 1235 2358 ergo
1258 2317 1419 2358 oportet
1441 2309 1549 2357 quod

238 2373 294 2409 illi
328 2381 547 2421 purgentur
586 2373 635 2408 ab
669 2370 904 2407 infirmitate
944 2369 1076 2406 anime
1107 2369 1169 2405 vel
1206 2367 1441 2404 omnimode
1474 2366 1551 2402 sint

239 2431 409 2480 expulsi3
444 2439 480 2467 et
505 2430 580 2466 isto
606 2431 726 2466 modo
760 2429 808 2466 ab
842 2428 1008 2476 antiquo
1047 2428 1215 2464 canebat
1245 2425 1413 2463 ecclesia
1441 2425 1550 2473 quod

516 2488 635 2524 Nulla
669 2488 703 2524 ei
734 2487 879 2523 nocebit
911 2486 1131 2522 adversitas

576 2547 619 2582 Si
649 2546 754 2582 nulla
789 2545 1009 2581 dominetur
1040 2543 1231 2592 iniquitas.

310 2682 338 2708 ti.
360 2682 402 2708 A:
436 2680 495 2707 Det
513 2679 597 2706 deest
704 2687 730 2713 7,
752 2678 777 2705 8.
798 2679 842 2705 A:
866 2676 982 2704 Ctzrzsti
1000 2692 1032 2696 —
1052 2678 1239 2703 coronantur
1259 2675 1357 2702 twice.
1451 2683 1490 2700 io.
1513 2674 1552 2700 1³:

242 2715 383 2743 vecordia
405 2718 554 2750 reputate.
646 2714 686 2740 16.
708 2713 747 2740 F:
777 2712 917 2740 consistit
935 2719 980 2738 ex.
1067 2711 1107 2738 25.
1130 2711 1158 2738 A
1178 2711 1207 2737 iu
1230 2718 1344 2745 marg:
1372 2709 1552 2739 Conclusio:

242 2751 281 2777 ib.
298 2752 326 2778 A
346 2751 374 2777 in
398 2758 509 2783 marg:
532 2757 553 2775 1.
617 2755 662 2783 29.
679 2748 751 2775 Ain
774 2756 886 2782 marg:
915 2753 942 2773 2.
1005 2745 1044 2773 31.
1060 2745 1264 2781 Azfcztuttax.
1327 2743 1368 2772 35.
1384 2744 1424 2771 F:
1446 2744 1552 2779 igitur.

241 2786 288 2821 39.
310 2786 425 2813 Codd.:
448 2785 531 2812 nulla
552 2783 590 2810 ei.

312 2858 366 2895 38.
393 2856 444 2890 Cf,
472 2857 580 2887 Serm.
608 2857 696 2887 Part.
723 2855 775 2895 III,
802 2864 879 2897 pag.
907 2854 936 2886 3.

1588 1824 1727 1851 diseased
1749 1824 1808 1851 and

1573 1859 1663 1895 likely
1684 1864 1714 1886 to
1735 1858 1827 1886 infect

1575 1894 1624 1921 the
1644 1898 1705 1921 rest
1724 1894 1759 1921 of
1775 1894 1824 1921 the

1632 1928 1766 1956 Church.
