2062 3276
169 270 218 306 92
751 276 974 307 JOHANNIS
994 276 1177 307 WYCLIF
1197 277 1451 308 SERMONUM
1544 264 1696 322 [SERMO
1718 276 1769 303 XI-

456 379 555 415 foret
588 383 695 428 quod
730 382 843 429 panis
877 391 1055 418 remanet
1089 391 1178 430 post
1211 383 1559 420 consecracionem
1607 397 1650 421 ex
1695 386 1769 422 hoc

456 438 564 484 quod
599 449 778 476 remanet
812 440 1089 488 principaliter
1122 453 1265 488 corpus
1300 440 1472 477 Christi?

164 499 363 548 The-Futher-
381 501 439 528 and
512 493 603 532 Hec
647 505 702 533 est
745 505 870 533 autem
918 499 1095 534 voluntas
1127 498 1258 534 Patris
1302 499 1387 545 mei,
1432 507 1471 535 ut
1515 512 1626 537 omne
1669 501 1770 550 quod

171 535 277 597 Ctsgssset
291 536 433 598 g}}⁰{1¹{et⁰
456 552 559 588 dedit
586 551 740 591 Christo
773 568 844 603 pro
878 555 1148 603 integracione
1182 556 1291 604 regni
1325 557 1501 593 celorum
1536 560 1769 610 nonperdat

192 605 409 640 predestinate.
454 612 674 648 secundum
710 613 869 649 finalem
893 613 1217 662 impenitenciam
1244 615 1293 650 ad
1317 615 1555 662 gehennam,
1587 617 1656 652 sed
1678 629 1767 652 cum
1787 620 1802 651 5

454 680 576 715 opera
608 670 815 707 Trinitatis
855 671 932 707 sint
964 671 1131 708 indivisa
1164 685 1186 708 a
1219 673 1354 708 dextra
1387 672 1488 709 sicut
1526 682 1639 721 pater
1678 687 1767 710 cum

456 726 614 763 Christo
648 738 744 775 erat,
778 729 832 765 sic
865 729 903 765 in
929 729 990 766 die
1014 729 1149 766 iudicii
1172 743 1284 766 suam
1310 731 1509 767 resuscitet
1531 739 1766 769 creaturam.

455 785 555 820 Nam
590 795 704 833 pater
737 787 883 823 Christi
917 800 1043 836 usque
1077 789 1196 823 modo
1230 797 1420 835 operatur
1453 797 1490 824 et
1523 788 1608 836 ipse
1641 789 1767 826 eciam

456 840 775 890 inseparabiliter
808 854 1010 892 operatur.
1057 847 1147 882 Ideo
1187 859 1278 882 cum
1318 847 1501 883 voluntas
1535 846 1606 883 Dei
1641 847 1768 883 Patris

455 899 504 935 sit
536 900 638 947 talis,
673 911 782 949 patet
815 904 921 951 quod
955 913 1113 951 oportet
1146 916 1189 940 ex
1212 904 1406 941 volicione
1431 913 1570 941 mutua
1593 904 1647 941 ita
1671 917 1766 942 esse.
1788 920 1826 940 10

456 959 559 1005 Ergo
593 959 775 996 Christus
808 961 875 1009 qui
910 961 1067 998 mentiri
1100 963 1160 998 vel
1205 974 1337 998 errare
1381 975 1461 998 non
1507 962 1636 1010 potuit
1679 975 1768 999 vere

456 1014 550 1052 dicit
583 1019 689 1064 quod
734 1019 802 1055 hec
845 1027 899 1055 est
939 1021 1115 1056 voluntas
1153 1020 1230 1056 Dei
1266 1021 1409 1065 Patris,
1456 1027 1495 1056 ut
1539 1021 1661 1057 omnis
1706 1021 1771 1070 qui

456 1073 557 1109 videt
577 1074 720 1112 Filium
752 1090 821 1124 per
854 1077 971 1113 fidem
1007 1077 1137 1114 debite
1169 1079 1382 1114 formatam
1407 1086 1441 1114 et
1464 1079 1585 1114 credit
1609 1079 1644 1115 in
1667 1091 1766 1124 eum,

455 1131 529 1167 sibi
564 1133 728 1170 caritate
762 1144 956 1182 perpetua
990 1136 1232 1181 adherendo,
1262 1143 1451 1185 perpetuo
1483 1137 1530 1172 sit
1553 1137 1696 1185 beatus,
1731 1146 1768 1173 et

455 1191 562 1237 quod
596 1191 777 1228 Christus
811 1194 860 1229 ad
893 1194 998 1229 hunc
1043 1194 1162 1229 finem
1208 1194 1338 1241 ipsum
1373 1194 1578 1230 resuscitet
1622 1194 1661 1230 in
1706 1194 1767 1231 die
1788 1198 1824 1230 15

455 1247 605 1284 iudicii.
639 1251 718 1286 Nec
752 1259 909 1298 oportet
944 1252 1114 1287 multum
1149 1251 1359 1288 mussitare
1403 1252 1433 1287 si
1468 1251 1650 1288 Christus
1695 1252 1768 1288 hec

455 1306 582 1341 solum
618 1307 708 1343 fecit
742 1308 972 1344 humanitus
1004 1310 1063 1345 vel
1097 1322 1186 1345 cum
1222 1311 1297 1345 hoc
1320 1309 1520 1356 divinitus,
1554 1309 1648 1358 quia
1676 1323 1768 1358 pro-

457 1363 584 1399 babile
628 1364 784 1401 videtur
811 1363 814 1418 l
845 1368 951 1414 quod
998 1367 1177 1403 Christus
1227 1367 1348 1403 nichil
1399 1367 1491 1404 facit
1536 1367 1767 1404 humanitus
1785 1358 1863 1425 330⁸„

456 1421 530 1457 nisi
564 1422 689 1458 saccio
722 1436 793 1459 sua
827 1424 1013 1460 divinitus
1049 1425 1276 1466 misceatur,
1323 1425 1416 1473 quia
1449 1425 1549 1461 sicut
1583 1422 1793 1462 commis-⁵

456 1488 597 1516 centur
629 1481 705 1517 due
728 1490 870 1518 nature
895 1482 1040 1519 Christi
1064 1484 1113 1519 ad
1137 1483 1304 1519 invicem
1328 1493 1416 1530 post
1440 1483 1765 1520 incarnacionem
1785 1496 1826 1517 20

456 1542 512 1582 (ut
543 1539 788 1586 Augustinus
821 1540 1033 1590 loquitur),
1079 1541 1132 1577 sic
1172 1540 1484 1577 commiscentur
1516 1543 1564 1577 ad
1597 1541 1765 1578 invicem

455 1597 552 1632 tales
586 1597 764 1644 duplices
798 1598 992 1643 raciones,
1028 1611 1117 1635 cum
1145 1598 1326 1635 Christus
1359 1599 1481 1636 nichil
1514 1599 1604 1635 fecit
1627 1601 1767 1636 huma-

455 1653 560 1690 nitus
594 1654 668 1691 nisi
701 1657 920 1692 secundum
955 1656 1155 1692 racionem
1191 1656 1431 1693 humanitati
1466 1657 1520 1693 illi
1544 1657 1766 1705 proprium,

457 1721 492 1747 et
526 1724 596 1759 per
628 1725 888 1761 consequens,
923 1715 1143 1750 secundum
1168 1715 1371 1751 racionem
1395 1715 1570 1763 aliquam
1596 1715 1765 1752 deitatis.

457 1771 547 1806 Ideo
581 1779 739 1818 oportet
773 1772 929 1808 fidelem
965 1774 1181 1820 prudenter
1226 1772 1468 1820 distinguere
1512 1773 1615 1809 inter
1659 1785 1766 1809 com-
1784 1776 1823 1807 25

457 1841 596 1864 munes
630 1838 666 1864 et
700 1829 882 1877 proprias
928 1829 1109 1866 raciones
1154 1840 1190 1866 et
1236 1832 1334 1866 bene
1379 1840 1517 1867 notare
1562 1832 1766 1879 quomodo

456 1886 740 1934 reduplicatixe
772 1887 811 1923 in
845 1888 1072 1924 racionibus
1106 1888 1336 1924 huiusmodi
1368 1888 1638 1936 implicantur.

191 1948 268 1987 *The
289 1949 404 1976 funeral
514 1944 629 1980 Circa
663 1946 736 1981 hoc
770 1946 1017 1993 evangelium
1052 1946 1258 1982 dubitatur
1302 1956 1436 1982 utrum
1483 1946 1645 1994 exequie
1678 1956 1765 1982 tan—

167 1985 438 2046 ιζὲξῗῶῐὲᾋῇ,ἓζζῇ
455 2012 539 2038 tum
573 2002 871 2051 sollempnisate
910 2004 1026 2040 hodie
1070 2003 1146 2040 sint
1189 2004 1425 2051 generaliter
1469 2004 1683 2051 meritorie,
1730 2013 1767 2040 et

210 2053 269 2081 and
290 2053 394 2088 living.
456 2069 607 2096 certum
643 2070 698 2096 est
731 2063 839 2109 quod
883 2075 982 2104 non;
1027 2061 1120 2110 quia
1165 2061 1431 2098 communiter
1474 2072 1642 2098 nocetur
1683 2065 1824 2098 tamsso

455 2117 549 2154 vivis
582 2131 703 2165 quam
739 2119 905 2155 mortuis
950 2119 988 2155 in
1033 2119 1375 2167 sollempnizando
1420 2121 1516 2156 tales
1561 2119 1765 2168 exequias3

456 2175 550 2212 vivis
584 2176 760 2224 quidem,
795 2177 889 2225 quia
921 2190 1020 2213 vane
1055 2191 1126 2225 pro
1160 2178 1310 2214 honore
1351 2177 1489 2213 mundi
1531 2179 1634 2214 bona
1669 2190 1766 2225 pau-

456 2247 595 2282 perum
631 2234 832 2282 superflue
866 2236 1155 2283 expenduntur,
1196 2244 1233 2271 et
1271 2245 1416 2272 nocent
1457 2235 1637 2278 mortuis,
1673 2235 1765 2283 quia

456 2292 687 2339 suffragium
713 2293 969 2340 superstitum
995 2293 1217 2329 amicorum
1242 2293 1491 2330 subtrahitur
1506 2303 1542 2330 et
1557 2293 1766 2330 occasione

457 2349 682 2386 ministrata
727 2352 773 2386 de
824 2351 925 2387 male
978 2351 1143 2399 quesitis
1195 2351 1481 2400 temporalibus
1534 2351 1765 2388 inchoatum
1783 2355 1823 2387 ³5

456 2417 665 2455 peccatum
700 2408 924 2456 perficitur3
969 2410 1073 2445 unde
1118 2409 1277 2445 difficile
1321 2409 1478 2446 videtur
1522 2410 1629 2457 quod
1662 2410 1766 2446 bona

458 2465 604 2502 mortui
637 2465 676 2501 in
710 2466 856 2502 talibus
890 2466 1063 2515 exequiis
1097 2476 1399 2514 consumantur,
1439 2467 1514 2504 nisi
1547 2476 1627 2504 tam
1662 2468 1767 2504 bona

526 2601 553 2627 ὁ.
578 2600 644 2627 DE:
671 2603 748 2627 sunt.
853 2609 886 2628 11.
910 2601 977 2628 DE:
1007 2602 1054 2628 vel
1071 2609 1184 2628 errare
1202 2601 1296 2628 deest.
1399 2600 1436 2628 13.
1458 2601 1526 2628 DE:
1555 2601 1652 2629 debite
1672 2602 1765 2628 deest.

459 2635 495 2662 15.
518 2634 585 2662 DE:
614 2635 786 2662 resuscitat.
871 2636 911 2663 υἱ.
932 2636 977 2664 si:
1002 2636 1110 2663 codd.:
1138 2636 1192 2662 sic.
1273 2644 1309 2670 17.
1333 2635 1400 2662 DE:
1429 2639 1459 2663 et
1477 2644 1550 2664 cum.
1632 2636 1670 2663 18.
1692 2635 1716 2662 E
1736 2635 1765 2662 iu

458 2677 553 2704 marg.
566 2679 572 2696 :
591 2670 666 2696 (snio
682 2670 711 2696 1¹11
730 2670 851 2697 Christo
867 2670 997 2697 duarum
1012 2673 1196 2697 naturarum
1211 2673 1240 2697 et
1253 2671 1409 2697 decumum
1425 2670 1601 2698 earundem.
1667 2678 1705 2697 21.
1722 2670 1764 2696 A:

456 2704 591 2739 loquitur
612 2704 705 2731 deest.
797 2704 840 2732 28.
862 2706 889 2732 A
911 2705 939 2732 in
962 2713 1047 2740 mar&v
1070 2715 1075 2732 ς
1105 2705 1252 2733 Dubium:
1277 2705 1301 2731 D
1323 2706 1351 2732 in
1375 2713 1487 2740 marg:
1518 2705 1622 2732 strum
1642 2704 1768 2739 exequie

456 2738 610 2774 defunctis
629 2739 689 2765 sint
708 2739 865 2766 meritorie
875 2749 883 2768 ,·
909 2739 932 2766 E
953 2739 981 2767 in
1004 2748 1118 2774 marg:
1141 2740 1269 2766 Dubium
1290 2739 1327 2766 de
1345 2740 1538 2767 solemnitate
1557 2740 1765 2775 exequiarum.

457 2776 502 2806 28,
524 2781 569 2808 29.
591 2774 633 2800 A:
662 2776 722 2800 tam
742 2774 970 2809 solempnetmzfe.
1048 2781 1095 2808 29.
1117 2774 1185 2801 DE:
1212 2774 1304 2801 hodie
1324 2775 1417 2801 deest.
1490 2773 1537 2808 34.
1558 2774 1581 2801 E
1601 2775 1630 2801 in
1652 2782 1765 2807 marg:

456 2808 693 2843 Solempnitates
713 2812 823 2835 nocent
843 2809 918 2835 vivis
938 2811 968 2835 et
986 2809 1124 2835 mortuis.
1198 2808 1238 2835 35.
1260 2810 1303 2835 A:
1326 2808 1363 2835 de
1382 2809 1480 2836 malis.

525 2893 556 2927 3.
581 2891 659 2924 Joh.
684 2892 740 2932 XI,
768 2893 819 2936 39.
