2062 3276
257 272 277 299 2
835 286 1057 321 *IOHANNIS
1075 290 1260 326 WYCLIF
1279 296 1534 333 SERMoNUM
1655 291 1807 350 [SERMO
1828 306 1850 334 1.

543 387 703 434 mortui,
751 390 846 428 fides
892 403 929 430 et
974 408 1062 443 spes
1101 400 1344 439 necessitant
1376 417 1667 457 consequenter
1701 427 1848 464 suppo-

540 457 634 482 nere
682 450 789 495 quod
835 463 1043 500 resurgent
1090 455 1263 495 finaliter
1306 462 1562 503 laudabiliter
1606 472 1846 517 premiandi.

286 502 433 539 Example
459 507 494 533 os
541 504 588 538 Et
633 505 893 545 confirmacio
938 510 1050 548 istius
1096 517 1297 554 sentencie
1348 530 1458 569 patet
1511 537 1553 561 ex
1606 530 1844 568 narracione

332 538 441 566 bama.
540 560 705 599 historie
740 566 782 602 ΙΙ.
819 567 1037 616 Reg.X110‚
1074 572 1139 608 ubi
1174 575 1301 612 David
1334 578 1488 618 vivente
1522 583 1718 624 infantulo
1752 590 1843 625 Ber-

539 621 656 656 sabee
688 621 783 658 luxit
817 625 952 662 anxius
987 636 1023 663 et
1055 630 1196 677 oravit,
1231 635 1300 670 sed
1328 637 1427 674 scito
1461 643 1571 688 quod
1604 643 1705 680 foret
1740 654 1877 686 mor-5

537 685 628 713 tuus
660 678 804 716 letatus
839 691 894 718 est
928 686 1190 725 tolerabiliter
1223 700 1259 727 et
1289 696 1477 734 comedit.
1513 700 1682 737 Causam
1709 713 1840 742 autem

536 735 682 783 subdit,
718 738 811 786 quia
845 741 919 778 hoc
949 752 1005 779 est
1029 745 1076 781 de
1099 747 1170 783 Dei
1202 750 1467 801 beneplacito,
1502 766 1543 793 ut
1575 759 1688 796 scivit
1721 763 1843 809 parti-

537 794 735 831 culariter.
763 798 842 834 Nec
867 810 923 835 est
947 802 1130 848 planctus
1155 806 1380 847 laboriosus
1403 813 1569 851 ulterius
1588 816 1842 866 impeditivus

536 851 703 888 mortuis
733 855 793 890 vel
827 858 995 895 mortuis
1028 860 1243 911 iuvativus;
1278 870 1383 905 unde
1415 870 1571 909 videtur
1604 878 1711 923 quod
1745 877 1841 916 irre-

534 909 726 955 gulariter
759 915 984 952 contristati
1017 917 1055 954 in
1082 920 1158 957 fide
1182 932 1218 958 et
1242 937 1311 972 spe
1335 928 1483 965 Christi
1508 932 1711 970 deficiunt.
1746 937 1839 974 Ideo
1860 955 1898 976 10

531 967 734 1016 subiungit
756 971 993 1018 Apostolus:
1028 984 1067 1012 ut
1095 975 1100 1030 Ι
1129 992 1200 1016 non
1234 985 1522 1033 contristemini,
1545 991 1642 1027 sicut
1665 1000 1700 1029 et
1723 996 1842 1031 ceteri
1857 992 1930 1024 FO]-

531 1025 595 1072 qui
623 1037 728 1075 spem
762 1041 834 1065 non
867 1031 1015 1069 hahent.
1855 1036 1935 1080 290⁴

264 1059 496 1133 beiXffJJffl—Sntfly
587 1083 723 1121 Fidem
758 1096 889 1124 autem
927 1092 974 1126 de
1007 1095 1318 1135 resuscitacione
1351 1101 1626 1154 cuiuscunque
1659 1108 1834 1147 hominis

327 1129 356 1156 iu
378 1131 427 1158 the
1795 1168 1801 1174 '

250 1166 452 1193 remi-fection
474 1168 509 1195 of
530 1141 677 1177 mortui
730 1154 890 1191 oportet
941 1161 1242 1200 presupponere
1294 1165 1503 1208 tamquam
1558 1164 1738 1212 firmam;
1794 1182 1832 1205 1n

268 1185 304 1225 a'u
326 1199 374 1226 the
395 1202 481 1229 dead.
528 1197 639 1234 cuius
671 1213 951 1248 argumentum
981 1207 1077 1245 dicit
1098 1212 1341 1259 Apostolus:
1377 1218 1428 1261 Si,
1462 1219 1604 1269 inquit,
1638 1225 1833 1264 credimus
1855 1234 1890 1265 15

526 1258 627 1304 quod
645 1258 755 1295 Jesus
788 1270 963 1300 mortuus
992 1274 1047 1302 est
1075 1276 1109 1303 et
1142 1274 1375 1324 resurrexit,
1410 1276 1461 1312 ita
1484 1286 1519 1313 et
1542 1280 1649 1316 Deus
1676 1295 1739 1319 eos
1771 1286 1835 1332 qui

525 1314 768 1352 dormierunt
793 1331 870 1367 per
899 1322 1029 1359 Jesum
1062 1327 1228 1364 adducet
1260 1342 1344 1366 cum
1369 1345 1432 1378 e0,·
1462 1336 1544 1371 vult
1568 1337 1699 1376 dicere
1723 1344 1830 1389 quod

523 1379 602 1408 tam
639 1373 754 1410 firma
787 1377 903 1414 debet
936 1392 1019 1417 esse
1053 1382 1149 1420 fides
1183 1387 1230 1422 de
1252 1387 1494 1429 futuricione
1517 1398 1829 1436 resurreccionis

523 1429 794 1481 cuiuscunque
830 1437 977 1473 mortui
1011 1452 1131 1488 quam
1177 1443 1292 1481 firma
1341 1457 1398 1484 est
1443 1450 1539 1488 fides
1585 1455 1632 1490 de
1677 1466 1827 1503 preter-

521 1486 650 1525 icione
703 1492 844 1528 mortis
897 1503 934 1531 et
981 1501 1280 1539 resurreccione
1328 1506 1480 1544 domini
1525 1512 1616 1547 Jesu
1665 1515 1824 1553 Christi.
1844 1532 1886 1554 20

521 1546 618 1582 Cum
651 1542 656 1599 Ι
686 1548 791 1585 enim
826 1563 869 1587 ex
903 1552 978 1590 fide
1012 1557 1210 1595 credimus
1245 1564 1351 1609 quod
1387 1566 1567 1604 Christus
1600 1570 1672 1606 fuit
1705 1586 1825 1622 prop·
1842 1569 1923 1631 1³01ss

519 1611 626 1640 terea
660 1615 843 1644 mortuus
877 1619 913 1646 et
946 1613 1172 1663 suscitatus,
1207 1627 1248 1654 ut
1272 1621 1384 1658 daret
1409 1627 1632 1674 exemplum
1659 1631 1824 1668 ecclesie
1839 1626 1907 1657 4⁰4

518 1660 629 1698 cuius
663 1673 719 1700 est
752 1676 884 1714 caput,
925 1673 1033 1717 quod
1067 1675 1328 1714 conformiter
1361 1681 1506 1719 debent
1539 1688 1718 1724 membra
1752 1703 1823 1727 sua

516 1732 721 1768 resurgere
754 1732 791 1759 et
823 1738 904 1761 non
937 1737 1068 1775 potest
1102 1732 1282 1771 frustrari
1316 1738 1364 1773 de
1397 1742 1605 1789 proposito
1635 1757 1706 1782 suo
1731 1760 1820 1784 cum

240 1776 483 1818 Tuom—ambert<
515 1776 564 1813 sit
598 1779 869 1828 omnipotenS,
917 1787 1171 1826 manifestum
1219 1802 1275 1828 est
1319 1798 1424 1843 quod
1470 1801 1605 1837 omnia
1641 1807 1821 1842 membra
1839 1814 1878 1845 25

236 1813 493 1878 ζῗῖἓξιᾷᾞῇξζῖζὲᾖῗ
515 1847 584 1871 sua
619 1849 824 1886 resurgent
857 1854 930 1889 pro
964 1857 1036 1881 suo
1081 1856 1275 1897 tempore.
1330 1854 1429 1890 Cum
1475 1858 1579 1894 enim
1627 1861 1677 1897 sit
1723 1863 1820 1900 fides

243 1882 481 1913 11ead,and1he
514 1905 634 1930 unam
670 1908 754 1933 esse
788 1900 997 1938 ecclesiam
1033 1913 1069 1940 et
1103 1906 1305 1945 Christum
1353 1924 1437 1949 esse
1481 1926 1601 1964 caput
1646 1919 1728 1956 eius
1773 1935 1819 1958 ac

236 1918 491 1989 itpffiplfiitseesthat
516 1954 695 1990 membra
729 1954 811 1991 eius
845 1960 1140 2005 predestinatos
1173 1965 1350 2014 singulos
1385 1972 1451 2018 qui
1474 1973 1549 2021 legi
1576 1977 1723 2014 Christi
1748 1981 1818 2015 ob-

236 1986 485 2051 Ῑυέξῗ-ἶῇξῆζὲω
512 2017 751 2058 temperant,
802 2016 1057 2056 manifestum
1098 2031 1155 2058 est
1202 2024 1231 2059 si
1279 2037 1398 2074 caput
1443 2034 1659 2070 resurrexit
1708 2039 1817 2085 quod

512 2069 692 2105 membra
740 2071 823 2107 eius
871 2075 1012 2122 capitis
1061 2080 1205 2116 debent
1253 2096 1471 2133 resurgere.
1526 2090 1656 2128 Nichil
1709 2094 1813 2131 enim
1832 2103 1874 2135 30

511 2135 642 2171 posset
676 2127 769 2175 fingi
802 2129 1025 2179 impediens
1057 2136 1131 2172 nisi
1178 2140 1237 2175 vel
1272 2141 1418 2180 Christi
1464 2146 1710 2195 impotencia
1754 2154 1814 2189 vel

508 2182 590 2218 eius
622 2183 784 2232 invidia,
825 2197 862 2224 et
901 2203 970 2238 per
1009 2192 1129 2240 idem,
1171 2209 1259 2233 cum
1295 2199 1344 2235 sit
1382 2215 1538 2241 summe
1576 2206 1717 2256 iustus,
1756 2224 1813 2247 se-

506 2240 642 2288 quitur
675 2255 814 2281 omnes
848 2249 1041 2294 prescitos
1075 2265 1292 2303 resurgere,
1339 2260 1432 2307 quia
1478 2263 1593 2300 aliter
1632 2267 1812 2304 Christus

505 2311 585 2334 non
618 2312 773 2338 summe
806 2303 908 2342 iuste
941 2307 1107 2346 libraret
1140 2324 1262 2359 penas
1296 2325 1332 2352 et
1365 2320 1531 2365 premia.

289 2356 336 2384 On
358 2358 417 2397 this
472 2395 478 2399 ,
561 2358 746 2395 Stabilita
799 2374 891 2409 ergo
941 2365 1014 2402 hac
1060 2367 1136 2405 fide
1180 2383 1340 2410 necesse
1385 2386 1441 2412 est
1494 2391 1604 2426 spem
1658 2392 1808 2420 rectam
1827 2391 1867 2423 35

233 2392 475 2456 ῙῘΞῨᾹῙἛῘΟῙΟΕΠᾞ
502 2426 623 2462 super
656 2416 752 2453 illud
787 2419 1092 2461 fundamentum
1129 2427 1224 2476 erigi
1260 2439 1467 2481 tamquam
1492 2437 1702 2486 parietem,
1736 2441 1808 2478 sci—

500 2471 590 2508 licet
624 2477 729 2521 quod
766 2490 838 2524 pro
880 2490 986 2517 recta
1031 2483 1212 2522 viacione
1258 2488 1295 2524 in
1343 2492 1567 2530 meditullio
1612 2499 1807 2545 temporis

566 2649 585 2667 1.
607 2643 651 2670 A:
675 2647 703 2671 et
722 2644 817 2673 deest.
888 2655 911 2674 2.
927 2650 971 2676 A:
993 2658 1206 2689 resta-gerent.
1273 2656 1297 2684 5.
1313 2658 1357 2685 A:
1378 2660 1434 2686 sed
1451 2661 1519 2688 cito.
1586 2673 1612 2697 ς),
1630 2665 1674 2693 A:
1694 2669 1809 2695 mortui

494 2677 654 2704 sanativus.
741 2688 773 2706 Η.
796 2681 835 2708 F:
863 2684 1008 2719 subiuga.
1093 2695 1139 2715 20.
1161 2689 1200 2716 F:
1228 2694 1478 2721 resmreccsonis.
1564 2705 1608 2732 24.
1630 2699 1669 2727 F:
1695 2709 1714 2727 α
1732 2710 1804 2736 pro-

491 2710 602 2743 posim.
676 2713 722 2740 26.
745 2714 783 2741 F:
806 2723 1014 2753 resurgerent.
1087 2722 1135 2753 26,
1158 2731 1200 2758 27.
1223 2724 1262 2752 F:
1287 2727 1329 2753 sil
1348 2743 1377 2746 —
1399 2737 1465 2757 esse
1483 2731 1576 2759 deest.
1642 2741 1685 2770 27,
1702 2735 1745 2762 28.
1762 2737 1802 2764 F:

492 2749 547 2771 aut
565 2747 706 2774 membra.
807 2752 851 2777 28.
868 2752 910 2779 A:
939 2755 1072 2782 membra
1093 2765 1158 2783 esse
1176 2760 1411 2791 predestinatos.
1512 2765 1556 2800 32,
1576 2766 1619 2795 33.
1645 2771 1804 2804 seqm'lur:

493 2779 581 2807 codd.
605 2789 783 2816 perperam:
803 2786 866 2812 sed.
940 2786 982 2814 33.
1005 2789 1043 2816 1³:
1063 2792 1224 2825 prescitus.
1296 2794 1343 2829 34.
1365 2799 1409 2825 A:
1430 2799 1536 2827 iustus.

557 2895 590 2925 4.
618 2886 654 2917 ll.
681 2888 765 2930 Reg.
782 2891 852 2930 XII⁷
877 2892 1016 2926 10—20.
1118 2908 1166 2930 11.
1194 2900 1216 2931 I.
1236 2901 1359 2935 Thess.
1378 2905 1432 2945 lv,
1457 2916 1506 2938 12.
1607 2910 1655 2942 15.
1682 2910 1726 2943 ib.
1750 2913 1800 2945 13.
