2062 3276
261 246 396 274 sumno
418 236 496 293 ιιι]
741 250 931 289 QUARTA
961 251 1086 282 PARS.
1778 258 1857 293 407

259 356 422 405 gressio.
467 356 632 393 Talibus
672 367 805 394 autem
845 357 980 394 deficit
1019 358 1324 394 fundamentum
1359 373 1438 407 quo
1472 360 1571 396 cari-

260 414 379 451 tative
411 427 450 451 se
475 414 581 463 ipsos
615 415 826 463 diligerent
859 424 895 451 et
927 415 1049 451 vitam
1085 425 1263 452 eternam
1298 417 1569 465 adquirerent.

259 475 348 519 Quo
383 482 523 509 contra
555 474 747 510 debemus
792 482 978 521 reputare
1017 474 1188 513 lucrum.
1230 476 1392 523 quando
1436 475 1571 512 anima

258 530 401 567 virtute
435 530 625 579 pascitur,
671 540 782 567 actus
828 530 1056 567 meritorius
1101 540 1241 568 contra
1287 532 1392 568 diem
1433 533 1569 569 iudicii

225 590 241 621 5
258 588 504 625 instauratur
527 598 564 625 et
587 602 732 637 corpus
755 598 797 625 ut
820 589 953 625 anime
987 598 1023 625 et
1047 591 1130 625 Deo
1163 589 1308 626 serviat
1339 592 1569 639 adaptatur,

257 646 351 694 quia
373 656 530 683 terrena
553 646 731 683 valitudo
754 647 936 695 corporis
958 647 1033 683 ista
1058 647 1283 695 postposita
1307 648 1427 685 nichil
1451 650 1567 685 valet.

313 706 498 741 Secundo
543 704 620 740 dixi
659 706 767 752 quod
807 705 953 741 caritas
992 705 1159 753 requirit
1192 714 1234 741 ut
1268 706 1389 743 homo
1428 707 1566 754 diligat
1669 722 1693 752 ρ.
1716 714 1772 741 His

254 762 480 810 proximum
510 771 552 798 ut
585 775 624 799 se
658 762 804 810 ipsum.
838 765 924 799 Stat
957 772 1090 799 autern
1125 763 1293 800 dileccio
1326 764 1401 801 ista
1433 765 1564 812 primo
1579 749 1856 811 Τῃῗζῖἓῗῖἳῖζξυιᾱ

255 820 495 857 declinando
529 833 550 857 a
584 821 704 860 malo,
750 833 799 857 ne
839 821 907 857 fiat
953 820 1136 869 proximo
1182 820 1394 859 iniuriacio
1440 822 1479 858 in
1525 836 1564 859 se
1588 826 1803 881 Πῑθέξρὶῗίᾞξὲη
1827 824 1857 846 ¹0

201 879 312 914 1ovel
353 878 392 914 in
425 878 517 914 suis.
572 880 757 916 Secundo
801 878 975 916 iuvando
1020 892 1109 915 eum
1155 879 1322 916 omnino
1367 881 1566 928 spirituali
1623 888 1821 927 neighbour's

253 936 456 984 suffragio.
500 939 573 973 Iste
607 936 712 973 enim
745 946 837 973 sunt
870 939 946 973 due
978 946 1111 985 partes
1143 936 1312 984 iusticie,
1346 948 1389 974 ut
1423 938 1568 975 dicitur
1593 923 1734 958 ³p¹sm¹³¹
1756 923 1852 958 gOOd'

254 996 315 1030 Ps.
340 996 531 1041 XXXV10‚
558 1005 629 1042 27:
654 995 816 1031 Declina
839 1008 860 1030 α
885 996 987 1031 malo
1010 1002 1045 1031 et
1065 996 1140 1044 fac
1162 996 1314 1041 bonum,
1338 1006 1374 1033 et
1398 997 1569 1033 breviter

253 1052 328 1088 ista
373 1054 509 1100 regula
554 1052 704 1090 Christi
749 1054 855 1089 Luce
887 1055 973 1099 VIO,
1012 1053 1054 1089 31
1087 1062 1123 1089 et
1162 1054 1328 1090 Matthei
1362 1056 1467 1100 V110‚
1499 1066 1565 1091 12:

259 1110 396 1147 Omnia
436 1123 654 1160 quecunque
688 1111 801 1147 vultis
833 1118 873 1147 ut
893 1112 1050 1160 faciant
1090 1111 1193 1147 vobis
1231 1112 1402 1148 homines
1434 1113 1501 1149 lzec
1533 1121 1568 1149 et

199 1168 320 1205 152103
341 1169 469 1217 facite
500 1168 578 1205 illis
610 1178 668 1205 est
706 1169 859 1217 optima
892 1170 942 1206 ad
976 1170 1202 1205 docendum
1242 1182 1314 1206 nos
1359 1172 1566 1219 quomodo

253 1227 443 1263 debemus
483 1228 624 1263 fratres
664 1227 841 1275 diligere.
897 1229 1098 1264 Debemus
1136 1226 1333 1276 (inquam)
1367 1228 1476 1276 ipsos
1509 1229 1567 1265 di—

251 1284 371 1332 ligere
411 1287 461 1321 ad
501 1284 790 1322 beatitudinem
831 1294 869 1321 et
907 1298 988 1322 non
1032 1285 1215 1322 iniuriari
1254 1285 1309 1322 eis
1348 1286 1388 1322 in
1420 1287 1482 1324 via
1515 1289 1566 1323 ad

250 1342 375 1378 illam.
409 1344 502 1379 Ideo
534 1342 679 1380 dicitur
712 1345 819 1392 quod
853 1344 966 1380 debes
998 1344 1165 1394 diligere
1191 1344 1420 1393 proximum
1445 1353 1565 1391 tunm,

249 1401 346 1437 sicut
378 1408 414 1436 te
445 1401 582 1450 ipsum,
615 1414 697 1437 non
729 1410 886 1438 tantum
920 1411 1116 1450 quantum
1141 1410 1178 1438 te
1201 1401 1347 1450 ipsum,
1379 1415 1452 1439 nec
1481 1412 1562 1440 tam

194 1467 235 1488 20
251 1458 383 1506 primo
416 1458 517 1495 sicut
541 1468 578 1496 te
601 1459 745 1508 ipsum,
779 1461 849 1496 sed
872 1461 922 1496 ad
946 1472 1084 1508 parem
1109 1459 1422 1506 beatitudinem;
1457 1461 1563 1498 iuxta

251 1529 370 1565 quem
403 1530 565 1554 sensum
598 1517 766 1554 dileccio
801 1517 973 1555 carnalis
1007 1517 1242 1554 excluditur.

308 1576 355 1611 Et
387 1584 572 1624 patenter
615 1575 796 1624 sequitur
842 1577 949 1625 quod
989 1575 1218 1625 quicunque
1261 1589 1343 1613 non
1383 1577 1564 1613 dilexerit
1587 1583 1611 1610 It
1632 1587 1714 1610 must
1733 1585 1842 1612 extend

249 1646 290 1670 se
322 1633 453 1682 ipsum
488 1635 609 1671 modo
641 1634 837 1682 predicto,
884 1634 1018 1671 deficit
1051 1633 1092 1670 in
1125 1634 1200 1671 ista
1232 1634 1430 1683 particula
1463 1635 1564 1672 cari·
1619 1623 1649 1645 t⁰
1671 1619 1708 1646 ²¹¹¹
1731 1627 1811 1646 men.

249 1691 355 1738 tatis,
389 1701 474 1728 tum
498 1692 592 1740 quia
624 1692 692 1728 illa
718 1692 982 1741 presupponit
1005 1693 1114 1741 quod
1148 1693 1270 1729 homo
1295 1693 1433 1741 diligat
1457 1693 1563 1729 ordi-

193 1749 231 1780 25
248 1759 339 1787 nate
364 1762 404 1786 se
433 1750 577 1798 ipsum,
611 1760 695 1786 tum
730 1750 856 1787 eciam
892 1751 985 1799 quia
1018 1752 1135 1787 debet
1167 1750 1303 1787 iuvare
1336 1751 1562 1799 proximum

249 1807 290 1844 in
329 1808 464 1856 gracia
508 1810 780 1845 conmerendo
813 1821 835 1845 a
867 1822 947 1857 quo
990 1809 1156 1845 frustrat
1194 1809 1436 1857 proximum.
1484 1812 1563 1846 Nec

248 1867 365 1903 debet
398 1866 472 1903 ista
505 1867 673 1903 dileccio
706 1867 837 1903 solum
870 1879 910 1903 se
944 1868 1155 1903 extendere
1194 1868 1244 1904 ad
1283 1867 1448 1911 amicos,
1494 1869 1562 1904 sed

248 1923 374 1961 eciam
415 1926 465 1960 ad
504 1924 691 1961 inimicos
725 1934 761 1960 et
795 1938 1056 1973 quoscunque
1096 1925 1299 1972 proximos
1332 1925 1372 1961 in
1404 1935 1561 1962 natura.

306 1984 382 2019 Sed
416 1982 622 2019 dubitatur
656 1985 862 2031 quomodo
886 1982 1073 2020 omnibus
1097 1983 1289 2030 proximis
1314 1983 1411 2020 meis
1436 1985 1561 2020 debeo

191 2039 344 2077 'Bovelle
389 2042 541 2077 bonum
589 2040 849 2078 beatitudinis
894 2054 984 2078 cum
1030 2041 1112 2078 scio
1153 2044 1280 2078 Deum
1325 2043 1424 2078 velle
1470 2055 1562 2079 con-

246 2098 430 2135 trarium.

304 2157 379 2194 Hic
418 2156 564 2193 dicitur
603 2158 709 2205 quod
750 2167 943 2205 quantum
983 2159 1032 2194 ad
1066 2157 1270 2205 proximos
1309 2158 1562 2195 conviventes

247 2216 372 2251 debeo
405 2215 503 2251 velle
526 2215 729 2251 voluntate
762 2215 1059 2262 condicionata,
1094 2225 1130 2252 et
1154 2217 1286 2264 quoad
1321 2217 1562 2264 dampnatos

248 2275 373 2309 debeo
425 2274 524 2309 velle
577 2273 915 2322 dampnacionem
971 2286 1109 2310 eorum
1164 2276 1213 2310 ad
1267 2274 1560 2311 beatitudinem

190 2331 229 2363 35
247 2340 478 2367 sanctorum
513 2331 721 2379 proficere,
757 2341 793 2368 et
816 2331 872 2368 sic
905 2333 1030 2368 debeo
1064 2332 1279 2380 utrobique
1298 2334 1381 2369 Deo
1406 2333 1557 2369 dicere:

245 2390 335 2424 Fiat
374 2389 550 2425 voluntas
587 2397 651 2425 tua
684 2390 720 2425 in
753 2390 835 2427 celo
867 2397 903 2426 et
934 2390 969 2426 in
1008 2398 1128 2426 terra.
1178 2392 1379 2426 Debemus
1424 2400 1557 2427 autem

247 2447 410 2495 diligere
454 2446 640 2483 inimicos
689 2448 988 2493 benefaciendo,
1037 2449 1192 2485 orando
1237 2458 1274 2485 et
1318 2449 1558 2496 generaliter

247 2506 439 2541 merendo
473 2505 539 2541 eis.
581 2507 629 2541 Et
661 2505 777 2542 istam
813 2506 965 2542 scolam
999 2515 1101 2542 esset
1134 2507 1405 2543 necessarium
1439 2507 1558 2543 hodie

245 2562 502 2600 introducere
546 2563 585 2599 in
630 2563 839 2600 ecclesiam
885 2573 967 2600 tam
1013 2577 1134 2613 opere
1182 2578 1303 2613 quam
1358 2577 1557 2612 sermone,

315 2695 344 2719 4.
368 2685 410 2713 D:
431 2686 576 2714 virtuose.
641 2694 666 2719 7.
688 2686 713 2714 D
734 2686 764 2714 in
786 2695 900 2723 marg:
920 2693 947 2714 2.
970 2687 1106 2715 Dileccio
1121 2688 1268 2723 proximi.
1333 2695 1361 2721 o.
1383 2689 1427 2715 A:
1449 2687 1560 2723 nefial

245 2721 343 2748 twice.
459 2729 500 2748 10.
527 2721 571 2748 A:
598 2722 647 2749 vel
670 2721 752 2755 suin
777 2722 817 2749 ib.
838 2723 882 2750 A:
910 2722 1045 2750 amando
1072 2730 1146 2749 eum.
1264 2722 1300 2750 15.
1326 2720 1399 2750 DG:
1426 2723 1479 2750 hec
1504 2726 1557 2750 est.

246 2755 285 2783 18.
307 2755 380 2783 DG:
404 2756 511 2787 istam;
535 2756 577 2783 ib.
597 2755 673 2783 AG:
694 2760 775 2783 tuum
797 2757 891 2784 deest.
966 2765 1010 2783 ρο.
1026 2758 1100 2784 AG:
1120 2765 1227 2792 parem
1248 2758 1342 2784 deest.
1416 2757 1458 2792 37.
1481 2758 1505 2784 D
1528 2758 1557 2784 in

245 2799 359 2826 marg:
382 2789 524 2827 Diligere
544 2791 694 2818 inimicos.
766 2790 811 2819 38.
833 2792 905 2819 DG:
927 2792 1032 2825 illam„

319 2872 369 2904 18.
395 2873 516 2905 Matth.
542 2874 629 2914 XIX,
653 2884 702 2917 ¹9·
799 2874 851 2908 36.
878 2875 998 2906 Matth.
1016 2875 1072 2914 VI,
1098 2886 1148 2906 10.
