2062 3276
257 259 392 288 sunnio
414 249 496 308 xx]
736 264 927 303 QUARTA
955 264 1080 297 PARS.

254 369 376 406 larius
424 368 463 406 in
510 369 584 406 ista
633 369 762 407 crucis
811 370 1037 407 elevacione
1087 379 1123 407 et
1171 370 1376 407 diffusiore
1426 372 1567 409 bellica

255 427 520 464 contencione
560 427 728 464 istorum
773 429 943 464 duorum
978 428 1044 477 qui
1079 429 1216 465 dicunt
1250 442 1290 465 se
1325 442 1408 465 esse
1443 443 1567 478 papas

254 485 314 521 vel
338 485 596 522 immediatos
616 486 764 522 Christi
786 486 958 523 vicarios
982 486 1060 522 iam
1086 486 1271 523 instante.
1297 489 1377 524 Nec
1401 488 1565 524 dubium

254 542 350 591 quin
390 543 500 580 radix
540 543 652 580 istius
698 543 856 580 malicie
895 544 945 580 sit
989 543 1171 580 dimissio
1217 544 1314 593 legis
1360 545 1491 581 divine
1531 554 1568 582 et

220 599 378 637 §nimia
410 601 586 638 attencio
620 603 669 638 ad
703 602 1008 639 observanciam
1034 602 1246 639 eleccionis
1271 612 1307 639 et
1331 603 1568 640 tradicionis

252 659 441 705 humane,
487 668 524 696 et
563 659 619 696 sic
663 668 747 696 tota
790 660 866 697 ista
910 659 1096 709 nequicia
1141 661 1181 697 in
1226 660 1397 698 falsitate
1442 661 1568 710 patris

254 717 453 754 mendacii
487 717 705 754 radicatur.

310 775 515 812 Succrevit
561 775 668 812 enirn
715 775 809 812 cleri
853 775 1006 813 falsitas
1046 789 1068 813 a
1112 785 1295 825 tempore
1342 776 1566 814 dotacionis

251 835 434 869 vocando
474 833 571 870 false
610 833 742 882 ipsum
785 834 1114 871 excellenciorem
1155 835 1223 883 qui
1263 836 1352 884 plus
1393 848 1464 884 per
1497 837 1566 872 do-

197 902 235 923 10
250 890 451 928 racionem
487 904 690 928 cesaream
725 905 747 928 a
780 892 928 930 Christi
961 901 1069 929 sorte
1101 894 1162 929 vel
1196 893 1422 931 ministerio
1456 895 1566 930 elon-

153 938 377 1017 ¹¹00¹bgatur
424 950 563 986 Clerus
603 946 608 1004 Ι
649 950 755 986 enim
801 952 1021 987 secundum
1061 950 1311 988 Jeronimum
1359 951 1504 988 dicitur
1544 965 1566 988 a

173 994 218 1029 ⁰9
250 1007 375 1043 cleros
413 1009 521 1056 quod
560 1017 618 1045 est
658 1021 744 1045 sors
782 1010 844 1046 vel
883 1009 1096 1055 hereditas,
1143 1009 1237 1058 quia
1278 1012 1325 1047 de
1358 1018 1466 1047 sorte
1504 1011 1565 1047 vel

250 1065 472 1102 hereditate
491 1066 655 1102 Domini
689 1075 957 1103 contentatur.
991 1067 1040 1103 Et
1072 1067 1140 1115 qui
1174 1068 1295 1104 aliam
1329 1077 1480 1106 sortem
1504 1069 1565 1105 vel

248 1123 546 1171 possessionem
595 1125 797 1173 acceperit
841 1125 967 1162 inficit
1010 1138 1159 1162 nomen
1204 1126 1312 1163 cleri.
1360 1128 1409 1163 Et
1454 1135 1564 1175 patet

196 1183 231 1215 15
248 1191 399 1230 quanta
439 1182 656 1220 multitudo
696 1183 974 1223 militancium.
1016 1183 1111 1232 quid
1150 1196 1220 1232 per
1259 1194 1432 1233 agentes,
1467 1184 1563 1234 quid

248 1252 320 1288 per
353 1240 652 1278 consencientes
685 1241 761 1278 isto
796 1242 1008 1278 mendacio
1032 1251 1089 1278 est
1113 1242 1272 1281 infecta.
1305 1245 1353 1279 Et
1382 1243 1480 1280 illud
1506 1252 1562 1279 est

247 1310 443 1335 venenum
485 1301 594 1347 quod
633 1312 703 1348 per
736 1301 912 1336 cautelas
948 1300 1098 1337 diaboli
1131 1299 1171 1337 in
1205 1300 1355 1338 Christi
1396 1301 1564 1338 ecclesia

249 1365 307 1392 est
339 1356 529 1394 infusum.
564 1360 646 1394 Nec
680 1357 846 1394 dubium
882 1357 978 1407 quin
1010 1358 1059 1395 sit
1083 1367 1165 1396 rete
1189 1372 1305 1396 suum
1330 1359 1459 1396 tocius
1484 1359 1562 1396 dis-

246 1414 443 1452 sensionis
475 1415 751 1462 seminarium,
787 1429 877 1453 cum
911 1429 1031 1453 nemo
1055 1429 1128 1465 pro
1152 1426 1258 1454 statu
1281 1418 1342 1454 vel
1367 1418 1562 1466 dignitate

190 1483 232 1505 20
248 1474 520 1524 contenderet,
553 1473 584 1510 si
616 1474 747 1511 solum
780 1475 962 1511 laborem
997 1484 1034 1511 et
1067 1475 1382 1512 sollicitudinem
1408 1475 1448 1512 in
1472 1476 1561 1524 ipso

246 1543 358 1568 more
391 1531 682 1580 discipulorum
717 1532 878 1569 Domini
912 1533 1126 1570 obtineret.

305 1591 382 1626 Ista
427 1603 521 1638 ergo
565 1599 622 1627 est
666 1591 809 1639 pedica
852 1603 1052 1628 venenosa
1096 1604 1166 1640 per
1211 1604 1331 1641 quam
1378 1592 1561 1629 diabolus

247 1647 354 1696 capit
377 1650 498 1696 pedes
516 1649 763 1697 prelatorum
789 1649 970 1696 ecclesie,
994 1659 1037 1686 ut
1061 1651 1148 1698 plus
1174 1650 1360 1687 affectent
1384 1651 1557 1688 honores

246 1707 470 1743 mundanos
516 1708 576 1743 vel
623 1708 846 1756 temporale
892 1710 1154 1745 commodum
1200 1722 1320 1757 quam
1372 1709 1558 1746 meritum

189 1764 229 1796 25
245 1763 374 1812 patrie
412 1765 472 1801 vel
509 1765 709 1813 premium
749 1765 841 1802 inde
880 1779 1062 1814 sequens.
1104 1768 1221 1812 Quod
1260 1776 1370 1816 patet
1409 1780 1452 1804 ex
1485 1769 1560 1805 hoc

245 1823 355 1870 quod
387 1823 602 1872 utrobique
634 1836 739 1873 papa
770 1825 832 1860 vel
865 1824 943 1861 alio
978 1825 1218 1862 beneficiato
1251 1839 1325 1874 pro
1358 1834 1466 1862 statu
1499 1826 1559 1862 vel

243 1880 356 1917 lucro
401 1882 687 1930 temporalium
735 1884 1002 1919 contendente
1050 1892 1086 1919 et
1132 1884 1248 1931 plene
1296 1884 1559 1921 renunciante

242 1939 533 1987 temporalibus
578 1940 619 1976 in
664 1953 827 1977 manum
875 1940 1134 1977 dominorum
1184 1942 1442 1989 secularium,
1491 1942 1558 1978 ubi

242 1998 464 2033 secundum
488 1998 615 2046 legem
637 1998 802 2035 Domini
836 2000 981 2035 debent
1015 2012 1112 2045 esse,
1148 2009 1323 2036 cessaret
1347 2000 1556 2037 dissensio.

185 2057 226 2089 30
241 2056 290 2091 Et
328 2064 464 2092 tamen
508 2056 674 2093 affeccio
711 2069 912 2094 venenosa
958 2057 1074 2093 huius
1121 2057 1460 2106 prevaricacionis
1500 2067 1558 2095 est

240 2121 353 2150 tanta
392 2115 500 2162 quod
539 2123 756 2164 antequam
803 2115 908 2151 istud
954 2115 1130 2152 facerent
1174 2116 1350 2153 sinerent
1390 2126 1426 2153 et
1466 2130 1557 2165 pro-

241 2181 428 2208 curarent
468 2173 664 2221 quotlibet
703 2173 914 2210 hominum
956 2174 1069 2222 perdi
1109 2183 1189 2210 tam
1233 2187 1401 2223 corpore
1435 2188 1556 2224 quam

240 2229 376 2266 anima
410 2230 451 2267 in
483 2232 676 2279 gehenna.

298 2290 379 2324 Nec
413 2289 579 2325 dubium
619 2290 717 2339 quin
754 2291 852 2327 tales
893 2303 974 2327 non
1012 2300 1102 2327 sunt
1135 2291 1283 2328 Christi
1314 2291 1454 2328 vicarii
1488 2293 1556 2328 sed

183 2346 223 2380 35
240 2356 522 2395 procuratores
561 2348 743 2397 precipui
777 2349 1028 2385 Antichristi.
1070 2349 1250 2386 Christus
1290 2349 1394 2386 enim
1435 2350 1556 2398 gratis

239 2417 279 2441 se
311 2405 455 2442 obtulit
488 2419 561 2454 pro
595 2406 675 2443 suis
708 2406 902 2455 apostolis
935 2416 1055 2455 atque
1089 2407 1279 2444 ecclesia:
1322 2408 1376 2455 Si,
1410 2407 1555 2457 inquit,

239 2475 299 2499 me
330 2464 502 2515 queritis,
541 2465 651 2501 sinite
688 2466 757 2501 llos
795 2466 903 2502 abire
933 2467 1021 2502 Joh.
1055 2467 1212 2516 XVIIIO‚
1248 2467 1284 2502 8.
1332 2467 1409 2503 Sed
1442 2466 1554 2503 Anti-

239 2520 410 2558 christus
443 2535 516 2570 pro
549 2523 798 2560 defendenda
833 2523 1046 2560 dotacione
1080 2533 1221 2560 contra
1244 2525 1370 2572 legem
1392 2524 1555 2561 Domini

308 2664 328 2683 1.
350 2656 392 2684 D:
420 2656 454 2684 di
480 2657 574 2684 usior.
712 2657 739 2686 8
761 2658 785 2685 Ε
805 2658 835 2685 in
847 2666 970 2713 Γ511313..
966 2668 971 2673 ·
1004 2658 1089 2685 Cleri
1097 2658 1231 2693 fvlsims
1251 2659 1374 2694 quando
1393 2660 1554 2687 succreut.

237 2699 271 2718 11.
292 2690 317 2718 E
337 2691 367 2718 in
390 2700 486 2726 marg.
498 2701 503 2718 :
527 2691 634 2719 Clerus
647 2691 772 2720 szcitur
894 2693 917 2720 Ε
930 2702 965 2735 ἢιη
990 2701 1085 2727 marg
1099 2703 1103 2708 ·
1126 2693 1166 2720 Pr
1169 2693 1238 2721 *ltca
1254 2694 1378 2721 diaboli.
1441 2700 1488 2721 20
1510 2696 1554 2721 A:

234 2725 299 2753 alio
319 2712 501 2766 beatificam.
557 2726 602 2754 28.
618 2727 686 2755 DE:
707 2736 809 2756 mmu.
828 2714 912 2761 “30
928 2727 1051 2755 31.1)E:
1074 2732 1233 2756 estcmsa.
1314 2731 1392 2756 .;Α
1414 2729 1554 2756 zelztnna.

235 2759 280 2796 37.
302 2760 344 2788 D:
365 2760 433 2788 Jolz.
454 2760 530 2788 XIV.

311 2854 361 2877 12.
389 2844 441 2877 Cf.
460 2844 566 2878 Trial.
594 2846 714 2888 Suppl.
742 2857 815 2889 cap.
836 2847 858 2887 I,
887 2858 965 2889 pag.
983 2856 1062 2889 407,
1081 2846 1160 2888 408.
1260 2849 1313 2889 34.
1341 2847 1393 2880 Cf.
1413 2847 1554 2891 Wychf,

236 2890 288 2922 De
314 2891 528 2924 Perfectione
555 2893 724 2933 Statuum,
751 2894 824 2926 Pol.
843 2894 973 2925 Works
997 2893 1077 2935 460.

1783 258 1854 306 173

1606 378 1673 407 The
1694 380 1834 408 crusadc.

1652 783 1737 812 IExffls
1757 788 1785 812 01

1611 820 1820 847 endowment.

1582 1599 1607 1626 It
1627 1599 1652 1627 is
1673 1600 1722 1627 the
1743 1600 1832 1628 dexi]
1837 1609 1850 1627 s

1663 1635 1761 1663 fettein

1579 2297 1646 2325 The
1666 2298 1766 2333 Popes
1787 2307 1837 2326 are

1606 2333 1809 2361 Amichrists.
