2062 3276
213 236 264 271 66
792 238 1016 271 JOHANle
1033 238 1219 270 WYCLIF
1240 237 1497 270 SERMONUM
1558 222 1710 281 [SERMO
1730 233 1814 261 V111.

246 356 300 383 Let
318 364 355 383 us
376 355 454 391 obey
558 348 606 383 Et
644 355 840 395 quantum
879 347 929 383 ad
968 359 1093 395 papas
1138 346 1199 382 vel
1244 345 1342 382 alios
1388 345 1562 393 prelatos
1609 355 1812 380 servemus

239 392 463 460 ρξῇξξέςᾞῇγ
501 404 626 441 eciam
651 414 860 453 tamquam
884 404 1003 440 fidem
1027 406 1135 453 quod
1158 417 1239 440 non
1261 403 1497 439 obediamus
1518 402 1579 438 vel
1602 403 1812 437 credamus

225 459 473 522 {glssglaghtffig'n
501 462 556 498 eis
587 462 663 498 nisi
697 464 744 498 de
777 471 928 510 quanto
963 462 1139 498 sonuerit
1171 461 1211 497 in
1232 460 1511 497 obedienciam
1536 459 1698 496 domino
1720 461 1811 494 Jesu

502 519 675 556 Christo.
727 521 943 567 Apostolus
987 519 1094 555 enim
1141 519 1255 555 dicit:
1300 519 1522 554 Imitatores
1571 517 1646 553 mei
1694 524 1812 552 estote

501 578 599 614 sicut
629 585 665 614 et
701 590 774 628 ego
812 577 970 623 Christi,
1015 579 1163 613 docens
1201 589 1274 624 pro
1314 576 1464 623 regula,
1511 575 1618 623 quod
1657 574 1846 610 nullum5

503 637 701 684 prelatum
754 636 945 671 debemus
997 635 1110 683 sequi
1151 634 1227 670 nisi
1274 635 1322 670 de
1369 641 1519 682 quanto
1564 632 1648 680 ipse
1695 631 1813 667 fuerit

503 703 662 730 secutus
706 694 849 729 ducem
896 701 1090 729 nostrum.
1140 692 1181 728 Si
1226 691 1331 727 enim
1377 703 1594 739 sequamur
1641 690 1815 738 prelatos

503 761 660 788 nostros
693 753 740 786 de
773 759 924 799 quanto
953 763 975 786 a
999 750 1157 786 Christo
1190 749 1260 798 qui
1293 758 1350 785 est
1380 748 1456 794 via,
1488 748 1633 785 veritas
1667 756 1704 783 et
1735 747 1812 783 vita

504 809 739 853 exorbitant,
773 817 867 845 tunc
900 807 1065 844 dimisso
1099 807 1258 844 Christo
1291 819 1554 855 sequeremur
1593 805 1813 841 diabolum.

504 868 552 903 Et
583 867 739 903 videtur
771 865 893 902 michi
927 867 1035 914 quod
1066 865 1255 913 Anglicus
1279 865 1342 901 cui
1367 867 1471 901 Deus
1495 863 1701 900 donaverit
1723 862 1815 898 fidei
1836 877 1873 897 1ο

504 924 617 961 istius
651 924 842 960 noticiam
888 933 925 959 et
956 937 1037 959 non
1069 923 1241 960 ostendit
1281 935 1369 959 eam
1408 923 1627 970 prudenter
1665 921 1815 969 populo

504 992 561 1019 est
594 984 641 1018 de
674 981 907 1030 prodicione
941 981 1012 1017 Dei
1046 991 1083 1017 et
1115 981 1242 1029 patrie
1281 982 1522 1028 arguendus,
1569 992 1659 1015 cum
1694 977 1815 1015 Isaias

505 1040 610 1076 dicat
641 1039 682 1076 in
715 1052 835 1076 causa
858 1039 1076 1076 consimili:
1110 1040 1160 1075 I'e
1182 1039 1286 1085 mihi,
1309 1039 1395 1087 quia
1419 1038 1533 1083 tacui,
1558 1046 1594 1073 et
1618 1036 1816 1073 Dominus

505 1098 599 1134 dicit
632 1097 848 1134 Ezechieli:
884 1098 1120 1148 Sanguinem
1155 1097 1239 1134 eius
1271 1097 1318 1132 de
1350 1109 1465 1131 manu
1497 1103 1562 1131 tua
1596 1095 1817 1143 requiram,-

505 1165 542 1192 et
574 1164 684 1203 patet
717 1155 933 1192 conclusio.
1837 1155 1873 1187 15

994 1280 1189 1321 SERMO
1223 1279 1329 1321 VIII.

962 1347 1099 1380 (Serm.
1132 1346 1252 1374 mixti
1283 1346 1362 1380 xv.)

564 1412 652 1448 Duo
693 1423 743 1448 ex
782 1411 979 1460 discipulis
1016 1411 1106 1446 Jeszc
1151 1410 1254 1445 ibant
1299 1410 1381 1458 ipsa
1431 1409 1491 1445 die
1535 1409 1571 1444 in
1617 1409 1816 1444 castellum

507 1471 608 1519 quod
640 1477 724 1506 erat
757 1470 792 1505 in
825 1469 955 1518 spacio
992 1469 1210 1505 stadiorum
1251 1467 1459 1517 sexaginta
1498 1467 1545 1502 ab
1582 1464 1817 1513 Jerusalem,

507 1529 657 1564 nomine
689 1528 850 1569 Emans,
885 1528 990 1562 Luce
1023 1527 1180 1571 XXIV&
1212 1526 1272 1561 13.
1836 1537 1876 1558 20

252 1594 400 1634 Needless
421 1599 451 1621 to
566 1586 687 1621 Plana
722 1594 779 1621 est
811 1584 976 1620 historia
1009 1585 1215 1632 quomodo
1247 1583 1322 1619 ista
1355 1582 1562 1630 apparicio
1595 1591 1738 1630 quarta
1778 1581 1818 1617 in

219 1629 645 1699 essfl.¹g¹¹§i}{}¹glg¹s¹⁶ordine
690 1643 763 1679 fuit
808 1643 869 1678 die
913 1642 1116 1678 dominico
1160 1641 1199 1676 in
1244 1653 1323 1689 quo
1357 1640 1539 1677 Christus
1584 1639 1751 1676 surrexit
1797 1652 1819 1675 a

314 1708 403 1726 were.
508 1701 674 1738 mortuis
699 1702 910 1742 celebrata,
945 1709 981 1736 et
1008 1699 1165 1735 videtur
1198 1711 1281 1735 esse
1314 1698 1565 1734 curiosorum
1600 1696 1819 1745 temptacio

507 1759 591 1796 sine
625 1758 828 1795 evidenci'a
861 1757 1072 1794 sufficienti
1094 1756 1296 1805 inquirere
1320 1756 1388 1805 qui
1412 1765 1523 1792 erant
1556 1755 1613 1791 illi
1636 1754 1820 1802 discipuli

510 1819 589 1853 duo
623 1816 768 1865 quibus
801 1816 874 1852 fuit
907 1816 982 1852 ista
1013 1814 1219 1863 apparicio
1253 1814 1475 1851 manifesta.
1512 1815 1613 1850 Nam
1648 1813 1820 1861 Spiritus
1838 1818 1877 1849 25

510 1877 679 1912 Sanctus
713 1887 756 1910 ex
789 1886 908 1910 causa
941 1872 1235 1909 humiliacionis
1267 1881 1401 1909 nostre
1432 1872 1492 1908 vel
1526 1884 1570 1907 ex
1602 1883 1721 1907 causa
1745 1870 1821 1906 alia

509 1933 624 1969 nobis
676 1932 879 1979 incognita
927 1933 1108 1967 moderat
1157 1930 1364 1979 quodlibet
1409 1931 1574 1966 verbum
1629 1927 1820 1976 evangelii

510 1992 730 2027 secundum
764 1989 1067 2025 distinccionem
1102 1990 1161 2025 vel
1190 1988 1465 2024 confusionem
1505 1996 1573 2023 aut
1612 1986 1709 2022 alias
1750 1986 1822 2022 cir-

511 2048 778 2085 cumstancias
811 2060 887 2096 que
920 2047 1035 2083 nobis
1073 2048 1306 2094 proderunt.
1355 2048 1447 2082 Ideo
1486 2044 1722 2082 certificanti
1755 2043 1822 2092 qui

511 2115 622 2142 erant
655 2106 710 2142 illi
743 2107 822 2141 duo
856 2105 1039 2153 discipuli
1073 2106 1337 2152 respondetur
1370 2103 1638 2140 communiter
1671 2115 1713 2138 ex
1743 2114 1822 2149 qua
1840 2108 1881 2140 30

512 2164 714 2200 evidencia
748 2163 803 2199 sic
837 2164 1030 2207 affirmat3
1065 2172 1101 2203 et
1134 2162 1165 2198 si
1194 2175 1275 2198 non
1299 2162 1346 2197 sit
1369 2162 1511 2205 valida,
1547 2160 1692 2196 dicitur
1716 2160 1823 2208 quod

512 2224 649 2258 eadem
685 2221 873 2258 facilitate
912 2220 1211 2267 contempnitur
1252 2233 1330 2268 qua
1370 2221 1575 2267 probatur.
1623 2220 1671 2253 Et
1716 2230 1823 2253 com-

514 2280 688 2315 muniter
721 2279 901 2327 queritur
935 2291 956 2314 a
988 2278 1134 2314 talibus
1158 2277 1324 2314 curiosis
1348 2277 1566 2313 deridendo
1590 2277 1637 2311 de
1660 2275 1823 2311 nomine

513 2337 620 2373 canis
649 2337 775 2373 Tobie
808 2338 868 2373 vel
901 2336 980 2372 alio
1013 2336 1127 2372 nobis
1161 2335 1365 2383 incognito
1399 2335 1440 2370 in
1474 2334 1684 2382 scriptura.
1719 2333 1823 2370 Satis

513 2407 606 2442 ergo
639 2404 696 2430 est
728 2396 836 2443 quod
870 2403 981 2430 erant
1016 2396 1094 2430 duo
1128 2393 1313 2441 discipuli
1344 2395 1448 2429 Jesu.
1483 2395 1562 2428 Nec
1595 2392 1713 2427 refert
1745 2390 1823 2427 sive
1840 2396 1880 2429 35

583 2525 602 2544 1.
624 2517 667 2544 A:
688 2517 736 2543 vel
754 2517 803 2543 ad.
875 2525 904 2549 4.
926 2518 954 2543 A
975 2517 1004 2543 111
1026 2524 1141 2549 marg:
1162 2516 1185 2543 Ι.
1207 2516 1278 2543 Cor.
1300 2515 1349 2543 XI.
1424 2522 1460 2542 12.
1484 2514 1523 2542 E:
1545 2517 1631 2541 est*
1646 2512 1826 2548 arguendus

513 2552 607 2578 deest.
672 2551 709 2578 11³.
730 2551 770 2578 E:
793 2559 883 2578 causa
901 2551 1025 2578 scilicet.
1089 2552 1124 2579 15.
1147 2551 1189 2578 D:
1209 2551 1358 2581 seclusim·
1377 2550 1404 2577 I:
1427 2553 1482 2576 etc.
1548 2557 1588 2576 ιο.
1610 2550 1638 2575 A
1659 2551 1687 2575 in
1710 2556 1822 2583 marg:

514 2586 621 2613 Sermo
646 2585 711 2612 VIII
720 2596 730 2617 ,·
751 2588 773 2613 l)
795 2587 825 2612 111
847 2594 961 2619 marga
984 2585 1013 2612 6,
1041 2584 1134 2612 Fet-ia
1152 2587 1294 2612 secunda.
1367 2592 1406 2612 21.
1428 2586 1451 2611 h
1471 2585 1500 2611 111
1523 2591 1636 2617 marg:
1658 2582 1824 2618 Apparicio

517 2620 631 2648 Christi
648 2623 758 2655 quarm
774 2623 846 2655 post
864 2620 1135 2647 resurreccionem.
1191 2627 1233 2646 22.
1249 2621 1296 2647 A:
1318 2620 1348 2646 in
1369 2620 1461 2646 deest.
1518 2626 1564 2651 24.
1580 2620 1622 2646 25.
1643 2617 1671 2645 1:
1691 2618 1736 2644 1171'
1753 2617 1823 2643 dno.

514 2656 559 2682 26.
580 2656 626 2682 vel
646 2663 683 2682 ex
702 2663 813 2687 causa‚-
838 2656 881 2682 A:
910 2655 957 2681 vel
975 2655 1044 2682 inco
1067 2655 1115 2685 112:
1144 2654 1171 2681 I:
1199 2655 1245 2681 νο]
1263 2655 1325 2680 alia
1345 2654 1440 2680 nobis.
1531 2661 1574 2688 27.
1597 2653 1623 2680 I:
1645 2652 1823 2679 moderavit.

514 2691 560 2717 28.
581 2691 624 2716 A:
646 2689 687 2716 ad
704 2692 791 2716 alias.
866 2688 908 2716 32.
930 2691 974 2716 A:
1003 2689 1105 2716 eadem
1116 2689 1273 2725 salsitate.

579 2772 612 2802 4.
639 2761 661 2792 1.
689 2761 768 2792 Cor.
794 2761 848 2800 XI,
874 2771 899 2792 1.
1054 2770 1103 2791 12.
1130 2760 1172 2791 Is.
1190 2760 1246 2799 VI,
1276 2759 1304 2791 5.
1458 2760 1507 2792 1¹3.
1534 2760 1594 2790 ΕΖ.
1620 2758 1766 2797 XXXIII,
1793 2756 1824 2788 8.

520 2807 570 2838 18.
591 2808 718 2849 Gospel
739 2807 790 2838 for
807 2808 928 2838 Easter
942 2807 1106 2849 Monday.
1181 2816 1233 2845 21,
1251 2815 1303 2836 22.
1323 2805 1375 2836 Cf.
1390 2806 1499 2837 Serm.
1515 2806 1602 2836 Part.
1618 2805 1640 2839 Ι,
1660 2814 1737 2846 pag.
1752 2803 1824 2845 167.

517 2856 570 2894 34.
598 2853 650 2885 Cf.
677 2854 727 2884 De
752 2853 857 2892 Eccl.,
882 2863 961 2895 pag.
989 2852 1065 2894 276.
