2062 3276
220 903 257 924 10

220 1181 256 1213 15

220 1484 260 1505 20

222 1765 261 1797 25

266 257 401 287 SERMO
425 247 545 301 var]
745 255 937 296 QUARTA
965 254 1090 285 PARS,

269 367 465 403 horrende
518 364 743 413 asperitatis
793 363 832 399 in
884 361 1068 398 iehenna.
1123 358 1406 396 Custodiamus
1462 358 1581 405 igitur

268 437 405 462 sensus
438 433 595 460 nostros
629 435 650 459 a
682 419 930 469 voluptuosis
964 417 1202 461 excessibus,
1250 415 1344 465 quia
1389 415 1445 451 illi
1491 424 1582 451 sunt

269 484 438 520 fenestre
471 495 541 530 per
574 493 672 529 quas
705 480 827 516 intrat
860 485 1086 526 peccatum,
1126 475 1276 512 scilicet
1310 487 1416 511 mors
1451 473 1584 510 anime

269 551 389 589 atque
434 541 629 577 diabolus.
683 540 797 575 Unde
841 537 890 572 ad
937 535 1190 571 innitendum
1245 533 1349 569 dicte
1403 531 1584 568 custodie

271 601 462 637 habemus
507 598 733 645 exemplum
780 594 988 642 multiplex
1022 593 1062 629 in
1094 601 1250 637 natura,
1298 590 1429 639 primo
1475 591 1583 637 quod

270 670 409 695 omnes
442 669 579 694 sensus
613 656 760 692 habent
794 653 937 701 duplex
970 664 1165 699 organum
1198 659 1240 686 ut
1272 649 1391 694 visus,
1426 648 1585 684 auditus

272 726 307 753 et
339 716 509 752 olfactus
542 715 689 750 habent
735 712 1047 748 instrumentum
1091 711 1272 746 dextrum
1308 717 1345 744 et
1377 706 1583 743 sinistrum

272 776 320 811 ad
354 774 630 810 denotandum
665 772 772 820 quod
813 771 1004 806 debemus
1044 766 1315 816 equanimiter
1346 778 1417 802 nos
1451 776 1586 812 gerere

272 832 312 868 in
346 831 551 880 prosperis
592 839 628 867 et
661 830 700 865 in
734 828 922 866 adversis.
976 829 1023 863 Et
1061 826 1116 862 sic
1162 827 1209 862 de
1253 823 1403 873 duplici
1449 823 1585 871 palato

272 890 364 935 oris,
400 892 447 926 de
479 889 608 926 nervis
641 896 771 925 tactus
805 895 841 923 et
876 885 1009 922 medio
1042 884 1186 921 carnis.

330 951 441 994 Item,
476 949 583 984 solus
614 948 735 983 homo
760 947 807 981 de
841 956 1010 980 numero
1044 941 1280 979 animalium
1315 941 1434 977 habet
1468 948 1588 987 caput

273 1016 449 1043 erectum
484 1007 533 1042 ad
567 1005 709 1050 celum,
755 1013 796 1040 ut
836 1002 980 1039 dicitur
1013 1002 1134 1037 XXIV
1167 1002 1214 1036 de
1248 998 1503 1043 animalibus,
1539 998 1588 1033 ad

274 1067 348 1101 hoc
381 1074 424 1101 ut
456 1064 550 1100 illuc
590 1064 727 1100 tendat
766 1073 903 1099 sensus
935 1060 995 1096 sui
1035 1058 1212 1097 intencio
1257 1067 1293 1094 et
1331 1070 1411 1093 non
1444 1064 1486 1092 ut
1520 1057 1590 1092 bos

277 1123 491 1160 inclinetur
525 1121 715 1159 continue
748 1121 798 1157 ad
831 1129 1002 1156 terrena.

333 1183 444 1227 Item,
478 1193 618 1217 omnes
651 1191 788 1216 sensus
821 1178 1040 1214 fundantur
1069 1175 1108 1211 in
1132 1174 1276 1223 capite,
1311 1175 1361 1210 ad
1394 1173 1590 1209 denotan-

276 1242 370 1276 dum
405 1240 513 1288 quod
547 1238 718 1286 regulari
753 1238 897 1273 debent
930 1235 970 1271 in
1004 1234 1135 1282 capite
1168 1232 1354 1277 racionis,
1395 1231 1450 1267 sic
1484 1230 1589 1267 enim

274 1298 380 1334 visus
404 1298 594 1333 fundatur
616 1296 657 1332 in
681 1294 873 1333 anteriori
898 1293 1038 1342 capitis
1062 1301 1104 1328 ut
1128 1301 1336 1339 tamquam
1362 1289 1592 1338 speculator

275 1357 521 1404 speculando
569 1368 614 1391 ac
662 1354 919 1402 procurando
971 1363 1164 1400 prospera
1209 1351 1258 1386 ad
1303 1347 1507 1385 anteriora
1552 1359 1592 1383 se

277 1423 493 1451 convertat.
539 1413 710 1449 Auditus
743 1424 837 1448 vero
877 1411 916 1446 in
951 1409 1082 1446 medio
1116 1417 1159 1444 ut
1193 1408 1291 1444 fides
1336 1419 1412 1455 que
1452 1415 1509 1442 est
1549 1417 1592 1441 ex

277 1472 416 1510 auditu
440 1473 628 1508 fundetur
651 1471 691 1507 in
716 1469 904 1519 presenti,
939 1467 1130 1516 preterito
1165 1475 1202 1503 et
1229 1466 1377 1501 futuro.
1412 1465 1592 1501 Olfactus

277 1533 348 1567 sub
381 1530 508 1567 oculis
542 1531 739 1566 ambobus
772 1527 812 1564 in
845 1526 957 1573 facie,
993 1527 1043 1563 ad
1077 1525 1350 1562 denotandum
1385 1524 1494 1571 quod
1528 1523 1593 1558 de-

278 1592 417 1626 bemus
463 1590 510 1625 de
556 1588 663 1624 fama
717 1598 856 1624 curare
910 1597 985 1634 que
1039 1597 1111 1632 pro
1165 1592 1344 1631 tempore
1398 1580 1594 1630 presentis

279 1647 437 1684 miserie
479 1646 605 1695 vergit
649 1647 699 1682 ad
743 1657 893 1681 nomen
941 1644 1072 1680 future
1118 1641 1256 1690 glorie.
1307 1641 1455 1676 Gustus
1499 1651 1593 1675 vero

278 1705 538 1743 absconditur
571 1705 611 1741 in
644 1716 726 1750 ore,
761 1705 811 1740 ad
843 1702 1120 1739 denotandum
1151 1701 1260 1748 quod
1287 1699 1478 1736 debemus
1503 1710 1595 1734 con-

277 1763 463 1813 templari
509 1762 742 1800 abscondite
788 1760 1042 1797 dulcedinem
1079 1758 1234 1795 celestis
1268 1757 1418 1806 patrie;
1464 1765 1595 1793 tactus

278 1836 372 1860 vero
406 1821 641 1858 diffunditur
673 1820 713 1857 in
745 1829 831 1857 toto
865 1831 1033 1867 corpore
1072 1826 1281 1865 tamquam
1327 1828 1466 1852 sensus
1508 1815 1595 1863 plus

280 1880 529 1918 necessarius
562 1881 612 1916 ad
646 1880 872 1915 docendum
906 1889 978 1913 nos
1012 1877 1120 1925 quod
1155 1877 1347 1911 debemus
1381 1872 1597 1921 cogitando

282 1942 329 1976 de
362 1941 446 1975 Deo
491 1939 660 1975 salutem
707 1945 885 1973 nostram
931 1935 1137 1971 intendere
1177 1933 1217 1969 in
1251 1931 1403 1969 cunctis
1449 1930 1596 1968 nostris

281 1997 483 2046 operibus
517 1995 641 2032 Aliter
674 1995 778 2032 enim
812 2007 894 2031 non
927 1992 1120 2030 sentimus
1155 1993 1201 2028 de
1236 1991 1400 2027 domino
1423 1990 1463 2026 in
1486 1989 1598 2026 boni-

225 2057 241 2088 3
283 2066 376 2092 tate.
424 2053 660 2103 Increpandi
705 2053 842 2101 itaque
887 2065 1022 2089 sumus
1067 2049 1402 2095 inexcusabiliter,
1444 2048 1475 2084 si
1508 2056 1598 2096 post

283 2123 436 2151 tantam
478 2112 704 2150 doctrinam
739 2120 882 2148 nature
915 2123 995 2147 non
1029 2108 1239 2157 dirigimus
1272 2119 1409 2144 sensus
1441 2115 1600 2143 nostros

284 2171 545 2210 conformiter
566 2171 643 2219 legi
668 2170 753 2216 Dei,
788 2183 877 2206 cum
903 2168 1034 2217 primo
1068 2166 1208 2204 invitat
1231 2178 1371 2203 omnes
1395 2174 1599 2202 creaturas

285 2231 505 2267 racionales
528 2231 577 2266 ad
612 2241 752 2266 cenam
786 2227 1009 2277 predictam
1044 2224 1280 2262 naturaliter
1313 2224 1599 2272 appetendum.

285 2289 469 2326 Secundo
501 2297 615 2325 vocat
648 2287 802 2323 desides
841 2299 911 2335 per
945 2285 1216 2333 predicatores
1256 2295 1361 2328 SUOS,
1397 2283 1600 2318 hortantes

228 2348 261 2380 3>
284 2347 474 2384 vocaliter
506 2348 555 2383 ad
589 2345 707 2382 finem
749 2345 860 2381 illum
906 2345 1127 2381 secundum
1167 2343 1293 2390 legem
1328 2340 1600 2388 evangelicam

286 2406 577 2454 exequendum,
623 2413 659 2440 et
691 2403 816 2440 tercio
860 2401 1051 2451 relinquit
1091 2401 1131 2437 in
1170 2400 1224 2437 eis
1269 2398 1510 2447 exemplaria
1543 2410 1601 2434 se—

287 2465 463 2500 cundum
505 2472 668 2499 naturas
709 2471 862 2499 creatas
895 2461 934 2497 in
967 2460 1111 2509 quibus
1144 2459 1278 2495 videre
1316 2467 1484 2507 possunt
1522 2469 1601 2505 quo

357 2608 364 2626 1
398 2606 423 2626 2.
446 2598 488 2638 Gt:
515 2598 616 2638 {estur
633 2606 782 2637 gressum
809 2597 850 2624 H:
873 2605 1008 2636 gressus.
1079 2632 1082 2635 ι
1102 2603 1125 2622 2.
1149 2597 1188 2621 A:
1217 2594 1417 2634 e.15c1essubus,·
1440 2593 1487 2620 ib.
1510 2593 1604 2628 quia:

286 2620 580 2696 gglffdieqiileesltm’.
607 2632 727 2694 ἓᾋῖὶη
744 2632 824 2694 rim}
846 2634 1062 2694 liti'dl’lylyitras’i'
1078 2631 1122 2692 lbI.)
1134 2631 1320 2691 ·pi':t'siiii·llg5et
1340 2628 1464 2690 (legesis).
1493 2627 1602 2689 staffili-2

287 2704 385 2731 miter.
461 2690 509 2730 12.ι
522 2689 594 2730 DG:
611 2689 663 2729 ,iv
684 2675 942 2735 depfflu·,‚m‘{fbu3“;
968 2689 1038 2728 l't'de
1057 2677 1162 2736 i‘iifrsi:
1188 2700 1231 2727 H:
1260 2684 1335 2725 Xit'.
1394 2671 1521 2725 18.Ᾰᾳ
1537 2705 1603 2732 spe-

287 2738 389 2765 uvido
410 2746 465 2770 ac,·
490 2738 532 2764 D:
559 2740 659 2773 alque.
773 2745 819 2765 20.
843 2737 865 2764 s)
890 2737 918 2764 in
942 2745 1055 2772 marga
1085 2735 1254 2771 Olofactus.
1371 2741 1412 2760 22.
1434 2733 1479 2760 A:
1498 2732 1602 2767 same.

288 2782 334 2809 24,
356 2772 396 2800 25.
418 2772 616 2800 absconditur
636 2788 667 2791 —
688 2772 894 2808 contemplari
912 2772 1010 2798 twice.
1085 2769 1130 2797 30.
1152 2770 1194 2797 D:
1216 2769 1300 2805 quod
1313 2771 1394 2803 post.

364 2855 413 2876 12.
441 2845 653 2884 Aristoteles,
680 2844 731 2875 De
758 2843 965 2875 animalibus
991 2843 1070 2874 hist.
1098 2843 1120 2882 1,
1147 2841 1193 2881 ¹5,
1212 2840 1290 2882 468.
1319 2840 1370 2872 Cf.
1389 2840 1603 2881 Trialogum,

290 2902 367 2934 Pag-
394 2901 449 2934 94·

1646 1176 1713 1204 The
1735 1184 1841 1203 senses

1661 1211 1771 1238 should
1794 1212 1829 1238 be

1660 1245 1777 1281 subject
1799 1251 1828 1273 to

1684 1289 1803 1308 reason.
