2062 3276
256 261 277 296 4
827 272 1050 309 JOHANNIS
1069 278 1253 315 WYCLIF
1272 284 1527 322 SERMONUM
1654 281 1805 341 [sermo
1827 297 1849 326 1.

540 374 712 411 tenciam
759 390 802 414 ex
847 381 1079 421 testimonio
1113 388 1333 429 Trinitatis.
1387 396 1482 433 Vult
1525 408 1660 438 autem
1714 405 1847 444 dicere

266 430 366 458 There
387 433 446 460 will
470 435 504 461 be
539 433 646 478 quod
681 437 853 482 apostoli
887 439 1062 479 viventes
1096 444 1135 480 in
1169 447 1502 492 tribulacionibus
1543 468 1633 506 post
1673 472 1844 501 mortem

250 473 455 529 ,ζῖξυξᾞὲξξὲζ
475 471 523 532 1⁰0¹,
539 489 685 526 Christi
719 501 756 529 et
801 494 936 533 fideles
980 499 1154 539 viventes
1200 516 1290 553 post
1335 511 1622 553 extinccionem
1667 520 1844 559 veritatis

311 536 461 605 ῑξζξηξζῖξζξῑ
537 549 761 596 evangelice
806 562 844 589 et
888 559 1217 603 persecucionem
1251 566 1500 617 Antichristi,
1546 573 1616 620 illi,
1662 576 1841 627 inquam,

420 604 427 608 “
535 604 602 652 qui
635 606 770 644 vivunt
804 610 844 648 in
876 612 953 650 illis
988 617 1143 655 duobus
1183 625 1434 671 temporibus
1479 640 1516 666 et
1559 643 1650 670 sunt
1695 637 1875 674 residui5

533 672 623 709 post
646 665 932 708 tribulaciones
966 674 1174 725 plurimas,
1209 680 1301 717 licet
1332 686 1463 733 pauci,
1497 702 1578 726 non
1609 695 1841 739 prevenient

531 719 571 755 in
604 726 903 765 resurreccione
938 731 1047 768 finali
1093 747 1160 772 eos
1193 738 1259 786 qui
1300 751 1391 779 ante
1434 744 1542 793 ipsos
1577 750 1838 801 dormierant,

530 790 619 815 cum
665 794 804 820 omnes
849 785 888 822 in
933 788 1015 826 ictu
1059 794 1165 829 oculi
1210 809 1418 847 resurgent
1462 812 1543 841 tam
1590 808 1684 845 boni
1717 824 1836 859 quam

529 837 636 874 mali.
671 840 711 876 Si
746 842 851 879 enim
886 857 928 881 ex
963 848 1158 897 dignitate
1192 867 1361 901 persone
1395 861 1557 899 deberet
1590 870 1836 907 resurreccio

527 897 746 943 prevenire,
781 913 987 951 nunquam
1021 909 1173 946 veniret
1205 914 1265 949 vel
1310 915 1430 954 nimis
1470 932 1747 969 expectaretur
1777 941 1836 964 re-
1856 943 1894 964 10

525 955 728 992 surreccio
752 960 1034 1010 prescitorum‚
1070 970 1178 1015 quod
1202 971 1303 1008 foret
1327 985 1467 1014 contra
1491 980 1833 1026 glorificacionem

524 1011 690 1049 ecclesie
735 1019 843 1063 quod
889 1028 971 1056 tam
1017 1023 1083 1060 diu
1129 1038 1337 1076 expectent
1381 1036 1430 1070 ad
1470 1038 1629 1084 plenam
1664 1042 1832 1080 beatitu-

523 1067 655 1106 dinem
682 1071 721 1107 in
744 1075 876 1121 patria
908 1078 947 1114 in
973 1081 1046 1117 hac
1078 1085 1179 1121 valle
1213 1087 1370 1126 miserie
1402 1106 1476 1140 pro
1509 1106 1624 1143 gente
1657 1108 1737 1136 tam
1773 1115 1833 1138 re-

522 1128 659 1172 proba.
713 1131 813 1168 Cum
860 1144 992 1173 autern
1039 1153 1121 1177 non
1166 1145 1324 1183 deficiet
1365 1149 1403 1185 in
1437 1153 1596 1190 Christo
1629 1159 1830 1206 potencia,

520 1193 630 1230 patet
663 1191 769 1235 quod
804 1194 1018 1244 utrobique
1051 1198 1089 1234 in
1123 1206 1424 1244 resurreccione
1470 1211 1578 1248 finali
1624 1215 1698 1251 erit
1738 1230 1831 1253 con-
1853 1223 1887 1254 15

519 1241 702 1281 formitas
754 1249 926 1295 racioni3
981 1253 1071 1292 ideo
1126 1259 1221 1296 dicit
1266 1265 1485 1311 Apostolus
1530 1273 1707 1318 quoniam
1751 1276 1832 1324 ipse

518 1299 710 1339 Dominus
741 1305 777 1341 in
811 1307 915 1344 iussn
949 1319 983 1347 et
1018 1314 1054 1349 in
1089 1328 1179 1352 voce
1209 1321 1443 1373 archangeli
1485 1335 1520 1362 et
1564 1329 1600 1364 in
1633 1332 1722 1367 tuba
1755 1333 1833 1370 Dei

516 1358 717 1397 descendet
750 1365 796 1399 de
827 1367 919 1405 celo.

225 1414 497 1447 HowChristwill
572 1417 702 1455 Causa
735 1431 868 1459 autem
915 1426 1090 1466 efficiens
1134 1431 1315 1472 iudicans
1361 1447 1398 1474 et
1438 1453 1723 1483 consummans
1770 1460 1827 1486 est

312 1460 410 1480 come.
514 1474 700 1513 dominus
742 1481 853 1517 Jesus
899 1485 1081 1524 Christus
1127 1491 1193 1538 qui
1240 1494 1471 1534 humanitus
1517 1502 1731 1541 descendet
1778 1509 1825 1544 de
1843 1522 1885 1543 20

513 1531 598 1568 celo
631 1536 680 1570 ad
714 1536 847 1575 locum
882 1541 986 1578 inter
1018 1553 1166 1583 terram
1203 1559 1238 1586 et
1272 1564 1404 1590 aerem
1434 1552 1439 1609 J
1469 1571 1586 1606 quem
1611 1561 1685 1598 sibi
1710 1574 1823 1612 apta·
1840 1559 1923 1621 1:0¹2

511 1589 623 1626 verit.
665 1593 775 1630 Sicut
808 1597 912 1634 enim
949 1602 1130 1641 Christus
1164 1610 1343 1646 ascendit
1376 1611 1415 1648 in
1449 1627 1630 1665 corpore,
1668 1620 1722 1657 ita
1755 1624 1821 1660 de·
1840 1614 1900 1648 ²9¹

509 1650 671 1685 scendet
706 1651 877 1691 finaliter
910 1667 946 1693 et
979 1664 1167 1700 ascendet
1201 1669 1258 1710 (ut
1290 1678 1399 1716 patet
1418 1673 1503 1708 Act.
1540 1677 1551 1711 I
1586 1685 1622 1712 et
1652 1680 1818 1718 Matthei

510 1705 683 1752 XXIVO).
719 1711 817 1747 Cum
854 1724 987 1752 autem
1024 1718 1107 1766 ipse
1142 1723 1336 1761 Dominus
1369 1728 1419 1764 sit
1453 1732 1622 1770 duarum
1657 1747 1818 1776 natura-

508 1775 594 1798 rum
641 1774 810 1816 utraque
849 1781 886 1807 et
926 1774 980 1810 sic
1019 1779 1183 1815 verbum
1225 1784 1385 1821 Domini
1431 1801 1510 1836 quo
1556 1792 1628 1828 celi
1670 1794 1873 1833 firmati25

508 1830 597 1856 sunt
632 1832 668 1859 et
702 1833 784 1862 tota
826 1830 1062 1870 universitas
1108 1848 1255 1886 creata,
1303 1845 1558 1884 manifestum
1606 1860 1663 1887 est
1708 1857 1814 1902 quod

508 1877 543 1912 in
577 1880 718 1918 virtute
750 1885 891 1923 iussiva
926 1891 1139 1930 descendet
1174 1909 1262 1933 cum
1299 1903 1462 1950 angelis,
1497 1906 1533 1942 in
1568 1920 1657 1945 voce
1680 1921 1812 1949 autem

508 1937 742 1989 archangeli
772 1947 1066 1990 preconizantis
1100 1955 1314 1993 adventum
1340 1961 1486 1998 Christi
1521 1966 1722 2004 descendet
1754 1982 1813 2006 se-

213 1992 478 2034 Thetrrimpetis
504 1996 648 2042 cundo,
695 2008 732 2034 et
772 2003 895 2039 tercio
940 2006 975 2041 in
1021 2010 1108 2045 tuba
1156 2013 1233 2049 Dei
1274 2029 1393 2063 quam
1439 2033 1520 2058 non
1565 2026 1685 2062 credo
1729 2040 1812 2065 esse

237 2033 462 2093 ssfflfflenfflfflg
502 2053 637 2089 tubam
674 2059 930 2107 metallicam,
977 2077 1066 2102 curn
1113 2082 1193 2106 non
1240 2084 1355 2110 erunt
1396 2085 1489 2115 tunc
1524 2081 1644 2119 mixta
1677 2085 1811 2122 huius·
1828 2092 1869 2124 30

264 2099 430 2129 melu-ist.
502 2111 623 2157 modi,
658 2116 725 2150 sed
759 2129 896 2155 vocem
933 2123 1079 2160 Christi
1125 2130 1245 2165 credo
1291 2144 1376 2169 esse
1422 2135 1530 2173 illam
1576 2142 1713 2178 tubam
1759 2147 1808 2180 ad

499 2167 609 2204 cuius
642 2169 857 2220 imperium
906 2192 1045 2217 omnes
1090 2184 1272 2223 homines
1318 2202 1431 2228 erunt
1476 2194 1515 2230 in
1561 2209 1634 2234 suo
1667 2201 1808 2239 ordine

496 2230 747 2275 congregati3
782 2236 889 2281 quod
923 2237 1136 2285 figuratum
1171 2253 1229 2280 est
1249 2247 1442 2286 Johannis
1466 2253 1528 2299 XI,
1563 2259 1724 2303 quando
1757 2262 1805 2296 ad

496 2283 714 2323 clamorem
751 2291 897 2328 Christi
931 2309 1011 2343 quo
1045 2298 1159 2336 dixit:
1195 2303 1350 2356 Lagare
1382 2310 1609 2359 venisoras
1642 2315 1805 2363 spiritus

495 2340 576 2376 eius
609 2342 649 2380 in
682 2345 807 2384 limbo
839 2351 1046 2391 vivificans
1080 2370 1226 2407 corpus
1265 2375 1379 2400 suum
1427 2367 1669 2408 miraculose
1714 2375 1804 2412 exiit
1820 2381 1860 2413 35

494 2399 541 2434 de
573 2403 771 2449 sepulcro.
814 2408 881 2445 Ille
916 2423 1008 2459 ergo
1043 2415 1109 2463 qui
1143 2416 1199 2454 sic
1233 2422 1378 2458 meruit
1411 2424 1474 2461 hic
1507 2426 1547 2463 in
1578 2429 1640 2466 via
1674 2432 1802 2469 domi-

492 2457 623 2494 native
657 2460 808 2500 iubebit
843 2477 1025 2506 mortuos
1058 2474 1241 2513 ordinate
1271 2491 1489 2529 resurgere,
1523 2486 1616 2533 quia
1641 2490 1800 2528 Psalmo

492 2515 650 2552 LXVIIO
683 2521 890 2561 scribitur:
931 2527 1051 2565 Dabit
1084 2533 1167 2568 voci
1195 2547 1262 2571 sne
1295 2550 1422 2575 vocem
1458 2542 1631 2591 virtutis;
1674 2556 1710 2583 et
1743 2548 1798 2586 sic

490 2574 757 2618 probabiliter
790 2579 1026 2632 intelligitur
1059 2589 1262 2629 Christum
1308 2595 1428 2634 fuisse
1472 2599 1584 2637 illum
1629 2606 1797 2643 archan-

499 2726 504 2731 *
557 2695 580 2722 5.
601 2697 645 2724 A:
667 2699 697 2725 in
719 2700 812 2728 deest.
887 2712 915 2740 9,
932 2714 973 2739 10,
990 2715 1024 2735 ιι.
1045 2714 1256 2747 resurrexim
1276 2717 1319 2744 A:
1342 2722 1413 2746 reto.
1487 2722 1582 2755 15,16.
1604 2724 1642 2753 F:
1664 2731 1709 2754 est
1727 2736 1794 2756 con-

483 2728 637 2760 sormt'las.
693 2741 732 2761 21.
750 2736 793 2762 A:
815 2737 844 2764 in
866 2741 990 2768 terram.
1046 2751 1091 2779 27,
1112 2746 1156 2773 28.
1178 2747 1217 2775 F:
1239 2757 1304 2777 cum
1324 2755 1448 2789 angelis
1467 2772 1499 2776 —-
1518 2758 1681 2790 descendet
1699 2762 1793 2791 deest.

485 2770 530 2793 20.
553 2764 648 2793 Cod.:
676 2775 741 2794 cum
762 2771 853 2800 tuba:
879 2774 919 2800 ib.
939 2777 983 2803 A:
1011 2785 1077 2805 esse
1096 2780 1189 2808 deest.
1268 2784 1314 2812 30.
1335 2788 1380 2815 A:
1407 2791 1496 2818 mt'xli
1511 2792 1611 2821 huius.
1685 2795 1727 2831 37.
1750 2798 1789 2825 F:

483 2794 597 2826 videbit
613 2805 758 2830 mortuos.
830 2806 876 2836 38.
899 2808 1015 2839 Codd.:
1036 2813 1148 2842 Psalm.
1169 2816 1256 2845 LVII.

557 2881 605 2914 16.
626 2884 647 2915 I.
663 2884 785 2920 Thess,
802 2889 857 2929 IV,
878 2893 927 2924 15.
1001 2895 1053 2937 34.
1070 2898 1146 2930 Joh.
1165 2901 1219 2941 XI,
1236 2904 1292 2943 43.
1368 2906 1420 2940 38.
1438 2909 1565 2943 Psalm.
1587 2913 1717 2955 LXVII,
1738 2916 1790 2957 ⁴34.
