2062 3276
256 1186 315 1215 We
336 1187 445 1214 should

231 1224 334 1259 orgix‘e
355 1227 382 1249 at
405 1230 489 1249 once.

223 2004 280 2032 we
301 2003 397 2031 admit
417 2001 487 2033 this,

234 2042 284 2067 but
305 2039 344 2066 do
366 2041 418 2078 not
438 2042 485 2063 act

316 2082 354 2101 011
377 2078 407 2100 lt.

797 309 1020 340 JOHANNIS
1041 308 1225 340 WYCLIF
1246 308 1500 339 SERMONUM
1531 291 1682 350 [SERMO
1705 303 1811 332 LVIII.

501 416 609 451 nium
659 415 808 451 diaboli
853 424 889 451 et
934 415 1102 463 peccati.
1147 415 1273 451 Aliter
1319 414 1422 450 enim
1469 415 1810 451 venumdarentur

502 473 637 510 omnia
670 473 744 510 ista
768 475 882 522 plene
915 473 954 510 in
987 474 1197 510 iehennam
1236 472 1397 509 diabolo
1433 472 1712 520 mancipanda,
1745 473 1811 508 sed

503 531 760 568 recidivando
794 545 815 568 a
849 531 1023 568 Domino
1057 531 1248 580 exigimus
1289 530 1502 567 crudeliter
1535 543 1611 579 que
1643 530 1682 565 in
1714 530 1812 566 facie

502 590 666 626 ecclesie
699 599 789 626 sunt
829 590 942 626 nobis
983 590 1115 626 debita
1155 599 1190 626 et
1231 589 1354 625 livore
1393 588 1567 625 vindicte
1606 587 1814 636 prosequi-

504 661 591 684 mur
625 657 765 684 contra
804 648 918 684 nobis
959 647 1208 684 iniuriantes.
1256 649 1347 683 Ideo
1388 646 1593 683 conclusio
1627 645 1847 683 Veritatis}

503 715 559 742 est
600 707 707 754 quod
743 708 847 742 Deus
884 706 1127 742 vindicando
1167 704 1292 752 exiget
1332 718 1352 742 a
1391 705 1508 741 nobis
1541 704 1624 740 sine
1664 703 1815 740 miseri-

503 764 640 800 cordia
673 763 911 800 salvacionis
945 764 1105 812 plenam
1141 763 1493 811 dampnacionem.
1531 761 1815 799 Irracionabile

503 822 665 870 quidem
689 822 790 858 foret
823 823 931 870 quod
956 821 1127 858 finaliter
1150 820 1473 858 inmisericordes
1498 819 1815 857 misericordiam

504 879 733 916 huiusmodi
760 888 1072 928 consequantur.
1107 881 1199 915 Ideo
1225 879 1481 916 manifestum
1515 888 1572 915 est
1595 880 1703 927 quod
1727 878 1817 914 talis

504 950 637 975 servus
682 950 857 986 nequam
907 950 950 974 ex
997 950 1183 974 mensura
1229 950 1348 986 quam
1398 946 1601 973 mensurat
1645 936 1733 973 aliis
1778 948 1875 972 seio

504 997 633 1045 ipsum
668 995 832 1032 iudicat.
874 997 989 1032 Unde
1021 1005 1202 1033 servatur
1243 995 1499 1032 concorditer
1531 996 1579 1031 de
1613 993 1817 1030 communi

505 1053 698 1102 religione
732 1053 950 1090 christiana
984 1056 1091 1102 quod
1125 1053 1293 1102 quilibet
1325 1053 1499 1090 offensus
1532 1051 1644 1090 fratri
1677 1052 1817 1088 saltem

506 1113 544 1148 in
578 1112 748 1149 articulo
783 1112 923 1149 mortis
957 1112 1135 1149 remittat
1169 1111 1256 1148 sibi.

563 1172 618 1206 Ex
667 1183 746 1218 quo
794 1170 973 1219 sequitur
1019 1171 1125 1219 quod
1173 1170 1212 1206 in
1258 1169 1391 1206 media
1434 1169 1511 1206 vita
1558 1177 1594 1205 et
1639 1168 1819 1216 quando-

507 1241 664 1277 cunque
697 1228 753 1264 sic
783 1228 856 1264 sibi
891 1228 1108 1264 offenditur
1142 1229 1257 1264 debet
1289 1229 1361 1263 sub
1391 1240 1493 1276 pena
1527 1226 1681 1275 peccati
1714 1238 1819 1262 mor-
1841 1232 1875 1263 15

506 1286 596 1323 talis
630 1286 703 1322 sibi
738 1286 956 1322 remittere.
1003 1287 1202 1322 Probatur
1234 1286 1308 1322 sic:
1345 1285 1522 1331 Quilibet
1556 1294 1713 1321 tenetur
1747 1285 1818 1319 sub

508 1357 609 1392 pena
642 1344 797 1393 peccati
841 1343 1021 1380 mortalis
1053 1345 1217 1380 fratrem
1251 1357 1366 1379 suum
1402 1342 1608 1380 caritative
1642 1342 1819 1389 diligere,

508 1404 615 1451 quod
655 1412 852 1451 repugnat
892 1402 1089 1450 appetitui
1133 1401 1396 1438 vindiccionis
1437 1401 1569 1448 livide,
1616 1413 1709 1448 ergo
1749 1409 1821 1436 etc.

510 1462 623 1497 Unde
647 1460 814 1497 Matthei
838 1460 923 1504 VIO,
956 1470 998 1496 12
1035 1460 1074 1496 in
1099 1459 1299 1508 peticione
1323 1459 1461 1508 quinta
1485 1461 1678 1496 docemur
1707 1470 1822 1494 orare

508 1520 615 1567 quod
640 1521 745 1556 Deus
779 1517 947 1556 dimittat
973 1518 1078 1555 nobis
1101 1518 1225 1554 debita
1249 1526 1397 1565 nostra,
1420 1518 1517 1554 sicut
1540 1525 1575 1554 et
1606 1529 1674 1552 nos
1697 1516 1821 1552 dimit·
1840 1533 1881 1553 20

508 1578 622 1613 timus
646 1577 881 1613 debitoribus
905 1577 1058 1612 nostris.
1093 1576 1237 1613 Tercio
1262 1576 1525 1612 confirmatur
1550 1588 1592 1611 ex
1617 1576 1691 1611 hoc
1715 1575 1821 1621 quod

509 1644 648 1672 contra
683 1634 1008 1671 conformitatem
1043 1634 1260 1671 voluntatis
1294 1642 1429 1670 nostre
1461 1632 1659 1670 voluntati
1693 1632 1822 1668 divine

509 1693 738 1741 appetimus
773 1694 942 1741 superbe
974 1692 1192 1729 vindictam
1226 1692 1330 1729 ultra
1364 1694 1440 1728 hoc
1474 1693 1580 1740 quod
1604 1694 1710 1727 Deus
1742 1690 1823 1725 vult

509 1753 557 1788 de
591 1761 773 1788 creatura
811 1764 880 1787 sua
919 1750 1128 1796 vindicari,
1164 1760 1201 1786 et
1239 1762 1310 1798 per
1344 1762 1592 1797 consequens
1630 1761 1703 1785 nec
1737 1747 1823 1783 dili-

509 1809 638 1857 gimus
672 1811 800 1845 Deum
854 1821 925 1845 nec
970 1808 1212 1856 proximum7
1257 1817 1299 1844 ut
1344 1809 1547 1844 debemus.
1594 1808 1684 1843 Ideo
1724 1808 1822 1842 Mat·
1841 1812 1878 1844 25

509 1867 591 1904 thei
618 1869 704 1914 V10‚
735 1869 777 1903 15
814 1867 1087 1915 peremptorie
1121 1866 1389 1903 concluditer:
1424 1866 1467 1901 Si
1497 1878 1569 1901 non
1603 1864 1824 1900 dimiseritis

511 1926 737 1969 hominibus,
770 1938 836 1962 nec
863 1933 980 1974 pater
1013 1932 1138 1961 vester
1162 1925 1323 1960 dimittet
1357 1924 1462 1960 vobis
1488 1931 1648 1973 peccata
1681 1929 1823 1959 vestra.

570 1985 647 2020 Sed
672 1992 709 2019 et
741 1983 805 2019 isti
829 1982 1078 2019 conclusioni
1103 1982 1372 2019 communitas
1396 1981 1707 2018 christianorum
1733 1993 1825 2016 con—

511 2041 631 2078 sentit
663 2054 862 2087 sermone,
897 2042 966 2077 sed
1000 2041 1182 2077 dissentit
1217 2049 1348 2077 mente
1381 2050 1417 2076 et
1446 2052 1586 2088 opere3
1622 2052 1710 2075 cum
1744 2051 1823 2073 non

511 2101 642 2136 solum
682 2099 886 2136 reddimus
921 2100 1071 2135 malum
1106 2112 1178 2147 pro
1213 2099 1318 2135 malo
1352 2108 1419 2134 aut
1460 2097 1717 2134 maledictum
1753 2109 1824 2143 pro
1842 2107 1883 2137 ζὴ)

513 2158 743 2203 maledicto,
777 2159 844 2193 sed
869 2157 1054 2193 inimicos
1087 2156 1367 2205 persequimur
1395 2168 1520 2204 usque
1553 2157 1602 2191 ad
1626 2157 1821 2191 bonorum

513 2215 833 2252 destruccionem
868 2224 904 2251 et
936 2224 1079 2251 nature
1111 2214 1470 2262 interempcionem
1505 2226 1550 2249 ac
1574 2212 1699 2249 nostri
1733 2224 1825 2248 con-

513 2274 805 2322 sumpeionem,
851 2285 932 2309 non
978 2285 1116 2309 amore
1156 2271 1429 2320 correpcionis
1468 2272 1536 2307 sed
1575 2271 1660 2307 zelo
1698 2269 1824 2306 vindi-

514 2331 704 2378 meionis,
729 2331 819 2367 ideo
844 2331 1047 2378 signanter
1071 2330 1167 2366 dicit
1191 2330 1374 2366 Christus
1398 2329 1565 2365 Matthei
1589 2330 1745 2373 XV1110‚
1774 2328 1819 2363 35

514 2391 621 2438 quod
655 2398 814 2437 oportet
848 2390 893 2425 de
925 2390 1043 2425 corde
1075 2388 1282 2424 remittere.
1843 2390 1881 2423 35

574 2447 721 2484 Habita
755 2460 848 2495 ergo
883 2459 925 2483 ex
958 2447 1190 2483 testimonio
1224 2446 1315 2482 fidei
1350 2445 1424 2482 ista
1457 2444 1674 2487 sentencia,
1715 2452 1823 2491 patet

515 2507 723 2555 quomodo
757 2505 918 2542 cuilibet
942 2505 1160 2541 christiano
1183 2504 1377 2542 veraciter
1399 2512 1530 2552 potest
1554 2502 1668 2550 dirigi
1692 2514 1824 2538 sermo

516 2573 765 2612 prenotatus,
801 2564 908 2611 quod
932 2563 1111 2611 oportuit
1144 2572 1182 2598 te
1206 2575 1278 2610 pro
1311 2571 1416 2598 statu
1442 2561 1621 2597 merendi
1647 2559 1824 2596 misereri

517 2623 694 2658 conservi
719 2622 788 2658 tui.
823 2623 891 2657 Est
915 2631 1048 2658 autem
1075 2620 1350 2656 misericordia
1375 2618 1697 2656 exhortacionem
1723 2618 1825 2653 salu-

518 2682 625 2716 brem
652 2681 905 2718 conferendo.
924 2688 958 2715 et
983 2688 1041 2715 est
1066 2677 1340 2714 misericordia
1366 2677 1404 2714 in
1429 2677 1561 2713 debita
1586 2676 1824 2711 dimittendo
1842 2690 1883 2718 40

588 2846 612 2865 2.
629 2838 672 2865 A:
688 2837 826 2864 sehunna.
882 2845 908 2871 7.
927 2836 966 2863 1ὶε
982 2836 1158 2863 snluciamtv,
1215 2843 1243 2870 9.
1260 2834 1314 2861 im
1328 2845 1333 2861 τ
1349 2836 1584 2869 cmixequentur.
1642 2840 1680 2860 ιο,
1696 2833 1739 2859 A:
1755 2831 1828 2859 aliis

519 2873 616 2900 twice.
708 2871 744 2898 13.
761 2872 833 2898 Ab:
856 2873 885 2898 in
907 2871 1001 2897 deest.
1100 2870 1137 2897 18.
1160 2869 1233 2896 DC:
1255 2870 1355 2905 igilur
1374 2874 1429 2895 etc.
1520 2876 1566 2900 ει.
1590 2867 1633 2903 D:
1654 2875 1710 2894 sua
1731 2867 1824 2893 deest.

519 2907 558 2935 31.
580 2908 621 2934 1³:
648 2907 704 2933 sed
723 2906 863 2933 inimicos
884 2906 976 2932 deest.
1075 2903 1117 2932 313.
1139 2905 1182 2931 A:
1209 2904 1404 2931 caret-ciomlv.
1497 2901 1541 2929 313.
1566 2902 1638 2929 DC:
1667 2902 1768 2936 igitur
1788 2906 1824 2927 (et

519 2942 657 2977 passim.
