2062 3276
209 238 344 267 semro
367 227 421 284 ir}
688 240 880 279 QUARTA
908 240 1033 272 PARS.

208 345 376 382 toxicam
411 345 662 393 desperandi,
703 358 795 382 nam
836 359 974 382 omnes
1008 358 1048 382 se
1081 345 1340 383 exercitantes
1373 347 1411 383 in
1445 347 1522 383 illis

207 403 391 440 videntur
445 412 645 451 temptare
697 406 838 449 Deum,
896 416 986 439 cum
1038 405 1178 440 Matth.
1225 406 1308 450 1V0,
1351 417 1370 451 7
1429 406 1523 441 dicit

208 461 388 497 Christus
421 462 592 509 dyabolo
630 461 669 496 in
702 461 974 509 temptacione
1006 463 1199 498 secunda:
1241 463 1436 512 Scriptum
1470 471 1525 499 est

208 519 510 555 Deuteronomio
550 520 638 554 170:
672 520 756 555 Non
789 519 992 568 temptabis
1026 520 1219 556 dominum
1245 520 1369 556 Deum
1405 529 1522 556 tuum.

174 578 378 621 5Quando
432 576 536 613 enim
582 578 649 613 dat
695 579 799 613 Deus
844 578 969 624 legem
1022 577 1324 614 immaculatam
1371 578 1525 614 animas

206 644 503 671 convertentem
539 648 615 683 que
648 636 789 671 doceat
823 635 958 671 fideles
992 648 1062 682 per
1095 648 1216 683 quam
1250 636 1353 672 viam
1387 649 1525 672 secure

206 693 433 729 transibunt
477 694 526 729 ad
572 693 742 740 patriam
791 702 825 729 et
873 692 1053 729 homines
1106 693 1270 730 dimissa
1321 693 1387 730 illa
1440 695 1525 742 lege

205 759 411 787 transeunt
456 763 526 799 per
570 751 672 787 viam
727 764 870 787 novam
924 760 1045 799 atque
1097 760 1340 798 extraneam,
1393 764 1525 788 nonne

205 809 305 844 foret
339 810 409 845 hec
442 809 660 856 temptacio
684 809 754 845 Dei
788 818 898 845 tanta
932 810 991 844 vel
1026 809 1153 845 maior
1185 809 1286 846 sicut
1325 811 1469 846 saltare
1503 823 1524 846 a

152 867 534 905 10deambulatoriis
584 867 737 914 templi,
783 867 849 903 ubi
902 868 1023 903 homo
1075 880 1212 903 secure
1257 880 1327 915 per
1379 869 1524 915 gradus

205 934 336 972 posset
365 926 618 971 descendere,
653 937 742 961 cum
778 924 925 961 dicitur
957 925 1226 961 communiter
1258 927 1366 973 quod
1399 935 1525 973 temp-

205 992 288 1019 tare
313 985 437 1019 Deum
473 983 522 1019 sit
555 995 721 1031 querere
744 983 1059 1031 experimentum
1085 985 1132 1019 de
1157 983 1226 1019 Dei
1250 983 1394 1020 virtute
1418 993 1454 1020 et
1478 985 1525 1019 de

204 1053 275 1077 suo
299 1041 500 1077 adiutorio
528 1042 645 1078 stulte
675 1041 875 1077 confidere
905 1041 989 1077 sine
1020 1041 1237 1078 inevitabili
1266 1042 1525 1078 necessitate?

263 1098 374 1135 Sicut
413 1112 507 1147 ergo
547 1112 627 1135 non
666 1099 845 1147 oportuit
884 1099 1087 1136 diabolum
1129 1100 1292 1136 saltasse
1337 1101 1385 1136 de
1425 1101 1523 1145 celo,

151 1164 187 1195 15
204 1157 258 1193 sic
303 1170 374 1193 nec
414 1157 616 1194 Christum
663 1159 710 1193 de
749 1157 887 1205 templi
930 1158 1130 1206 pinaculo,
1171 1167 1207 1193 et
1247 1171 1335 1194 cum
1377 1159 1523 1205 gradus

205 1215 299 1263 legis
334 1215 404 1251 Dei
439 1215 517 1251 sint
550 1215 678 1252 securi
711 1218 760 1252 ab
794 1216 972 1252 hostibus
1012 1225 1049 1252 et
1082 1216 1235 1264 laqueis
1274 1216 1523 1252 absconditis

204 1273 348 1321 quibus
398 1283 489 1310 sunt
538 1275 653 1322 plene
703 1275 807 1321 leges
862 1283 898 1310 et
950 1273 1160 1321 religiones
1209 1287 1322 1317 nove,
1368 1274 1523 1310 videtur

206 1331 416 1368 manifesta
461 1332 531 1368 Dei
585 1332 801 1379 temptacio
853 1331 940 1368 illas
993 1332 1236 1380 periculosas
1281 1332 1445 1368 induere
1486 1341 1523 1368 et

204 1390 330 1437 legem
365 1402 409 1426 ac
444 1389 672 1438 religionem
700 1389 770 1426 Dei
804 1389 1021 1426 faciliorem
1058 1400 1094 1426 et
1123 1389 1365 1426 securiorem
1391 1390 1524 1426 dimit-

148 1464 189 1486 20
204 1457 299 1483 tere.
335 1449 382 1483 Et
405 1447 509 1483 idem
541 1457 597 1484 est
627 1448 818 1484 iudicium
843 1449 890 1483 de
918 1458 1068 1496 papatu
1093 1458 1130 1484 et
1152 1458 1257 1485 statu
1282 1461 1524 1496 quocunque

204 1505 346 1553 prelati
381 1505 534 1551 cesarii,
569 1519 658 1542 cum
693 1515 819 1542 status
852 1519 970 1553 quem
1007 1509 1111 1542 Deus
1145 1506 1184 1542 in
1218 1506 1298 1542 suis
1331 1506 1524 1554 apostolis

204 1563 375 1600 instituit
420 1564 468 1600 sit
512 1576 688 1609 securuS‚
734 1573 770 1600 et
815 1573 940 1600 status
985 1564 1057 1601 iste
1102 1566 1249 1601 nedum
1296 1564 1344 1601 sit
1384 1578 1404 1601 a
1440 1567 1522 1600 Deo

203 1621 429 1669 prohibitus
462 1623 529 1658 sed
563 1622 789 1670 superfluus
822 1635 867 1658 ac
901 1622 1053 1659 racioni
1086 1622 1250 1659 viatoris
1283 1622 1521 1659 contrarius.

204 1681 251 1715 Et
295 1680 395 1716 forte
439 1680 469 1715 si
502 1680 577 1716 ista
618 1680 786 1717 materia
824 1681 1022 1728 profunde
1062 1680 1322 1729 conspicitur,
1356 1680 1523 1728 quilibet

147 1744 186 1776 25
203 1737 444 1774 criminosus
493 1737 722 1786 aliqualiter
772 1747 941 1787 temptat
987 1741 1128 1785 Deum,
1174 1752 1263 1775 cum
1309 1738 1438 1775 induit
1482 1751 1523 1775 se

202 1805 350 1832 statum
392 1795 431 1832 in
472 1809 551 1844 quo
586 1798 690 1832 Deus
728 1806 860 1845 posset
893 1809 981 1832 eum
1018 1796 1118 1833 iuste
1152 1798 1372 1845 dampnare
1405 1797 1523 1833 stulte

203 1866 365 1902 sperans
389 1853 429 1889 in
453 1854 523 1890 Dei
549 1854 838 1900 misericordia,
862 1857 970 1903 quod
1001 1864 1058 1891 est
1086 1855 1272 1903 proprius
1296 1857 1521 1903 desperare,

203 1921 239 1948 et
269 1911 325 1948 sic
358 1911 425 1947 ubi
459 1921 584 1949 status
617 1913 835 1949 sacerdotis
867 1915 1086 1949 secundum
1121 1913 1423 1949 ordinacionem
1451 1913 1521 1949 Dei

202 1970 303 2006 foret
335 1970 459 2006 alcior
491 1979 611 2018 atque
644 1970 833 2017 securior,
867 1971 1060 2019 dyabolus
1094 1984 1136 2007 ex
1160 1970 1431 2019 temptacione
1464 1971 1522 2006 in-

146 2034 188 2066 30
203 2028 323 2064 ducta
355 2029 405 2064 ad
429 2029 651 2065 dotandum
686 2029 894 2065 ecclesiam
928 2028 1087 2077 utrique
1120 2028 1224 2077 parti
1258 2028 1321 2065 isti
1356 2030 1451 2065 false
1484 2038 1521 2065 et

203 2086 368 2122 subdole
407 2086 661 2133 contradicit,
702 2087 796 2135 quia
838 2100 922 2123 mos
962 2100 1054 2123 suus
1088 2096 1145 2123 est
1178 2087 1217 2123 in
1251 2086 1360 2123 omni
1394 2096 1522 2135 temp-

202 2144 360 2180 tacione
395 2144 568 2181 hominis
600 2144 826 2193 periculosa
860 2145 1070 2182 mendacia
1103 2145 1315 2182 seminare.

724 2281 919 2322 SERMO
954 2283 1003 2324 X.

661 2348 789 2382 (Serm.
815 2348 926 2376 Mixti
949 2348 1057 2383 XVII.)

147 2415 187 2448 35
261 2410 325 2446 Sic
357 2411 465 2447 Deus
498 2411 635 2447 dilexit
667 2412 865 2450 mundum.
899 2412 986 2450 Joh.
1022 2413 1084 2458 III,
1117 2413 1176 2449 16.

1760 235 1805 271 81

1558 1104 1581 1132 lt
1601 1105 1626 1132 is
1647 1108 1798 1143 tempting

1564 1138 1632 1166 God
1655 1145 1686 1167 to
1708 1142 1790 1170 leave

1548 1174 1603 1201 His
1625 1175 1699 1204 laws
1719 1185 1754 1204 or
1775 1183 1805 1205 to

1543 1209 1704 1238 introduce
1724 1212 1812 1239 other

1573 1253 1656 1281 ways
1677 1246 1712 1273 ot*
1728 1247 1778 1274 life

1570 1280 1642 1307 than
1664 1280 1709 1308 He
1730 1282 1784 1309 has

1584 1316 1763 1351 appointed.

262 2469 347 2504 Hoc
380 2468 630 2516 evangelium
665 2471 732 2505 dat
755 2469 987 2506 fulcimenta
1021 2469 1203 2506 fidelibus
1237 2471 1286 2506 ad
1319 2471 1518 2507 orandum
1534 2475 1634 2507 Faiih.
1655 2476 1734 2512 hope
1749 2478 1807 2505 and

203 2538 280 2574 que
313 2535 404 2563 sunt
428 2527 538 2573 fides,
571 2539 660 2575 spes
694 2536 730 2564 et
754 2527 919 2567 caritas:
955 2540 1072 2564 nemo
1096 2527 1200 2564 enim
1226 2529 1367 2565 adorat
1392 2530 1518 2565 Deum

272 2649 296 2676 5.
312 2649 337 2676 D
353 2649 382 2677 in
399 2658 514 2685 marg:
537 2649 620 2685 Quid
633 2653 677 2678 ext
689 2653 839 2685 temptare
854 2651 970 2679 Deum:
992 2650 1014 2678 E
1028 2651 1057 2678 in
1075 2659 1188 2686 marg:
1209 2649 1290 2678 Nota
1304 2651 1398 2680 bene:
1419 2651 1457 2678 ib.
1474 2653 1517 2678 A.-

203 2684 255 2711 dat
275 2684 369 2711 deest.
425 2684 452 2712 8.
468 2686 512 2712 A:
533 2686 696 2712 transiunt.
754 2683 791 2713 13.
809 2688 851 2712 A:
873 2686 1019 2713 evitabili.
1078 2694 1119 2718 ¹4-
1137 2687 1159 2714 E
1173 2686 1202 2713 in
1220 2694 1333 2718 marga
1358 2685 1520 2721 Templare

203 2719 316 2751 Deum:
332 2719 344 2745 Ι
358 2719 387 2746 in
405 2727 500 2754 marg.
514 2729 519 2747 :
540 2719 703 2755 'Iemptare
716 2720 811 2748 Deum
826 2721 901 2755 quid
914 2723 965 2748 est.
1024 2720 1172 2749 15.AD1‹;:
1187 2723 1230 2748 sic
1242 2721 1335 2748 deest.
1391 2728 1434 2748 22.
1452 2724 1473 2748 t:
1488 2722 1516 2747 in

203 2761 316 2789 marg:
332 2752 412 2781 Nota
423 2754 482 2781 hic.
531 2762 578 2789 29,
589 2753 633 2782 30.
646 2755 714 2782 DE:
730 2763 768 2782 ex
778 2758 981 2783 contencione
993 2755 1125 2784 inducta.
1176 2754 1217 2782 32.
1232 2756 1286 2783 EI:
1300 2757 1452 2783 seminare
1463 2761 1518 2782 etc.

203 2787 246 2816 33.
267 2791 295 2816 A
315 2789 343 2816 in
367 2797 481 2824 marg:
504 2788 612 2816 Sermo
633 2789 668 2817 X,
691 2790 758 2817 DE:
782 2790 852 2817 VIII.
874 2790 901 2818 I:
923 2790 1037 2827 dzligit.
1112 2790 1157 2818 36.
1180 2791 1224 2818 A:
1246 2790 1289 2818 ad
1307 2790 1482 2817 ortandnm.

275 2860 327 2894 35.
357 2861 485 2904 Gospel
513 2860 565 2893 for
583 2860 681 2893 Whit
707 2862 868 2905 Monday.

1357 2919 1376 2951 6

1578 2512 1695 2547 cliarity
1715 2513 1764 2539 the

1569 2548 1708 2581 grounds
1728 2547 1777 2574 for

1612 2590 1732 2618 prayer.
