2062 3276
266 912 371 940 Friars
391 911 519 939 commit

291 947 445 975 homicide
466 946 496 973 in

295 984 381 1010 three
400 989 496 1016 ways.

294 1297 299 1301 .
354 1269 384 1301 ¹·.
396 1261 456 1301 By.

293 1303 501 1332 linprisomng

312 1333 391 1359 their
411 1339 482 1358 own

315 1367 480 1394 member&

834 277 1057 308 JOHANNIS
1075 277 1260 308 WYCLIF
1280 277 1535 309 SERMONUM
1570 264 1721 321 [SERMO
1743 274 1849 303 LXIII-

541 381 604 418 via
648 394 718 430 pre
763 382 950 419 omnibus
997 382 1167 431 diligant
1211 395 1404 431 sponsum
1452 383 1630 429 ecclesie,
1676 383 1769 432 quia
1810 393 1853 420 ut

542 440 672 488 placet
704 441 846 477 Matth.
880 442 948 488 XO,
986 440 1050 489 37,
1096 441 1305 490 quicunque
1349 441 1477 491 diligit
1522 449 1743 477 creaturam
1784 442 1854 477 ali-

542 510 654 547 quam
700 498 798 535 citra
837 499 1033 535 Christum
1070 499 1161 548 plus
1205 499 1271 535 illo
1310 511 1382 536 non
1421 506 1478 536 est
1514 500 1596 549 ipso
1636 499 1780 550 diguus
1819 509 1855 537 et

542 569 613 605 per
652 569 901 606 consequens
939 569 1020 594 non
1053 566 1110 594 est
1145 556 1288 606 dignus
1321 566 1363 593 ut
1396 558 1444 594 sit
1477 566 1674 606 perpetuo
1709 571 1856 606 sponsa

544 614 628 651 eius
667 616 735 651 sed
775 615 1006 664 quicunque
1045 615 1164 652 fuerit
1202 615 1406 652 homicida
1440 617 1562 653 modo
1596 628 1675 664 quo
1710 615 1857 652 dicitur

543 673 733 721 preponit
776 673 1045 721 ingratissime
1090 682 1315 710 creaturam
1355 674 1475 711 aliam
1511 682 1603 711 ante
1637 673 1855 711 Christum.

544 733 649 779 Ergo
682 731 772 767 talis
807 740 864 768 est
903 731 1105 780 indignus,
1150 740 1194 768 ut
1226 731 1407 780 quiescat
1445 741 1641 781 perpetuo
1674 732 1715 769 in
1748 732 1858 769 cubi-

546 790 636 826 culo
681 789 817 837 sponsi
852 789 1021 836 Christi;
1068 802 1142 826 nec
1188 789 1353 826 dubium
1396 791 1443 827 de
1482 792 1558 827 hoc
1601 789 1679 827 nisi
1721 791 1858 828 forsan

547 846 720 884 finaliter
753 847 974 895 resipiscat.

604 907 682 942 Sed
723 914 862 942 contra
900 905 1008 941 istud
1047 905 1265 954 replicatur
1307 905 1578 942 communiter
1619 906 1750 955 primo
1789 919 1859 955 per

547 964 622 1000 hoc
646 964 755 1012 quod
788 963 930 1000 fratres
961 963 1147 1001 videntur
1181 976 1265 1000 esse
1299 963 1538 1012 generaliter
1571 964 1787 1012 homicide,
1822 974 1859 1001 et

547 1034 638 1058 cum
670 1022 808 1058 volunt
839 1021 957 1058 istam
990 1021 1235 1059 sentenciam
1268 1034 1393 1071 usque
1427 1030 1517 1071 post
1541 1023 1686 1059 multas
1710 1031 1859 1059 mortes

549 1088 779 1117 constanter
803 1080 1030 1127 defendere,
1063 1080 1220 1117 videtur
1243 1081 1352 1129 quod
1374 1080 1447 1116 iste
1470 1089 1576 1117 secte
1599 1080 1860 1117 infallibiliter

548 1138 627 1174 sint
659 1139 930 1186 dampnande.
966 1141 1048 1175 Nec
1081 1138 1247 1175 dubium
1269 1138 1366 1187 quin
1399 1138 1680 1175 continuantes
1704 1148 1740 1175 et
1766 1152 1859 1175 con-

549 1205 757 1233 sumantes
804 1197 885 1233 tale
938 1196 1203 1234 homicidium
1257 1197 1468 1233 incurrunt
1520 1196 1857 1246 dampnacionem

550 1264 801 1304 perpetuam.
847 1256 962 1292 Unde
1001 1254 1148 1291 dicitur
1186 1257 1295 1305 quod
1333 1255 1474 1292 fratres
1513 1264 1604 1292 sunt
1646 1255 1860 1304 tripliciter

550 1312 766 1359 homicide,
805 1313 937 1361 primo
977 1314 1111 1362 quoad
1150 1326 1243 1350 suos
1282 1313 1525 1350 domesticos
1564 1326 1664 1362 quos
1697 1323 1860 1363 propter

551 1371 767 1408 commissa
810 1371 958 1408 scelera
997 1372 1059 1408 vel
1097 1380 1262 1420 propter
1306 1380 1535 1420 reputatum
1583 1372 1780 1409 defectum
1820 1371 1859 1408 in

552 1430 783 1467 defensione
836 1429 988 1466 ordinis
1040 1429 1295 1467 incarcerant
1348 1439 1384 1466 et
1432 1430 1620 1467 occidunt
1669 1438 1706 1466 et
1752 1429 1860 1467 iuxta

552 1497 790 1537 argumenta
823 1488 928 1525 facta
959 1488 1143 1536 superius
1176 1501 1258 1525 non
1282 1497 1450 1536 possunt
1473 1488 1513 1524 in
1536 1488 1610 1525 ista
1633 1487 1860 1525 infliccione

554 1559 655 1595 pene
689 1559 732 1583 ex
764 1545 984 1583 homicidio
1029 1546 1220 1583 excusari.
1268 1546 1460 1592 Quamvis
1506 1546 1612 1582 enirn
1657 1545 1766 1583 aliud
1811 1545 1860 1583 sit

555 1604 805 1642 incarcerare
838 1613 876 1641 et
911 1603 1017 1641 aliud
1051 1604 1247 1649 occidere,
1285 1612 1421 1641 tamen
1454 1604 1704 1641 incarcerare
1736 1617 1861 1653 usque

555 1664 604 1700 ad
647 1671 818 1699 mortem
864 1663 1125 1699 accelerando
1169 1662 1298 1711 ipsam
1344 1662 1579 1711 priusquam
1623 1662 1861 1699 naturaliter

556 1721 729 1758 eveniret
753 1729 809 1757 est
832 1720 1105 1757 indubitanter
1128 1720 1326 1757 occidere.
1351 1723 1453 1757 Nam
1476 1721 1609 1757 nullus
1632 1721 1860 1767 vulnerans,

555 1780 802 1827 suspendens
833 1779 894 1815 vel
927 1780 1295 1827 quomodocunque
1328 1779 1516 1815 occidens
1539 1778 1743 1815 hominem
1769 1791 1862 1815 con-

554 1837 683 1874 tinuat
714 1837 755 1873 in
785 1836 854 1874 illa
886 1837 1086 1874 occisione
1118 1849 1243 1886 usque
1277 1838 1327 1874 ad
1360 1846 1546 1884 mortem,
1581 1850 1671 1873 cum
1704 1846 1862 1885 oportet

555 1897 683 1932 Deum
716 1904 881 1944 propter
914 1895 1055 1932 mortis
1087 1895 1327 1932 instanciam
1351 1896 1571 1932 secundum
1595 1896 1721 1943 legem
1747 1908 1859 1932 suam

555 1953 824 1990 invincibilem
860 1953 1193 1990 informacionem
1218 1953 1382 2002 spiritus
1406 1962 1443 1989 et
1466 1953 1521 1989 sic
1543 1953 1663 1990 vitam
1687 1953 1862 1990 hominis

555 2011 785 2048 terminare.
834 2013 881 2047 Et
914 2020 1023 2060 patet
1056 2013 1165 2060 quod
1197 2025 1278 2048 non
1312 2013 1424 2048 obest
1463 2011 1666 2048 hominem
1707 2023 1862 2048 cessare

556 2071 604 2106 ab
644 2079 735 2106 actu
778 2069 877 2106 illati
923 2069 1132 2106 homicidii
1176 2071 1283 2118 quod
1327 2069 1411 2117 ipse
1455 2069 1505 2106 sit
1550 2069 1862 2118 dampnabiliter

555 2127 772 2164 homicida.
826 2129 983 2165 Fratres
1036 2140 1129 2176 ergo
1183 2127 1249 2176 qui
1303 2127 1558 2176 culpabiliter
1609 2127 1861 2164 incarcerant

554 2186 695 2223 fratres
733 2198 825 2222 suos
863 2186 1072 2222 incurrunt
1110 2185 1264 2234 ingrate
1302 2195 1456 2223 reatum
1503 2185 1724 2231 homicidii,
1770 2198 1860 2222 cum

555 2256 628 2280 nec
659 2243 791 2281 sciunt
829 2245 938 2292 quod
970 2243 1026 2280 sic
1060 2253 1285 2280 moreretur
1317 2243 1357 2280 in
1389 2252 1495 2280 statu
1535 2243 1770 2292 dignissimo
1801 2243 1861 2280 vie

554 2315 623 2338 sue
654 2314 727 2338 nec
759 2301 888 2338 sciunt
921 2303 1027 2351 quod
1060 2302 1116 2338 sic
1149 2311 1373 2339 moreretur
1405 2301 1445 2337 in
1477 2311 1583 2338 statu
1607 2301 1779 2350 pessimo
1801 2301 1861 2339 vie

1878 920 1916 941 XO

1879 1199 1915 1231 15

1878 1780 1917 1813 25

555 2373 635 2397 sue.
672 2360 865 2406 Quamvis
898 2369 1032 2396 autern
1068 2360 1235 2408 quilibet
1268 2360 1367 2397 sciat
1401 2361 1507 2408 quod
1540 2368 1699 2408 oportet
1723 2360 1917 2408 quem—35

554 2418 648 2455 libet
681 2418 883 2455 hominem
919 2418 973 2455 ita
997 2418 1113 2464 mori,
1147 2428 1282 2455 tamen
1314 2419 1413 2454 tales
1446 2418 1646 2455 homicide
1678 2417 1862 2454 nesciunt

554 2476 585 2512 si
617 2476 752 2513 taliter
786 2485 1023 2523 moreretur,
1056 2477 1133 2513 hoc
1167 2485 1237 2522 est,
1271 2475 1302 2513 si
1336 2477 1533 2513 subducta
1565 2476 1749 2512 illacione
1772 2475 1861 2512 talis

554 2534 694 2571 mortis
718 2543 785 2571 aut
808 2547 908 2583 pene
933 2534 1073 2571 melius
1098 2543 1334 2572 moreretur.
1370 2536 1417 2570 Et
1441 2533 1497 2571 sic
1520 2534 1701 2571 nesciunt
1726 2542 1860 2570 utrum

555 2601 719 2630 causant
764 2592 1101 2641 dampnacionem
1147 2593 1286 2629 talium
1328 2605 1404 2641 que
1444 2605 1533 2629 curn
1574 2591 1623 2628 sit
1664 2604 1770 2628 mors
1803 2603 1862 2628 se-

555 2652 684 2688 cunda
727 2650 929 2687 infinitum
977 2651 1135 2699 gravior
1183 2664 1303 2699 quarn
1353 2663 1462 2687 mors
1509 2650 1653 2699 prima,
1705 2649 1919 2690 videtur4o

553 2710 660 2757 quod
693 2718 783 2745 sunt
815 2717 858 2745 ut
890 2708 945 2746 sic
978 2708 1180 2746 infinitum
1215 2708 1513 2757 dampnabilius
1547 2707 1760 2744 homicide.

621 2920 653 2947 27
686 2913 888 2945 mummium,-
914 2913 998 2940 cod:
1027 2913 1186 2940 [usticiam.
