2062 3276
266 235 402 264 scano
424 225 548 283 xxm]
752 240 944 279 QUARTA
971 241 1096 272 pixas.

267 358 339 392 pro
363 358 481 381 causa
506 346 707 382 sentencie
730 347 937 383 thematis:
972 347 1097 385 Nunc,
1127 347 1308 394 inquam,
1339 355 1394 383 est
1413 348 1581 397 propior·

265 410 397 439 nostra
429 404 538 439 salus
561 416 672 452 quam
707 417 791 440 cum
823 405 1070 440 credidimus.
1109 405 1313 440 Habemus
1348 405 1452 441 enim
1489 415 1579 453 post

265 460 412 497 Christi
453 461 778 498 incarnacionem
821 462 1023 510 ampliora
1064 461 1281 499 carismata
1327 463 1376 499 ad
1417 462 1576 511 plenam

262 519 430 555 salutem
471 519 636 556 ecclesie
674 519 965 568 propinquiora
1006 533 1125 569 quam
1171 521 1395 557 habuerunt
1445 529 1578 569 patres

229 576 404 613 fiveteris
436 577 664 614 testamenti
704 578 771 625 qui
810 577 1069 614 crediderunt
1103 579 1204 614 hanc
1249 578 1576 626 reclempcionem

262 646 346 671 esse
363 635 552 678 futuram,
570 644 606 671 et
623 648 692 683 per
709 648 957 684 consequens
981 636 1144 673 racione
1169 636 1361 672 crementi
1378 638 1577 673 donorum

262 693 384 728 homo
426 693 468 728 fit
500 693 723 741 obligacior
761 695 811 730 ad
851 695 1084 730 amandum.
1132 696 1248 740 Quod
1290 707 1369 730 non
1415 695 1457 731 fit
1501 694 1577 731 nisi

260 750 492 787 festinanter
515 763 555 787 se
579 760 693 788 exuat
717 764 739 788 a
772 760 958 800 peccat03
993 752 1082 788 ideo
1116 765 1196 788 non
1220 752 1315 788 dicit
1339 754 1576 801 Apostolus:

259 809 437 856 Tempus
477 818 546 853 est,
594 811 661 845 sed
702 809 903 846 striccius:
953 810 1067 846 Hora
1107 818 1162 846 est
1200 811 1289 846 iam.
1338 813 1439 847 Nam
1480 824 1576 859 qua-

207 877 244 897 10
260 878 416 915 cunque
456 868 554 903 hora
594 867 682 916 quis
721 868 958 915 peccaverit,
1000 870 1117 904 debet
1150 868 1304 905 conteri
1338 877 1375 905 et
1408 868 1447 904 in
1481 881 1575 906 casu

259 937 339 973 quo
384 924 457 961 sibi
506 925 687 973 proderit
726 929 784 971 (ut
822 935 931 974 patet
971 926 1066 962 alibi
1106 926 1145 962 in
1190 926 1355 975 speciali
1400 936 1575 964 tractatu

259 982 373 1019 istius
408 983 590 1031 materie)
627 983 763 1020 habita
799 986 1054 1020 sacerdotum
1090 984 1207 1032 copia
1240 984 1438 1021 confiteri.

320 1040 470 1077 Ultimo
510 1041 774 1078 sollicitemus
814 1042 1018 1079 racionem
1060 1052 1240 1079 nostram
1276 1043 1492 1091 cogitando
1527 1045 1574 1079 de

259 1099 413 1146 premio
454 1101 586 1136 dando
627 1099 667 1136 in
705 1100 829 1136 tercio
869 1102 1042 1137 adventu
1077 1101 1280 1138 Christum
1316 1100 1574 1149 diligentibus

205 1156 295 1193 15et
334 1169 437 1205 pena
476 1159 609 1194 danda
649 1158 876 1194 dolentibus
916 1158 955 1194 in
990 1167 1175 1205 mortem,
1210 1160 1257 1195 de
1297 1159 1441 1207 quibus
1474 1161 1574 1196 Mat-

257 1214 339 1251 thei
377 1217 517 1261 XXV0‚
561 1217 630 1252 31:
685 1216 780 1252 Cum
828 1217 972 1252 venerit
1010 1217 1123 1267 filius
1175 1217 1340 1253 hominis
1392 1218 1428 1253 in
1481 1219 1574 1255 Sede

258 1273 468 1309 maiestatis
505 1286 582 1310 sue.
622 1276 736 1310 Tunc
776 1274 880 1310 enim
922 1275 1239 1311 communicabit
1278 1275 1359 1311 suis
1404 1288 1571 1324 regnum

256 1343 326 1379 per
378 1331 525 1368 nobilis
575 1332 750 1368 hominis
796 1342 1075 1381 conquestum.
1130 1336 1178 1369 Et
1223 1333 1315 1369 hinc
1354 1334 1573 1382 Apostolus

256 1388 438 1426 Corinth.
472 1391 578 1426 XIIIO
613 1391 850 1438 appropriat
882 1391 1057 1438 graciam
1095 1391 1260 1428 domino
1292 1393 1383 1428 Jesu
1413 1391 1573 1429 Christo

199 1456 240 1477 20
255 1455 420 1495 propter
442 1447 618 1495 primum
643 1450 858 1485 adventum
885 1458 921 1485 et
940 1449 1150 1486 caritatem
1170 1451 1255 1486 Deo
1279 1450 1383 1498 patri
1407 1459 1573 1498 propter

255 1506 469 1542 adventum
495 1508 715 1543 secundum
741 1515 777 1543 et
794 1507 1212 1544 communicacionem
1238 1507 1405 1555 Spiritui
1423 1509 1570 1544 Sancto

254 1572 420 1612 propter
452 1564 621 1601 tercium
656 1566 885 1602 adventum.

312 1624 360 1658 Et
382 1621 423 1657 in
455 1622 611 1670 signum
643 1623 758 1659 huius
781 1623 950 1672 triplicis
984 1625 1179 1660 adventus
1202 1623 1296 1660 facit
1320 1624 1569 1672 evangelium

253 1679 420 1716 Matthei
464 1682 571 1717 ΧΧΙΟ
611 1690 670 1718 ter
724 1682 974 1718 mencionem
1031 1683 1238 1730 quomodo
1283 1684 1394 1718 Jesus
1446 1682 1567 1729 venit,

197 1737 385 1786 25primo
418 1741 624 1787 quomodo
660 1741 759 1776 venit
790 1740 1001 1790 Betlzsage‚
1040 1741 1217 1776 secundo
1252 1741 1459 1789 quomodo
1494 1753 1568 1777 rex

252 1796 456 1843 predictus
498 1798 595 1833 venit
633 1811 715 1835 non
749 1808 889 1835 contra
929 1798 1141 1835 ecclesiam
1176 1799 1244 1835 sed
1276 1799 1349 1834 sibi
1379 1800 1427 1835 ad
1462 1799 1568 1835 utili-

251 1862 376 1890 tatem
416 1855 509 1904 quia
550 1863 781 1900 mansuetus,
826 1856 951 1893 tercio
992 1858 1199 1905 quomodo
1244 1857 1463 1893 benedictus
1507 1858 1570 1906 qni

253 1913 352 1948 venit
396 1914 431 1949 in
477 1914 628 1950 nomine
667 1915 836 1950 Domini.
884 1916 1088 1951 Habentes
1140 1927 1234 1963 ergo
1287 1914 1399 1950 illam
1447 1915 1567 1951 fidem

253 1979 419 2019 propter
435 1971 750 2009 sollicitudinem
769 1985 890 2020 quam
912 1972 951 2008 in
970 1975 1097 2009 Deum
1122 1972 1357 2021 proicimus,
1377 1973 1568 2009 debemus

229 2028 411 2066 'servare
455 2042 527 2065 nos
568 2026 571 2083 Ι
607 2030 744 2078 vigiles
788 2030 990 2067 infinitum
1036 2031 1235 2067 attencius
1282 2043 1402 2079 quam
1452 2031 1483 2067 si
1529 2031 1569 2066 in

252 2087 428 2124 crastino
468 2089 706 2125 haberemus
755 2090 805 2125 ad
848 2089 1256 2126 Westmonasterium
1303 2088 1567 2125 hereditatem

250 2145 431 2182 strictam
456 2146 745 2195 acquirendam
769 2160 842 2195 pro
866 2156 1062 2196 perpetuo
1086 2148 1146 2184 vel
1169 2148 1431 2196 perdendam.
1466 2150 1569 2184 Deu-

250 2204 467 2240 teronomii
490 2206 665 2251 XXX110‚
694 2205 739 2241 35
768 2205 976 2242 scribitur:
1009 2207 1131 2242 Juxta
1155 2213 1211 2242 est
1234 2206 1314 2242 dies
1331 2206 1570 2254 perdicionis

249 2268 285 2297 et
328 2263 462 2299 adesse
494 2264 686 2312 festinant
731 2271 920 2313 tempora.
970 2265 1085 2301 Unde
1132 2265 1270 2300 beatus
1309 2266 1567 2312 Jeronymus:

320 2415 340 2434 1.
368 2407 441 2435 DG:
468 2409 668 2441 causacione;
698 2409 803 2436 AliG:
835 2410 990 2437 sentencie
1015 2410 1110 2437 deest.
1246 2418 1270 2437 2.
1300 2409 1376 2437 DG:
1406 2410 1568 2437 credimus.

249 2442 273 2470 5.
295 2443 340 2469 A:
361 2442 570 2470 crediderant.
637 2446 663 2471 δ.
686 2444 759 2471 DG:
781 2447 904 2471 exuant.
975 2452 1013 2472 10.
1036 2445 1110 2472 DG:
1132 2445 1162 2472 in
1183 2445 1293 2472 ocium.
1363 2453 1400 2472 12.
1421 2446 1465 2472 A:
1488 2446 1571 2472 illius

249 2478 396 2509 materie;
422 2478 461 2504 ib.
490 2478 514 2505 1)
543 2478 572 2505 in
602 2486 667 2505 mar
692 2488 714 2506 .:
745 2479 906 2513 Confessio
931 2480 1129 2507 auricularis:
1239 2482 1278 2507 ιδ.
1306 2480 1410 2506 ADG:
1438 2480 1570 2507 nobilem

250 2512 421 2542 hommem.-
447 2512 487 2539 ib.
510 2513 583 2540 DG:
611 2513 650 2540 Et
678 2521 768 2547 zunc‚·
796 2509 870 2541 GH:
899 2514 939 2541 Et
953 2523 1012 2549 per
1032 2516 1119 2542 hunc.
1193 2522 1238 2541 20.
1260 2514 1336 2542 AH:
1365 2514 1494 2541 medium
1515 2515 1569 2541 cid-

250 2549 390 2580 vcntum‚·
415 2547 456 2573 ib.
479 2548 522 2574 A:
546 2550 578 2575 ct
595 2548 688 2575 deest.
782 2557 820 2576 21.
842 2549 887 2576 H:
904 2550 1049 2584 primum.
1136 2557 1182 2582 24.
1204 2549 1309 2576 ADG:
1330 2549 1439 2576 Mattlz.
1461 2549 1568 2576 XXIII.

250 2581 291 2609 25.
315 2582 357 2608 H:
386 2590 442 2608 rex
462 2582 557 2609 deest.
631 2583 676 2609 28.
698 2583 742 2610 H:
770 2584 867 2611 istam.
944 2583 988 2611 30.
1013 2585 1054 2611 Η;
1081 2584 1110 2611 si
1127 2584 1223 2611 deest.
1296 2583 1335 2611 31.
1358 2584 1432 2611 Do:
1460 2585 1569 2611 crasti-

250 2624 340 2648 num,·
359 2617 400 2643 ib.
416 2616 490 2643 DG:
512 2617 555 2643 (ια’
572 2618 716 2651 vestinum
735 2618 775 2645 ib.
793 2618 836 2645 G:
858 2618 1056 2646 viridslalem.
1113 2618 1155 2647 32.
1176 2618 1250 2646 DG:
1270 2618 1313 2645 ad
1330 2619 1550 2654 acquirendam
1561 2629 1570 2648 .-

249 2651 436 2721 iz'roprissffzis
446 2659 508 2686 pro
535 2652 630 2679 deest.
749 2652 796 2687 34.
824 2655 869 2681 A:
897 2654 1001 2681 beatus
1020 2653 1220 2686 Bernardus;
1246 2653 1290 2680 H:
1316 2653 1497 2681 Bernartius
1522 2655 1571 2681 vel

325 2781 350 2803 1.
370 2771 472 2803 Rom.
490 2771 575 2810 XIII,
602 2781 651 2802 11.
726 2772 778 2804 25.
805 2772 924 2803 Matth.
943 2773 1028 2811 XXI,
1053 2783 1078 2806 1.
1154 2771 1206 2806 26.
1229 2772 1271 2803 ib.
1294 2771 1322 2806 3.
1398 2783 1450 2814 27.
1471 2773 1515 2804 ib.
1535 2784 1566 2815 (J-

253 2818 304 2857 34.
338 2817 375 2848 In
409 2818 441 2849 S.
469 2817 633 2848 Bernardi
668 2818 717 2848 De
743 2819 879 2850 Judicio
913 2820 1020 2855 (Mod.
1048 2819 1136 2850 bene
1168 2819 1306 2850 vivendi
1343 2829 1416 2861 cap.
1446 2820 1565 2859 LXXI)

249 2863 304 2894 hic
332 2863 428 2895 locus
456 2874 524 2894 non
552 2870 650 2895 extat.
679 2863 730 2895 Cf.
758 2866 869 2907 Super
895 2866 1047 2903 Cantica,
1075 2867 1184 2897 Serm.
1203 2866 1259 2897 VI.

1790 236 1864 271 205

1661 759 1746 787 Need
1768 761 1803 788 of

1645 794 1823 823 immediate

1590 830 1783 857 contritition
1806 832 1865 858 and

1638 865 1774 900 perhaps
1794 866 1829 893 os

1636 900 1824 927 confession.

1631 1048 1691 1077 We
1712 1051 1822 1079 should

1654 1085 1742 1113 think
1763 1094 1802 1113 on

1611 1119 1746 1148 Christ's
1767 1121 1847 1149 third

1665 1156 1786 1183 advent.

1627 1630 1694 1658 The
1714 1632 1821 1671 gospel

1649 1671 1804 1695 mentions

1586 1700 1718 1728 Christ‘s
1740 1702 1862 1736 coming

1594 1736 1679 1763 three
1699 1736 1801 1771 times,
1822 1742 1853 1764 to

1632 1771 1747 1808 signify
1766 1773 1816 1799 the

1608 1806 1699 1841 triple
1720 1807 1842 1834 advent.
