2062 3276
146 277 223 315 338

164 584 282 613 Should
306 583 395 610 Good

180 620 293 655 Friday
315 619 348 645 be
370 626 385 644 a

157 655 217 691 day
237 654 272 681 of
289 661 407 680 sorrow

171 698 206 717 01·
226 687 391 723 rejoicing?

191 1683 341 1717 Ofb01113
364 1683 392 1710 in

157 1719 298 1746 ditl'ereut
319 1717 423 1753 ways?

199 1798 258 1826 We
278 1798 387 1826 should

163 1842 282 1861 sorrow
303 1834 351 1860 for
370 1841 427 1860 oui·

181 1870 246 1896 sins
266 1877 298 1895 as
317 1876 407 1895 cause

201 1904 235 1930 os
252 1904 296 1931 Ch
304 1903 385 1930 rist's

181 1938 327 1973 suffering
347 1938 406 1965 aud

187 1974 271 2008 signs
292 1973 326 2000 of
342 1981 399 2000 our

192 2008 389 2043 ingratitudo.

723 279 946 312 JOHANNLS
963 276 1148 308 WYCLIF
1168 273 1423 306 SERMONUM
1485 259 1637 316 [SERMO
1658 266 1736 294 XLI·

916 415 1109 457 SERMO
1143 415 1250 455 XLI.

497 516 812 552 Consummatzmz
845 519 910 549 est.
944 510 1135 548 Johannis
1167 510 1290 554 XIXO,
1335 507 1395 543 30.

493 572 743 622 Supponitur
775 571 872 607 illud
902 582 984 606 esse
1017 569 1202 605 ultimum
1228 567 1392 603 verbum
1427 563 1535 612 quod
1559 559 1739 598 Christus

435 632 591 668 locutus
633 639 689 667 est
729 630 907 678 pendens
947 627 987 663 in
1029 638 1159 673 cruce,
1201 624 1268 673 qui
1308 631 1524 672 postquam
1566 618 1662 655 dixit
1701 629 1740 653 se

434 690 543 726 sitire
566 688 834 726 salvacionem
870 684 1043 722 hominis
1066 696 1136 732 per
1170 691 1339 719 mortem
1372 678 1554 717 celeriter
1582 685 1742 725 gustan-

435 750 527 784 dam
560 756 602 783 ut
626 755 780 794 potum,
816 754 852 781 et
875 743 950 792 ipsi
974 741 1242 791 porrexissent
1266 739 1340 776 sibi
1362 737 1566 789 spongiam
1586 735 1741 784 plenam

430 813 523 855 potu
555 816 705 849 amaro,
738 803 936 851 gustando
960 813 1032 849 pro
1056 799 1279 836 allevianda
1302 809 1404 846 pena
1429 793 1582 839 mortis,
1615 791 1744 828 noluit

436 864 570 900 bibere
603 863 671 898 sed
705 861 800 897 dixit
834 860 942 909 quod
975 857 1109 907 passio
1155 869 1224 893 sua
1258 860 1520 892 consummata
1553 859 1620 889 est.
1667 850 1743 886 Sed

436 920 630 970 queritur,
665 932 754 956 cum
784 917 916 967 passio
942 915 1090 953 Christi
1123 915 1195 950 fuit
1229 912 1458 950 eternaliter
1490 910 1675 946 ordinata
1709 915 1745 943 et

437 993 457 1016 a
491 982 574 1015 Deo
609 987 690 1014 tam
726 985 904 1024 accepta,
946 976 995 1011 ad
1030 973 1125 1022 quid
1159 973 1275 1008 debet
1315 983 1398 1007 esse
1432 969 1554 1005 modo
1588 974 1742 1003 tantum

438 1045 674 1081 memorata,
710 1048 800 1071 cum
834 1034 883 1070 sit
917 1033 995 1070 iam
1031 1039 1323 1068 consummata.
1365 1028 1480 1065 Unde
1513 1025 1640 1062 solent
1676 1025 1745 1059 ho-

439 1095 564 1131 mines
612 1105 778 1142 querere
819 1101 899 1128 tres
949 1089 1179 1139 questiones
1219 1089 1267 1124 de
1305 1084 1589 1133 solempnitate
1629 1081 1745 1118 huius

439 1153 535 1199 diei3
570 1151 702 1200 primo
737 1151 767 1187 si
802 1149 1042 1187 christianus
1076 1148 1192 1183 debet
1225 1146 1398 1193 gaudere
1430 1143 1491 1180 vel
1523 1140 1673 1178 tristari
1707 1139 1746 1175 in

440 1212 514 1247 hoc
555 1210 637 1255 die;
677 1218 714 1245 et
752 1209 909 1245 videtur
942 1207 1050 1255 quod
1084 1206 1200 1241 debet
1233 1205 1420 1251 gaudere,
1455 1200 1547 1249 quia
1580 1197 1747 1247 quilibet

439 1267 677 1306 naturaliter
728 1268 845 1303 debet
889 1266 1063 1313 gaudere
1109 1264 1155 1299 de
1201 1264 1307 1298 bono
1352 1272 1420 1297 sue
1470 1267 1624 1302 nature,
1679 1256 1745 1291 sed

442 1326 658 1363 maximum
693 1326 842 1361 bonum
878 1321 1045 1371 contigit
1076 1323 1248 1357 humane
1281 1328 1423 1355 nature
1457 1329 1529 1365 pro
1563 1316 1638 1351 isto
1672 1313 1746 1349 die.

441 1386 555 1421 Unde
593 1384 811 1431 Apostolus
851 1382 972 1417 Phil.:
1022 1380 1102 1416 Nos
1139 1386 1265 1414 autem
1309 1376 1484 1427 gloriari
1520 1379 1671 1423 oportet
1711 1371 1746 1406 in

441 1455 555 1479 cruce
587 1441 732 1477 domini
763 1440 887 1477 nostri
915 1440 1004 1475 Jesu
1043 1436 1202 1475 Christi.

499 1502 541 1536 In
581 1498 813 1548 oppositum
855 1498 928 1534 sic:
978 1498 1111 1532 Homo
1152 1495 1268 1531 debet
1313 1491 1425 1540 sequi
1465 1488 1667 1527 Christum
1709 1486 1748 1522 in

443 1558 634 1603 moribus,
680 1559 748 1593 sed
794 1556 877 1604 ipse
925 1554 1094 1591 maxime
1140 1551 1267 1588 doluit
1310 1550 1386 1586 isto
1431 1548 1513 1589 die;
1559 1547 1667 1595 quod
1713 1553 1749 1580 et

442 1617 640 1664 approbat
674 1614 840 1651 ecclesia
874 1613 1021 1649 faciens
1053 1609 1320 1659 penitenciam
1357 1605 1633 1654 multiplicem.

502 1676 578 1710 Pro
612 1673 688 1709 isto
722 1672 934 1708 dicendum
976 1679 1032 1706 est
1065 1670 1171 1718 quod
1208 1666 1449 1704 christianus
1483 1663 1601 1700 simul
1635 1662 1751 1697 debet

446 1733 621 1780 gaudere
645 1740 681 1767 et
705 1730 874 1770 tristari:
909 1730 976 1765 sed
1011 1729 1058 1764 de
1092 1726 1255 1763 diversis
1289 1734 1325 1761 et
1358 1725 1405 1759 de
1439 1723 1580 1759 eodem
1614 1732 1752 1756 secun-

448 1792 540 1826 dum
577 1789 777 1837 disparem
811 1788 1029 1825 racionem,
1063 1786 1188 1821 Debet
1213 1783 1315 1820 enim
1341 1780 1492 1818 tristari
1517 1781 1563 1815 de
1587 1786 1753 1826 peccato

447 1861 515 1884 sue
554 1856 710 1891 nature,
750 1859 823 1894 pro
863 1845 973 1882 cuius
1013 1841 1297 1890 redempcione
1337 1838 1515 1888 oportuit
1550 1836 1786 1874 Christum„

446 1905 543 1954 pati.
584 1907 710 1941 Debet
749 1905 924 1941 secundo
964 1901 1113 1938 tristari
1154 1901 1261 1949 quod
1302 1910 1471 1946 paucam
1505 1895 1564 1932 vel
1603 1894 1752 1930 nullam

446 1963 729 2012 gratitudinem
772 1961 945 1998 reddidit
980 1959 1155 1996 Domino
1194 1971 1265 1994 suo
1299 1956 1365 2005 qui
1400 1968 1472 2003 pro
1512 1965 1584 1990 suo
1617 1963 1755 1988 amore

445 2030 556 2058 tanta
590 2034 729 2069 passus
762 2020 848 2065 fuit,
883 2029 919 2056 et
954 2019 1069 2054 debet
1092 2016 1217 2053 tercio
1251 2014 1401 2051 tristari
1425 2013 1530 2061 quod
1565 2019 1623 2046 tot
1656 2008 1756 2045 obli-

446 2079 582 2115 viones
622 2088 657 2115 et
697 2091 820 2126 opera
860 2087 896 2113 et
935 2075 1206 2124 ingratissima
1245 2071 1473 2121 despectiva
1512 2078 1548 2106 et
1585 2066 1755 2104 horribi-

448 2137 600 2173 lissima
633 2136 816 2172 retribuit
842 2134 1002 2172 Christo
1036 2143 1072 2169 et
1103 2132 1183 2168 suis
1209 2130 1413 2176 membris,
1448 2127 1541 2176 quia
1564 2125 1755 2174 quociens

448 2195 627 2243 peccavit
666 2194 705 2230 in
738 2196 865 2230 Deum
902 2202 937 2228 et
978 2191 1205 2240 proximum
1245 2189 1305 2226 vel
1342 2200 1382 2224 se
1415 2187 1559 2234 ipsum,
1605 2182 1756 2219 tociens

448 2258 657 2301 (quantum
698 2251 738 2287 in
777 2251 863 2299 ipso
910 2253 981 2295 est)
1022 2247 1254 2297 preparavit
1289 2244 1457 2282 bonitati
1492 2241 1639 2279 Christi
1679 2253 1753 2289 qua

447 2312 531 2347 vult
572 2318 826 2358 peccatorem
867 2309 1021 2344 salvare
1054 2316 1095 2342 ut
1134 2306 1278 2342 iterum
1313 2303 1509 2352 paciatur,
1553 2299 1648 2349 quia
1680 2297 1755 2333 nisi

449 2377 673 2405 remaneret
707 2366 856 2403 Christi
895 2375 1007 2414 grata
1041 2363 1213 2409 bonitas,
1257 2363 1332 2398 hoc
1366 2367 1573 2408 oporteret
1613 2358 1663 2393 ad
1696 2355 1756 2391 sui

449 2426 730 2463 salvacionem.
765 2427 930 2472 Magnus
965 2435 1057 2471 ergo
1082 2423 1293 2470 despectus
1325 2428 1381 2456 est
1405 2415 1619 2466 imprecari
1643 2420 1783 2451 tanto'.

520 2568 544 2587 2.
568 2560 610 2587 H:
631 2560 741 2588 Sermo
763 2565 834 2593 19115.
891 2556 915 2584 3.
938 2557 1010 2584 DH:
1033 2557 1123 2583 istud.
1186 2555 1210 2582 5.
1231 2556 1274 2581 A:
1295 2553 1419 2580 sentire.
1475 2552 1502 2578 8.
1523 2551 1566 2578 A:
1588 2558 1644 2577 sua
1666 2549 1759 2576 deest.

451 2603 479 2625 o.
501 2595 543 2622 H:
571 2602 635 2621 cum
656 2594 750 2621 deest.
824 2600 862 2619 12.
884 2592 908 2619 D
930 2593 959 2618 in
982 2599 1095 2626 marg:
1124 2589 1260 2624 QuestiO.
1340 2589 1380 2615 ιδ.
1403 2586 1506 2614 ADG:
1534 2586 1644 2612 honum
1665 2584 1759 2611 deest.

451 2637 493 2656 22.
515 2628 588 2656 DG:
610 2629 663 2656 illo
674 2639 684 2661 ,·
703 2629 742 2656 ib.
759 2628 803 2655 A:
824 2627 985 2654 cilcendum
1005 2626 1104 2655 deest:
1126 2625 1167 2651 ib.
1188 2623 1232 2650 H:
1253 2626 1297 2650 est
1317 2623 1411 2650 deest.
1484 2621 1530 2648 20.
1553 2619 1657 2646 DGH:
1678 2618 1762 2645 debet

450 2664 557 2691 eciam.
630 2671 675 2698 27.
696 2662 769 2690 DG:
792 2662 857 2689 Deo
877 2670 942 2688 sua.
1017 2667 1062 2694 29.
1085 2659 1127 2686 H:
1150 2665 1246 2693 opem
1266 2657 1503 2692 ingratissima:
1523 2655 1562 2682 ib.
1580 2655 1621 2681 H:
1641 2654 1761 2688 despec-

451 2699 577 2725 tissima.
633 2698 671 2725 31.
694 2698 737 2724 H:
759 2701 788 2724 et
808 2697 901 2723 deest.
964 2694 995 2722 32
1029 2694 1132 2722 DGH:
1154 2701 1224 2720 nam
1244 2695 1400 2727 qnantum.
1462 2689 1505 2717 33,
1527 2691 1569 2717 A:
1592 2691 1621 2715 et
1639 2689 1759 2715 ilerum.

452 2733 493 2761 35.
514 2733 557 2760 D:
578 2734 698 2768 igilur:
724 2733 764 2759 ib.
786 2733 830 2759 A:
852 2730 1075 2765 interpretur&
1094 2729 1136 2756 H:
1158 2728 1312 2763 inpffcare.
1579 2730 1581 2734 ’

527 2816 553 2836 1.
582 2804 710 2845 Gospel
740 2803 791 2834 for
819 2803 916 2834 Good
947 2802 1084 2844 Friday.
1173 2798 1204 2832 O.
1229 2798 1308 2830 Joh.
1334 2798 1419 2836 XIX,
1448 2807 1500 2839 29.
1602 2806 1650 2836 17·
1676 2795 1761 2825 Rec-

453 2852 535 2882 tius:
565 2851 639 2881 Gal.
656 2850 711 2889 VI,
736 2860 788 2890 14:
817 2850 902 2881 Mihi
929 2854 1044 2880 autem
1074 2847 1163 2879 absit
1182 2845 1345 2887 gloriari,
1372 2844 1436 2875 nisi
1455 2844 1488 2874 in
1508 2852 1610 2874 cruce
1629 2840 1763 2872 domini

455 2897 568 2929 nostri
592 2898 675 2928 Jesu
707 2895 849 2928 Clu-isti.

1766 978 1802 998 10

1768 1256 1803 1289 15

1767 1560 1807 1580 20

1773 2130 1788 2161 '3
1794 2139 1814 2159 0

1780 2416 1814 2448 ³5
