2062 3276
203 261 275 297 136

192 1021 242 1048 No
253 1021 369 1057 earthly
381 1026 468 1056 agent

212 1056 314 1083 would
336 1061 383 1084 act
404 1057 451 1083 sor

194 1091 241 1118 his
262 1091 327 1118 lord
347 1100 379 1118 as
394 1091 468 1118 does

252 1126 301 1153 the
322 1127 414 1161 Pope.

219 2122 340 2157 Danger
361 2121 439 2149 from

238 2157 287 2184 the
308 2157 416 2191 Pope's

251 2191 412 2219 ambition.

777 266 1001 299 ,IOHANMS
1020 265 1204 297 WYCLIF
1224 265 1480 297 SERMONUM
1539 251 1690 310 [SERMO
1713 262 1792 289 XVI·

484 373 776 410 defendendum
823 372 941 409 fidem
989 371 1244 417 catholicam,
1291 372 1438 408 faceret
1481 371 1521 407 in
1566 372 1642 408 hoc
1681 384 1792 417 casu3

485 430 689 467 modicum
724 430 884 479 quidem
921 439 977 466 est
1010 431 1117 478 quod
1151 443 1316 478 regnum
1350 442 1420 478 per
1453 430 1610 466 fraudes
1634 430 1793 477 dyaboli

484 490 781 537 depauperatur
814 488 983 537 pecunia
1008 497 1044 525 et
1068 488 1262 536 personis,
1297 487 1425 524 maius
1448 496 1579 523 autem
1607 497 1663 524 est
1687 489 1794 536 quod

483 547 663 595 privatur
696 547 772 583 fide
806 546 1005 583 catholica
1038 546 1122 583 sine
1155 559 1234 594 qua
1265 544 1515 594 impossibile
1549 554 1605 581 est
1638 546 1795 593 placere

484 608 580 652 Deo,
621 606 689 642 sed
728 603 946 641 maximum
986 613 1042 641 est
1080 605 1188 653 quod
1231 613 1314 641 tam
1358 604 1494 652 patule
1538 603 1829 651 impugnatur5

484 663 581 700 fides
614 662 814 700 catholica
848 671 884 699 et
907 662 1176 698 Antichristus
1210 661 1410 698 extollitur
1434 674 1553 709 super
1577 661 1794 698 Christum.

484 722 584 758 Cum
620 720 725 757 enim
760 721 857 757 fides
892 720 1092 757 catholica
1130 720 1246 756 nobis
1285 720 1433 756 clamat
1472 720 1579 767 quod
1618 720 1797 755 Christus

484 779 601 815 nichil
628 786 757 828 potest
778 780 921 828 facere
959 779 1031 814 nisi
1073 779 1174 827 qnod
1207 779 1363 814 Patrem
1410 778 1549 813 viderit
1582 777 1795 826 facientem

483 844 540 881 (ut
581 846 688 885 patet
724 838 811 873 Joh.
845 838 913 883 VO,
955 841 1039 883 12›)=
1080 835 1167 884 quis
1207 836 1333 872 fidelis
1372 834 1528 871 dubitat
1561 835 1656 882 quin
1689 848 1794 883 papa

483 895 606 931 nichil
639 904 771 942 potest
801 895 932 931 facere
963 894 1191 942 specialiter
1224 894 1481 930 concedendo
1505 892 1577 929 Dei
1609 893 1794 939 offensas,
1817 906 1854 926 10

484 952 560 988 nisi
594 954 702 1001 quod
734 961 849 1000 pater
881 952 989 1000 prius
1022 952 1201 988 omnium
1237 952 1352 988 fecit?

543 1013 642 1047 Nam
683 1020 865 1047 terrenus
899 1010 1086 1047 dominus
1120 1009 1308 1046 assistens
1341 1022 1413 1045 suo
1459 1008 1623 1045 inimico
1668 1009 1794 1045 racio-

484 1069 671 1105 nabiliter
704 1068 954 1116 dedignatur,
996 1068 1026 1104 si
1067 1081 1201 1104 servus
1241 1081 1334 1104 suus
1372 1067 1460 1115 ipso
1494 1080 1574 1103 non
1608 1068 1793 1103 consulto

484 1140 556 1175 pro
601 1127 713 1163 lucro
758 1126 925 1175 proprio
971 1126 1138 1162 remittit
1182 1125 1237 1161 illi
1277 1125 1441 1162 inimico
1475 1125 1515 1160 in
1548 1125 1701 1170 domini
1735 1124 1794 1160 sui

482 1185 690 1233 presencia
723 1184 917 1221 offensam
952 1184 1064 1220 cuius
1097 1184 1280 1220 remissio
1325 1183 1381 1219 illi
1427 1183 1591 1219 domino
1637 1184 1851 1219 cede1·et15

483 1244 530 1280 ad
556 1245 766 1279 honorem.
796 1245 901 1279 Deus
925 1251 1056 1279 autem
1082 1255 1243 1290 presens
1267 1251 1325 1277 est
1349 1242 1388 1277 in
1412 1241 1588 1290 qualibet
1612 1250 1795 1277 creatura

484 1310 521 1338 et
554 1310 714 1349 oportet
747 1302 857 1348 quod
889 1300 1072 1336 remissio
1117 1313 1188 1336 sua
1232 1299 1280 1335 sit
1324 1298 1586 1339 insensibilis:
1631 1299 1671 1334 in
1716 1312 1794 1347 qua

483 1358 785 1395 communicare
817 1372 897 1394 non
931 1367 1062 1406 potest
1085 1357 1229 1406 aliquis
1253 1357 1324 1394 Dei
1347 1357 1539 1403 vicarius3
1572 1357 1663 1393 ideo
1697 1357 1794 1392 fides

483 1426 540 1453 est
573 1418 679 1465 quod
713 1429 819 1464 papa
851 1429 932 1453 non
966 1425 1097 1464 potest
1130 1416 1294 1463 aliquod
1334 1424 1544 1463 peccatum
1589 1414 1793 1451 remittere

482 1476 541 1511 vel
574 1474 872 1522 indulgenciam
907 1474 1027 1510 alicui
1060 1475 1281 1511 concedere
1304 1473 1379 1509 nisi
1404 1475 1508 1509 Deus
1531 1472 1640 1520 prius
1664 1472 1793 1520 ipsum
1811 1486 1852 1506 20

483 1533 680 1569 remiserit
713 1532 793 1569 sive
827 1532 1081 1577 concesserit,
1115 1541 1152 1568 et
1185 1533 1334 1568 factum
1368 1544 1470 1579 pape
1503 1532 1553 1567 ad
1578 1531 1793 1567 maximum

482 1604 563 1627 non
597 1600 653 1627 est
685 1590 759 1626 nisi
793 1590 978 1638 preconis
1012 1590 1082 1627 Dei
1124 1590 1415 1638 promulgacio,
1455 1599 1491 1625 et
1532 1589 1623 1625 hinc
1661 1601 1796 1625 neces-

482 1649 587 1685 saria
615 1646 620 1700 Ι
650 1658 706 1685 est
752 1648 872 1684 clavis
917 1648 1086 1684 sciencie
1138 1661 1186 1684 ne
1238 1649 1470 1695 blaspheme
1521 1647 1722 1683 discordet
1773 1660 1795 1682 a

482 1706 674 1751 Domino,
709 1707 932 1742 concedens
965 1708 1073 1754 quod
1106 1705 1302 1742 Dominus
1336 1719 1415 1742 non
1449 1704 1644 1742 concedit.
1693 1706 1793 1741 Cum

483 1774 616 1801 autem
650 1777 732 1801 non
765 1765 813 1801 sit
847 1764 943 1801 fides
968 1764 1063 1812 quin
1087 1763 1233 1812 poterit
1257 1763 1502 1809 discordare,
1537 1762 1631 1811 quia
1655 1775 1793 1799 secun·
1811 1766 1851 1798 25

483 1824 577 1858 dum
612 1823 730 1859 fidem
764 1822 948 1869 Apostoli
982 1824 1103 1858 homo
1137 1821 1291 1870 peccati
1316 1822 1522 1857 extollitur
1543 1833 1662 1870 supra
1686 1834 1796 1856 omne

484 1882 585 1929 qnod
617 1881 760 1916 dicitur
791 1882 913 1927 Deus,
958 1880 1094 1916 habita
1139 1879 1342 1916 evidencia
1376 1880 1535 1928 quidem
1571 1880 1677 1927 quod
1710 1887 1795 1915 tota

485 1938 653 1975 ecclesia
686 1939 820 1974 sedule
853 1947 1113 1983 scrutaretur,
1160 1938 1191 1974 si
1226 1940 1329 1974 Deus
1365 1937 1548 1985 dignetur
1582 1938 1676 1973 dare
1721 1936 1794 1972 sibi

484 2009 527 2033 ex
560 1996 761 2044 scriptura
793 1995 985 2032 noticiam
1019 1998 1069 2032 ad
1102 1997 1222 2032 talem
1256 1996 1532 2043 blasphemam
1566 1994 1792 2043 superbiam

483 2055 822 2102 cognoscendum.
1812 2057 1853 2088 30

539 2112 707 2148 Videtur
740 2112 845 2148 enim
880 2111 1012 2159 primo
1046 2113 1153 2159 quod
1187 2111 1273 2159 pari
1308 2110 1512 2147 evidencia
1554 2110 1648 2146 licet
1691 2123 1794 2158 pape

482 2182 552 2218 per
585 2169 854 2206 elevacionem
890 2169 1018 2206 crucis
1052 2169 1280 2205 huiusmodi
1315 2168 1524 2217 acquirere
1557 2167 1630 2203 sibi
1664 2177 1792 2203 totum

482 2227 704 2264 dominium
740 2227 855 2263 huius
889 2227 1047 2273 mundi3
1081 2228 1128 2263 de
1152 2228 1227 2263 hoc
1249 2236 1384 2263 tamen
1407 2226 1585 2274 periculo
1610 2235 1794 2262 caverent

482 2285 636 2322 domini
669 2286 912 2334 temporales
946 2298 1035 2322 cum
1068 2294 1153 2321 tota
1186 2284 1365 2321 ecclesia.

539 2343 744 2389 Similiter,
770 2343 950 2379 Christus
983 2355 1057 2379 nec
1088 2343 1180 2379 fecit
1213 2355 1285 2379 nec
1317 2343 1447 2379 facere
1470 2341 1600 2390 potuit
1622 2345 1679 2381 (ut
1702 2345 1848 2389 pro-35

481 2400 665 2437 habiliter
697 2401 901 2449 opinatur)
938 2402 1044 2449 quod
1080 2400 1185 2437 Petri
1218 2400 1420 2449 percussio
1444 2399 1483 2436 in
1506 2413 1576 2436 sua
1600 2400 1792 2448 capcione

481 2459 583 2495 foret
615 2468 696 2495 tam
732 2459 951 2500 meritoria,
986 2472 1075 2495 cum
1107 2458 1297 2506 magister
1319 2457 1496 2507 optimus
1519 2458 1649 2506 ipsum
1673 2470 1793 2506 prop-

480 2526 589 2553 terea
607 2517 854 2565 reprobavit,
879 2530 972 2565 ergo
996 2529 1066 2565 per
1089 2518 1222 2553 locum
1247 2530 1269 2553 a
1293 2516 1505 2552 sufficienti
1531 2516 1793 2553 similitudine

480 2587 586 2622 papa
603 2587 683 2611 non
701 2576 820 2611 habet
839 2583 1078 2623 potestatem
1098 2575 1268 2612 faciendi
1288 2573 1657 2622 peregrinacionem
1673 2574 1790 2611 istam

1812 1639 1885 1670 Fol.

1812 1683 1893 1716 305*

547 2719 572 2747 5.
594 2720 636 2747 D:
657 2720 799 2748 maxime.
865 2729 905 2748 10.
927 2721 971 2748 A:
992 2721 1170 2756 specialiler
1189 2721 1283 2748 deest.
1350 2729 1383 2748 11.
1406 2720 1444 2748 E:
1462 2723 1556 2755 pater
1575 2728 1665 2748 suits:
1685 2720 1724 2747 ib.
1748 2720 1788 2747 D:

479 2755 589 2781 omnia.
674 2763 712 2781 12.
734 2755 803 2782 DE:
823 2764 878 2782 suo
899 2757 929 2782 in
950 2756 1068 2782 merito.
1152 2756 1190 2783 18.
1214 2755 1280 2782 DE:
1303 2764 1362 2783 non
1385 2756 1479 2783 deest.
1561 2764 1607 2783 20.
1629 2757 1672 2782 A:
1695 2755 1789 2789 speum

480 2790 574 2816 deest.
648 2790 690 2817 225.
711 2790 901 2825 1)E:patest
920 2791 1120 2817 concordare.
1194 2791 1236 2818 32.
1260 2791 1325 2817 DE:
1347 2791 1431 2817 modi
1448 2791 1541 2817 deest.

554 2893 603 2916 12.
631 2884 682 2915 Cf.
711 2885 867 2916 Cruciata
894 2885 914 2916 l.
941 2896 967 2918 c.
995 2895 1072 2926 pag.
1099 2883 1176 2918 601.
1275 2883 1326 2919 2⁴3,
1354 2872 1534 2916 HssThess.
1562 2885 1599 2924 ΙΙ,
1627 2896 1659 2926 4.
