2062 3276
219 232 354 262 SERMO
373 222 458 281 νη]
699 239 891 278 QUARTA
918 240 1046 273 PARS.
1768 241 1816 276 «35

219 355 341 391 opera
390 343 595 380 meritoria
643 346 692 380 ad
740 355 910 382 mortem
960 359 1072 383 suam
1118 349 1312 386 ducencia
1356 350 1449 387 facit
1492 351 1532 388 in

219 400 365 447 gracia,
400 410 437 437 et
470 402 544 438 hoc
577 402 723 438 suflicit
756 403 1028 450 predestinato
1062 407 1111 441 ad
1152 406 1391 455 martirium,
1441 422 1530 445 cum

219 458 259 494 in
292 471 412 495 causa
446 459 517 496 Dei
551 459 760 507 occiditur,
796 474 889 509 ergo
922 463 1137 500 conclusio.

274 516 515 553 Meditemur
548 530 640 565 ergo
672 520 762 554 Jesu
793 519 941 556 Christi
973 521 1101 557 nostri
1134 522 1409 560 acutissimam
1443 537 1531 572 pas-
1546 531 1599 559 Lct
1619 534 1819 580 impu-:ditate

184 572 200 604 5
217 573 368 610 sionem
386 577 589 623 quomodo
608 589 680 624 pro
702 577 827 613 salute
848 587 983 614 nostra
1007 588 1044 615 et
1068 592 1140 627 pro
1162 583 1371 629 purgando
1393 591 1529 619 nostro
1585 568 1778 638 osliuissifiiigsf

216 631 382 668 crimine
415 634 483 669 sed
515 646 596 670 non
628 647 699 670 suo
732 648 872 682 passus
896 636 968 673 fuit
990 638 1229 684 generaliter
1251 639 1361 675 omni
1385 652 1529 688 genere

215 690 423 737 passionis.
478 692 659 728 Christus
705 692 809 729 enim
856 707 994 741 passus
1040 705 1098 732 est
1142 696 1182 732 in
1228 706 1332 734 etate
1382 699 1526 745 media,

214 749 376 795 quando
408 748 463 784 vis
495 750 688 786 naturalis
722 752 811 798 plus
843 752 984 800 viguit:
1029 767 1170 801 passus
1217 764 1274 791 est
1319 768 1341 791 a
1385 769 1529 804 genere

213 806 378 854 proprio
422 807 510 854 plus
543 807 715 856 ingrato,
755 809 858 846 sicut
902 823 1041 858 passus
1085 821 1142 848 est
1185 812 1225 848 in
1264 812 1327 849 die
1370 823 1407 850 et
1439 815 1528 851 loco

160 872 199 892 10
214 863 301 910 plus
335 864 497 911 publico
519 879 601 902 non
623 867 751 903 solum
778 868 1012 905 effusionem
1036 870 1238 918 sanguinis
1262 871 1528 908 intercutanei

212 933 284 957 nec
317 923 445 958 solum
485 922 525 959 in
569 925 677 960 venis
716 934 758 961 ut
801 926 903 962 vasis
942 927 1022 963 suis
1061 928 1287 965 absconditi
1325 931 1393 966 sed
1433 930 1528 966 effu-

211 979 364 1016 sionem
413 981 615 1029 sanguinis
661 982 702 1018 in
746 985 865 1020 corde
909 985 1112 1022 fontaliter
1156 986 1385 1035 instagnati.
1440 990 1526 1035 lpse

213 1049 306 1085 ergo
345 1038 412 1087 qui
451 1040 575 1076 nollet
613 1053 685 1088 pro
725 1041 891 1078 crimine
929 1056 1000 1079 suo
1034 1044 1197 1092 proprio
1230 1045 1314 1092 pati
1347 1045 1524 1094 aliquam

212 1096 438 1142 passionem
483 1097 633 1134 indicat
677 1111 718 1136 se
761 1113 842 1136 non
887 1114 971 1137 esse
1012 1104 1239 1138 membrum
1272 1103 1333 1139 vel
1366 1113 1523 1151 partem

159 1152 195 1184 15
212 1154 388 1191 ecclesie.

270 1212 458 1249 Dicamus
499 1227 592 1262 ergo
631 1217 770 1251 crebro
815 1217 1001 1253 devocius
1033 1219 1114 1254 Ave
1149 1219 1339 1267 magister
1371 1220 1524 1268 optime
1565 1227 1794 1267 prayto'Him,

211 1269 277 1317 qui
311 1283 383 1318 pro
416 1281 552 1308 nostro
586 1273 751 1310 crimine
784 1287 862 1310 non
897 1288 969 1322 pro
1003 1284 1071 1312 tuo
1103 1277 1326 1313 sustinuisti
1360 1278 1398 1313 in
1423 1279 1523 1314 cari-
1545 1263 1805 1325 ³1¹-231111¹‘{1“]42¹1¹¹J-¹ge

211 1337 290 1364 tate
324 1330 496 1365 maxima
529 1330 759 1368 huiusmodi
797 1333 1024 1380 passionem
1066 1343 1103 1370 et
1147 1335 1186 1370 in
1226 1336 1303 1372 fide
1344 1336 1522 1372 vivamus
1547 1332 1804 1402 ¹¹³¹ffisf‘gpe‘1‘3‘g-iss

209 1386 360 1422 domini
392 1389 482 1423 ,Iesu
516 1389 661 1425 Christi
695 1392 802 1437 quod
835 1401 995 1438 oportet
1023 1405 1095 1428 nos
1119 1392 1149 1428 si
1173 1394 1316 1429 salvari
1339 1395 1522 1431 volumus

153 1453 194 1474 20
209 1443 339 1491 ipsum
374 1445 413 1481 in
448 1446 624 1483 moribus
657 1447 817 1484 imitari.
854 1451 900 1485 Et
930 1463 1167 1486 evacuemus
1191 1464 1330 1488 omnes
1353 1452 1523 1488 infideli-

209 1511 309 1538 tates
343 1503 502 1539 frivolas
536 1514 573 1541 et
607 1506 835 1552 specialiter
867 1508 1084 1544 seminatas
1124 1521 1146 1544 a
1190 1509 1299 1545 falsis
1332 1510 1522 1547 fratribus

209 1559 247 1595 in
280 1562 365 1608 lege
399 1562 514 1598 huius
547 1563 699 1599 domini
731 1577 811 1601 non
842 1565 1028 1602 fundatas
1061 1567 1129 1602 sed
1168 1567 1263 1615 ipsis
1304 1568 1523 1605 fulminatis

208 1618 291 1654 sine
322 1619 562 1657 fundacione
594 1621 635 1657 in
668 1622 746 1658 fide
778 1622 874 1670 legis
907 1624 1103 1672 scripture
1136 1624 1216 1661 sive
1248 1639 1270 1661 a
1304 1639 1409 1674 papa
1442 1627 1522 1663 sive

207 1689 229 1711 a
274 1677 460 1714 fratribus
506 1680 726 1716 habeamus
772 1693 837 1717 eas
881 1682 969 1728 plus
1014 1692 1233 1730 suspectas,
1280 1697 1370 1720 cum
1416 1685 1522 1721 dicat

150 1734 189 1766 25
207 1735 387 1772 Christus
420 1738 561 1773 Matth.
595 1739 699 1785 V110,
741 1739 807 1775 15:
853 1740 1047 1776 Attendite
1090 1754 1112 1776 α
1149 1742 1274 1790 salsis
1316 1744 1519 1792 prophetis

205 1793 269 1841 qui
291 1794 442 1830 veniunt
463 1796 515 1830 acl
537 1808 603 1831 vos
624 1797 659 1831 in
694 1797 927 1833 vestimentis
959 1799 1099 1839 ovium,
1133 1799 1361 1837 intrinsecus
1392 1809 1518 1837 autem

203 1859 291 1886 sunt
331 1852 412 1901 lupi
448 1865 632 1902 rapaces;
675 1867 695 1890 α
730 1855 932 1903 fructibus
970 1857 1066 1892 enim
1107 1870 1239 1893 eorum
1279 1860 1520 1909 cognoscetis

204 1921 277 1944 ρος.
326 1912 374 1946 Et
419 1923 709 1958 cognoscamus
755 1915 975 1949 secundum
1021 1914 1139 1951 fidem
1181 1917 1366 1963 Apostoli
1410 1919 1517 1965 quod

202 1966 305 2003 inter
337 1978 428 2004 octo
462 1969 640 2016 pericula
672 1980 859 2007 octavum
895 1981 932 2008 et
967 1973 1184 2009 maximum
1233 1984 1291 2010 est
1337 1976 1372 2010 in
1395 1976 1518 2024 falsis
1546 1970 1796 2035 Fsslssieafffzlffn

145 2026 407 2073 3ofratr1'hus.
443 2029 649 2064 Excedunt
683 2029 785 2064 enim
822 2042 893 2077 per
925 2043 1040 2066 suam
1078 2031 1295 2079 ypocrisim
1336 2034 1518 2069 adulato-
1533 2028 1808 2068 devilsiricarnate.

203 2083 303 2119 riam
335 2085 590 2121 luciferinum
624 2086 860 2134 periculum,
895 2101 985 2124 cum
1017 2098 1109 2126 sunt
1132 2089 1171 2125 in
1194 2090 1323 2126 forma
1347 2091 1518 2127 hominis

203 2141 352 2178 diaboli
383 2142 591 2180 incarnati.
643 2146 745 2181 Cum
778 2145 899 2193 igitur
931 2159 953 2182 a
986 2146 1064 2182 fide
1096 2148 1292 2195 scripture
1325 2149 1364 2185 in
1398 2149 1519 2186 tantis

204 2200 368 2236 cautelis
403 2201 637 2248 exorbitant,
672 2215 948 2251 supponamus
981 2207 1089 2253 quod
1122 2205 1198 2242 nisi
1222 2207 1300 2243 fide
1322 2207 1518 2255 scripture

201 2259 447 2295 ostenderint
482 2261 590 2307 quod
624 2261 816 2309 quicquid
849 2262 1019 2299 dixerint
1051 2272 1108 2300 est
1140 2264 1336 2301 fallaciter
1358 2278 1380 2301 a
1403 2274 1519 2313 patre

144 2315 184 2349 :³5
202 2316 400 2352 mendacii
446 2318 685 2354 fabricatum
735 2328 772 2355 et
819 2322 1012 2357 servando
1060 2334 1131 2358 nos
1178 2322 1219 2358 in
1261 2323 1337 2359 ista
1382 2324 1519 2371 regula

200 2387 415 2421 possumus
448 2377 773 2423 pseudofratrum
809 2391 946 2415 cavere
979 2379 1218 2427 periculum.

269 2552 298 2576 4.
320 2542 388 2571 DE:
416 2544 518 2572 nostri
541 2544 635 2573 deest.
777 2546 800 2574 5.
822 2548 866 2574 A:
895 2549 926 2574 et
945 2547 1128 2582 purgando.
1270 2557 1297 2584 7.
1318 2549 1330 2577 1
1350 2549 1379 2577 in
1402 2557 1516 2585 marg:

203 2577 339 2605 Christus
352 2587 460 2614 passus
478 2582 523 2606 est
540 2581 626 2607 omni
643 2589 761 2617 genere
776 2582 940 2616 passionis.
1059 2590 1088 2617 9.
1109 2583 1137 2610 1:
1164 2584 1219 2611 sed
1238 2592 1345 2619 passus
1369 2588 1415 2612 est
1437 2586 1516 2613 loco.

201 2621 242 2639 10.
257 2614 302 2640 A:
318 2614 443 2649 publice
452 2624 462 2646 ,·
481 2614 521 2643 ib.
537 2615 620 2642 DEI:
636 2616 850 2650 perdicionem
864 2617 1037 2652 sanguinis,
1112 2626 1149 2645 12.
1168 2619 1234 2645 DE:
1256 2620 1286 2645 in
1307 2620 1400 2646 corde
1420 2620 1515 2646 deest.

201 2655 243 2682 19.
266 2649 310 2675 A:
338 2649 485 2681 volimus;
508 2649 536 2676 1:
563 2650 758 2677 voluerimus.
833 2658 871 2678 21.
893 2653 920 2679 1:
946 2653 1079 2679 semitas,
1152 2660 1194 2680 22.
1217 2653 1286 2681 DE:
1314 2655 1403 2681 huius
1421 2654 1516 2681 deest.

200 2690 246 2714 24.
267 2682 336 2709 DE:
364 2691 415 2710 eas
435 2684 504 2710 iden
524 2688 685 2719 suspecta&
811 2693 858 2720 29.
881 2686 950 2713 DE:
980 2690 1117 2714 octavum
1138 2692 1182 2715 est
1201 2690 1363 2716 marimum
1382 2690 1518 2721 scilicet,·

200 2717 240 2743 ib.
261 2717 274 2743 I
293 2718 322 2744 in
345 2726 458 2753 marg„-
479 2718 516 2744 ΙΙ.
541 2718 610 2745 Cor.
632 2719 682 2746 XI.
739 2718 777 2747 31.
799 2720 868 2748 De:
887 2722 958 2748 sint.
1015 2720 1132 2756 32—34.
1153 2723 1182 2750 I:
1203 2725 1233 2750 in
1255 2725 1347 2750 tantis
1368 2739 1384 2742 -
1418 2727 1517 2751 osten-

200 2751 306 2778 derint
324 2752 419 2779 deest.
491 2752 537 2780 36.
560 2754 599 2780 E:
615 2756 777 2789 pensando
788 2755 943 2791 fratrum.

270 2867 323 2901 29.
349 2858 388 2890 II.
416 2859 494 2891 Cor.
519 2860 575 2900 XI,
604 2858 657 2892 26.
