2062 3276
282 253 416 280 samio
439 245 593 301 xxvia!
761 259 951 297 QUARTA
980 261 1106 291 PARs.

278 361 344 409 qui
380 362 528 398 faciunt
562 363 678 400 fidem
716 373 875 401 tenuem
909 365 1117 407 vacilla1·c;
1160 376 1196 402 et
1231 368 1328 404 tales
1368 377 1458 404 sunt
1500 382 1587 405 cum

279 418 360 454 filio
385 420 629 456 centurionis
654 421 691 457 in
712 423 995 469 Caphar-naum
1030 423 1085 470 (id
1110 433 1179 469 est,
1214 437 1310 471 agro
1336 425 1589 473 pinguedinis

277 477 336 512 vel
368 476 460 513 villa
494 479 800 526 consolacionis)
834 480 1046 527 paralitici.

335 535 402 570 Est
437 535 539 571 enim
575 536 759 584 paralisis
793 537 926 584 passio
959 538 1177 576 dissolvens
1211 553 1353 576 nervos
1388 550 1518 576 motos
1544 554 1585 577 ex

244 591 443 628 §fluxibili
478 593 658 638 materia,
693 594 748 630 sic
782 596 887 643 quod
922 595 1044 631 virtus
1078 597 1270 634 directiva
1304 611 1472 646 operum
1507 611 1587 635 non

275 649 421 685 sufficit
459 651 654 687 stabiliter
693 665 828 699 regere
868 655 1093 689 membrum
1129 656 1178 691 ad
1220 668 1333 703 opus,
1374 657 1442 692 sed
1481 669 1587 693 nunc

274 706 440 754 erigitur
485 717 521 744 et
569 721 673 745 nunc
721 710 997 758 supprimitur.
1053 714 1108 748 Ita
1158 722 1214 749 est
1263 715 1310 750 de
1358 713 1586 750 christianis

274 764 570 802 conlidentibus
604 766 643 802 in
676 768 965 815 temporalibus
1005 772 1113 817 quod
1158 784 1299 807 manus
1340 784 1507 819 operum
1549 781 1586 808 et

273 823 394 870 pedes
439 823 703 860 affeccionum
749 825 938 862 vacillant
977 839 998 863 a
1032 836 1142 864 recto
1187 829 1349 865 tramite
1392 830 1586 878 sequendi

221 893 258 913 10
273 879 492 927 Christum,
526 881 566 917 in
599 891 755 918 tantum
791 885 899 931 quod
933 897 1012 920 non
1045 886 1251 923 sufficiunt
1276 887 1408 923 dicere
1431 887 1587 924 oracio-

273 949 363 974 nem
398 939 644 976 dominicam
679 940 755 976 nisi
789 941 950 978 tremuli
985 943 1275 981 commisceant
1315 945 1586 992 cogitaciones

273 997 500 1033 mundanas
554 1010 643 1034 cum
697 999 968 1046 oracionibus,
1024 1010 1061 1037 et
1105 1001 1196 1038 hinc
1239 1015 1318 1038 non
1368 1003 1587 1051 impetrant

272 1054 379 1101 quod
413 1063 566 1102 petunt.
602 1057 661 1092 Ad
697 1069 815 1104 quem
841 1070 1001 1094 sensum
1034 1058 1191 1095 videtur
1215 1060 1418 1097 Christum
1454 1060 1587 1097 dicere

271 1112 437 1147 Matthei
471 1114 611 1159 XV110,
654 1127 698 1161 ¹9
734 1123 771 1150 et
804 1115 929 1152 Marci
963 1118 1047 1161 IV0,
1092 1117 1133 1153 31
1175 1119 1284 1166 quod
1329 1119 1363 1154 si
1407 1119 1590 1168 discipuli

219 1171 254 1203 15
270 1169 330 1204 sui
351 1170 554 1206 habuerint
576 1172 852 1222 tantamfidem
876 1174 974 1209 sicut
994 1187 1165 1224 granum
1188 1176 1334 1225 sinapis
1356 1184 1391 1212 et
1414 1177 1587 1212 dixerint

271 1227 391 1262 monti
421 1235 460 1263 ut
488 1229 694 1278 precipitet
725 1242 765 1266 se
797 1231 832 1266 in
866 1244 986 1275 mare,
1020 1233 1071 1268 ita
1093 1233 1180 1282 fiet.

328 1287 382 1320 Ex
415 1298 495 1333 quo
528 1295 636 1334 patet
669 1289 776 1335 quod
812 1289 944 1325 deficit
978 1290 1074 1326 fides
1108 1291 1255 1327 Christi
1289 1301 1330 1327 ut
1364 1291 1585 1339 plurimum

271 1342 310 1377 in
343 1343 470 1379 nobis.
513 1345 645 1381 Grana
679 1345 784 1381 enim
824 1346 974 1395 sinapis
1013 1357 1104 1384 sunt
1145 1349 1304 1386 modica
1343 1349 1583 1397 quantitate,

271 1401 338 1435 sed
373 1414 516 1449 magna
549 1402 706 1449 virtute,
747 1412 784 1439 et
823 1406 872 1440 ad
911 1404 1086 1442 litteram
1121 1406 1319 1454 sinapium
1356 1417 1412 1443 est
1446 1416 1586 1444 contra

214 1471 255 1492 20
270 1458 475 1505 paralisim
510 1461 703 1508 precipua
737 1461 948 1498 medicina.
995 1463 1061 1499 Sic
1095 1476 1229 1500 semen
1264 1465 1355 1501 fidei
1389 1465 1585 1514 scripture

174 1508 255 1569 ¹?ng
270 1525 327 1552 est
356 1512 359 1567 l
391 1517 560 1554 maxime
594 1518 749 1555 virtutis
794 1524 851 1563 (ut
897 1529 1005 1568 patet
1049 1523 1097 1558 ad
1133 1523 1311 1559 Hebreos
1345 1524 1445 1569 XIO),
1493 1537 1583 1559 cum

174 1561 238 1587 ³¹⁰
271 1573 402 1621 ipsum
436 1576 620 1622 producit
644 1590 783 1613 omnes
806 1578 957 1614 fructus
981 1592 1148 1627 operum
1172 1580 1211 1616 in
1236 1580 1416 1628 patribus
1440 1581 1585 1617 utrius-

272 1644 349 1678 que
388 1634 629 1670 testamenti.
675 1637 774 1671 Nam
816 1636 1005 1673 habentes
1046 1639 1341 1685 quantumlibet
1381 1639 1583 1675 modicum

276 1689 367 1726 fidei
401 1691 596 1739 scripture
629 1694 736 1740 quod
769 1694 937 1742 expellat
968 1703 1183 1731 tremorem
1209 1696 1491 1744 temporalium
1517 1697 1584 1745 qui

220 1754 261 1787 25
278 1756 334 1783 est
366 1748 582 1796 spiritualis
614 1751 821 1798 paralysi8‚
858 1752 1050 1800 quicquid
1089 1754 1390 1801 postulaverint,
1429 1755 1468 1790 in
1508 1755 1584 1790 fide

1609 549 1703 577 what
1727 552 1813 587 pulsi·
1836 552 1871 579 is.

278 1805 400 1842 nichil
438 1806 669 1854 hesitantes,
711 1811 815 1845 Deus
854 1810 1073 1858 supplebit3
1118 1811 1172 1848 sic
1217 1814 1326 1860 quod
1369 1821 1665 1861 quantum-The
1681 1823 1778 1857 prouti
1796 1824 1871 1850 shall

263 1876 422 1911 cunque
456 1874 694 1902 montuosus
728 1867 846 1903 fuerit
881 1867 1053 1904 infidelis
1086 1869 1127 1905 in
1166 1870 1354 1918 superbia
1399 1872 1449 1907 ad
1493 1884 1582 1907 ora-

263 1921 417 1957 cionem
466 1922 623 1959 fidelem
670 1924 950 1961 humiliabitur
989 1939 1011 1962 a
1051 1936 1264 1964 montuosa
1309 1928 1497 1976 superbia
1544 1938 1580 1965 et

262 1980 377 2015 cadet
410 1979 448 2015 in
484 1993 662 2018 amaram
699 1982 988 2019 contricionem
1024 1985 1071 2020 de
1104 1998 1205 2022 vana
1238 1985 1446 2022 iactancia.
1482 1987 1580 2032 Quis

224 2037 366 2072 oenim
402 2038 629 2075 considerat
662 2053 704 2076 ex
730 2040 805 2077 fide
830 2041 1025 2089 scripture
1059 2045 1265 2090 quomodo
1299 2044 1430 2080 omnis
1466 2057 1579 2080 mons

261 2103 298 2130 et
332 2095 443 2131 collis
484 2097 763 2134 humiliabitur
802 2112 882 2135 non
921 2100 1048 2136 solum
1090 2101 1130 2136 in
1172 2110 1298 2137 morte
1339 2115 1411 2138 nec
1450 2103 1578 2138 solum

260 2152 299 2188 in
341 2153 403 2189 die
442 2153 579 2190 iudicii
619 2157 687 2191 sed
728 2156 955 2204 specialiter
995 2158 1035 2193 in
1075 2158 1244 2204 inferno,
1285 2161 1448 2208 quando
1487 2173 1580 2196 con—

260 2210 437 2247 fitebitur
488 2212 684 2249 inutiliter
729 2216 835 2262 quod
890 2215 1013 2251 nichil
1057 2217 1206 2264 profuit
1250 2217 1323 2253 sibi
1368 2218 1578 2263 iactancia,

260 2268 542 2306 humiliabitur
589 2271 680 2307 velit
728 2272 842 2317 nolit,
897 2286 985 2309 cum
1026 2274 1182 2311 Veritas
1235 2275 1431 2323 scripture
1484 2276 1579 2312 dicit

201 2329 241 2362 25
262 2327 366 2362 Luce
389 2328 545 2374 XV1110,
578 2341 623 2374 14
659 2331 767 2376 quod
801 2331 922 2366 omnis
954 2332 1018 2379 qui
1047 2344 1086 2367 se
1119 2333 1268 2368 exaltat
1297 2334 1574 2369 humiliabitur.

260 2385 307 2419 Et
344 2384 435 2420 hinc
468 2387 587 2422 credo
620 2389 727 2434 quod
760 2387 802 2423 in
835 2388 956 2424 veteri
996 2398 1238 2426 testamento
1278 2399 1369 2427 ante
1409 2391 1579 2427 circum-

260 2440 451 2478 cisionem
487 2443 556 2479 filii
591 2444 730 2481 salvati
764 2454 855 2481 sunt
889 2446 928 2482 in
962 2446 1038 2483 fide
1071 2456 1283 2495 parentum
1320 2457 1356 2484 et
1381 2453 1438 2493 (ut
1462 2462 1579 2485 evan-

259 2499 404 2545 gelium
440 2501 677 2537 hodiernum
705 2503 901 2548 meminit)
937 2504 1040 2540 filius
1063 2505 1310 2542 centurionis
1335 2516 1498 2543 sanatus
1521 2516 1579 2543 est

327 2640 352 2660 2.
374 2633 446 2660 DG:
472 2634 668 2670 Capltarnao.
769 2635 793 2663 3.
815 2637 857 2664 D:
889 2637 937 2664 vel
956 2638 1049 2665 deest.
1135 2647 1165 2672 4.
1187 2647 1318 2672 nervos;
1347 2640 1387 2667 D:
1415 2648 1579 2673 710ramo.s·;

260 2667 301 2693 ib.
322 2668 367 2695 A:
388 2669 493 2695 motui.
567 2670 594 2696 ¹3.
617 2670 658 2697 l):
680 2670 821 2698 mehrum.
895 2672 921 2699 8.
944 2672 1017 2700 DG:
1038 2676 1094 2699 tem
1119 2674 1231 2701 oralia.
1308 2682 1344 2701 12.
1368 2674 1472 2702 DGH:
1494 2684 1577 2702 mun-

257 2700 364 2728 diales.
509 2712 549 2736 η.
572 2706 616 2731 A:
646 2705 778 2732 illatlltet'
799 2705 846 2733 ΧΙ.
992 2707 1028 2734 15.
1058 2708 1081 2734 1⁷)
1103 2708 1132 2734 }:
1163 2708 1309 2736 haherent
1329 2730 1335 2736 .
1354 2730 1359 2735 .
1378 2731 1406 2737 ..
1429 2710 1576 2737 dicerent.

260 2735 299 2764 ¹6.
323 2737 366 2764 l-l:
388 2738 486 2764 monti
503 2739 604 2773 quod;
624 2739 662 2766 ib.
681 2739 755 2767 AG:
777 2748 810 2767 se
826 2741 919 2768 deest.
995 2742 1034 2768 18.
1053 2743 1124 2769 DH:
1147 2743 1262 2778 sinapis
1281 2744 1380 2778 dees13
1403 2745 1442 2772 ib.
1460 2745 1502 2772 H:
1524 2745 1577 2771 mi-

259 2778 337 2808 nore
357 2773 540 2806 quantitate.
652 2781 692 2808 ¹0-
716 2774 758 2802 I):
779 2776 932 2811 xinapum.
1031 2783 1069 2804 21.
1092 2778 1136 2803 A:
1159 2777 1247 2805 iuxta
1267 2786 1327 2805 nuc
1346 2779 1414 2812 (sic)
1435 2780 1578 2808 virtutis:

259 2805 299 2831 lb.
329 2806 369 2832 1›:
399 2807 442 2833 ad
469 2808 564 2834 deest.
708 2816 754 2842 24,
782 2809 823 2836 25,
850 2810 954 2837 AbG:
985 2819 1044 2846 que
1069 2815 1124 2838 est.
1268 2813 1309 2840 25.
1340 2813 1383 2841 H:
1410 2818 1454 2840 vx!
1481 2814 1576 2841 deest.

259 2839 306 2866 2⁴3.
327 2841 372 2867 A:
401 2841 457 2868 sed
475 2842 566 2876 quod.
675 2850 718 2877 27.
741 2843 813 2870 DG:
840 2848 1075 2872 monstruosum.
1193 2854 1240 2881 29,
1262 2847 1307 2874 30.
1331 2848 1377 2875 H:
1408 2849 1469 2883 Qui
1487 2850 1574 2875 enim.

260 2874 304 2900 30.
327 2875 434 2902 ADG:
458 2877 670 2904 considerans.

1376 2940 1384 2960 1
1395 2929 1414 2959 f)
1425 2932 1444 2948 ἦ

1629 1857 1663 1883 be
1686 1858 1722 1883 hu
1730 1865 1757 1884 m
1764 1858 1841 1884 bled.
