<?xml version="1.0" encoding="UTF-8"?>
<!DOCTYPE html PUBLIC "-//W3C//DTD XHTML 1.0 Transitional//EN"
    "http://www.w3.org/TR/xhtml1/DTD/xhtml1-transitional.dtd">
<html xmlns="http://www.w3.org/1999/xhtml" xml:lang="en" lang="en">
 <head>
  <title>
</title>
<meta http-equiv="Content-Type" content="text/html;charset=utf-8" />
  <meta name='ocr-system' content='tesseract 3.04.00' />
  <meta name='ocr-capabilities' content='ocr_page ocr_carea ocr_par ocr_line ocrx_word'/>
</head>
<body>
  <div class='ocr_page' id='page_1' title='image "./iohanniswyclifse0704wycl_0506.png"; bbox 0 0 2062 3276; ppageno 0'>
   <div class='ocr_carea' id='block_1_1' title="bbox 218 245 298 288">
    <p class='ocr_par' dir='ltr' id='par_1_1' title="bbox 218 245 298 288">
     <span class='ocr_line' id='line_1_1' title="bbox 218 245 298 288; baseline -0.013 -8"><span class='ocrx_word' id='word_1_1' title='bbox 218 245 298 288; x_wconf 80' lang='lat'>486</span> 
     </span>
    </p>
   </div>
   <div class='ocr_carea' id='block_1_2' title="bbox 217 598 485 660">
    <p class='ocr_par' dir='ltr' id='par_1_2' title="bbox 217 598 485 660">
     <span class='ocr_line' id='line_1_2' title="bbox 243 598 462 633; baseline -0.009 -7"><span class='ocrx_word' id='word_1_2' title='bbox 243 598 310 626; x_wconf 77' lang='lat' dir='ltr'>The</span> <span class='ocrx_word' id='word_1_3' title='bbox 331 598 462 633; x_wconf 87' lang='lat' dir='ltr'>worldly</span> 
     </span>
     <span class='ocr_line' id='line_1_3' title="bbox 217 632 485 660; baseline -0.004 0"><span class='ocrx_word' id='word_1_4' title='bbox 217 632 339 660; x_wconf 79' lang='lat' dir='ltr'>disdain</span> <span class='ocrx_word' id='word_1_5' title='bbox 362 633 399 660; x_wconf 85' lang='lat' dir='ltr'>all</span> <span class='ocrx_word' id='word_1_6' title='bbox 420 633 485 659; x_wconf 85' lang='lat' dir='ltr'>that</span> 
     </span>
    </p>
   </div>
   <div class='ocr_carea' id='block_1_3' title="bbox 218 667 490 730">
    <p class='ocr_par' dir='ltr' id='par_1_3' title="bbox 218 667 490 730">
     <span class='ocr_line' id='line_1_4' title="bbox 218 667 490 701; baseline 0 -7"><span class='ocrx_word' id='word_1_7' title='bbox 218 667 292 694; x_wconf 88' lang='lat' dir='ltr'>does</span> <span class='ocrx_word' id='word_1_8' title='bbox 313 672 366 695; x_wconf 91' lang='lat' dir='ltr'>not</span> <span class='ocrx_word' id='word_1_9' title='bbox 383 668 490 701; x_wconf 84' lang='lat' dir='ltr'>appeal</span> 
     </span>
     <span class='ocr_line' id='line_1_5' title="bbox 224 702 489 730; baseline 0 -1"><span class='ocrx_word' id='word_1_10' title='bbox 224 706 254 729; x_wconf 88' lang='lat' dir='ltr'>to</span> <span class='ocrx_word' id='word_1_11' title='bbox 274 702 353 730; x_wconf 86' lang='lat' dir='ltr'>their</span> <span class='ocrx_word' id='word_1_12' title='bbox 374 710 489 730; x_wconf 85' lang='lat' dir='ltr'>senses.</span> 
     </span>
    </p>
   </div>
   <div class='ocr_carea' id='block_1_4' title="bbox 807 242 1819 291">
    <p class='ocr_par' dir='ltr' id='par_1_4' title="bbox 807 242 1819 291">
     <span class='ocr_line' id='line_1_6' title="bbox 807 242 1819 291; baseline -0.005 -10"><span class='ocrx_word' id='word_1_13' title='bbox 807 249 1030 281; x_wconf 85' lang='lat' dir='ltr'>JOHANNIS</span> <span class='ocrx_word' id='word_1_14' title='bbox 1048 249 1234 281; x_wconf 89' lang='lat' dir='ltr'>WYCLIF</span> <span class='ocrx_word' id='word_1_15' title='bbox 1255 249 1510 281; x_wconf 88' lang='lat' dir='ltr'>SERMONUM</span> <span class='ocrx_word' id='word_1_16' title='bbox 1551 242 1703 291; x_wconf 80' lang='lat' dir='ltr'>{SERMO</span> <span class='ocrx_word' id='word_1_17' title='bbox 1724 245 1819 276; x_wconf 83' lang='lat' dir='ltr'><strong>LXII·</strong></span> 
     </span>
    </p>
   </div>
   <div class='ocr_carea' id='block_1_5' title="bbox 505 354 1880 2783">
    <p class='ocr_par' dir='ltr' id='par_1_5' title="bbox 505 354 1876 1682">
     <span class='ocr_line' id='line_1_7' title="bbox 506 354 1817 403; baseline -0.002 -11"><span class='ocrx_word' id='word_1_18' title='bbox 506 365 548 392; x_wconf 92' lang='lat' dir='ltr'>ut</span> <span class='ocrx_word' id='word_1_19' title='bbox 592 356 647 392; x_wconf 90' lang='lat' dir='ltr'>sic</span> <span class='ocrx_word' id='word_1_20' title='bbox 684 355 836 392; x_wconf 83' lang='lat' dir='ltr'>visione</span> <span class='ocrx_word' id='word_1_21' title='bbox 874 354 1072 403; x_wconf 89' lang='lat' dir='ltr'>speculari</span> <span class='ocrx_word' id='word_1_22' title='bbox 1110 355 1291 391; x_wconf 90' lang='lat' dir='ltr'>videatur</span> <span class='ocrx_word' id='word_1_23' title='bbox 1333 366 1404 402; x_wconf 93' lang='lat' dir='ltr'>per</span> <span class='ocrx_word' id='word_1_24' title='bbox 1442 354 1562 390; x_wconf 89' lang='lat' dir='ltr'>fidem</span> <span class='ocrx_word' id='word_1_25' title='bbox 1602 363 1817 402; x_wconf 90' lang='lat' dir='ltr'>quantum-</span> 
     </span>
     <span class='ocr_line' id='line_1_8' title="bbox 507 411 1816 462; baseline -0.002 -12"><span class='ocrx_word' id='word_1_26' title='bbox 507 426 664 462; x_wconf 87' lang='lat' dir='ltr'><strong>cunque</strong></span> <span class='ocrx_word' id='word_1_27' title='bbox 715 413 867 450; x_wconf 91' lang='lat' dir='ltr'>distans</span> <span class='ocrx_word' id='word_1_28' title='bbox 917 413 1195 461; x_wconf 85' lang='lat' dir='ltr'>temporaliter</span> <span class='ocrx_word' id='word_1_29' title='bbox 1249 425 1270 449; x_wconf 94' lang='lat' dir='ltr'>a</span> <span class='ocrx_word' id='word_1_30' title='bbox 1314 421 1453 448; x_wconf 88' lang='lat' dir='ltr'>nostra</span> <span class='ocrx_word' id='word_1_31' title='bbox 1498 411 1679 460; x_wconf 84' lang='lat' dir='ltr'>periodo.</span> <span class='ocrx_word' id='word_1_32' title='bbox 1738 413 1816 448; x_wconf 86' lang='lat' dir='ltr'>Sed</span> 
     </span>
     <span class='ocr_line' id='line_1_9' title="bbox 505 469 1814 520; baseline -0.002 -12"><span class='ocrx_word' id='word_1_33' title='bbox 505 481 714 520; x_wconf 85' lang='lat' dir='ltr'>tamquam</span> <span class='ocrx_word' id='word_1_34' title='bbox 764 471 930 508; x_wconf 89' lang='lat' dir='ltr'>effrenes</span> <span class='ocrx_word' id='word_1_35' title='bbox 977 470 1138 519; x_wconf 86' lang='lat' dir='ltr'>superbi</span> <span class='ocrx_word' id='word_1_36' title='bbox 1186 470 1239 506; x_wconf 92' lang='lat' dir='ltr'>hii</span> <span class='ocrx_word' id='word_1_37' title='bbox 1286 469 1554 518; x_wconf 84' lang='lat' dir='ltr'>dedignantur</span> <span class='ocrx_word' id='word_1_38' title='bbox 1598 470 1814 519; x_wconf 87' lang='lat' dir='ltr'>quicquam</span> 
     </span>
     <span class='ocr_line' id='line_1_10' title="bbox 507 528 1815 577; baseline -0.002 -11"><span class='ocrx_word' id='word_1_39' title='bbox 507 531 670 566; x_wconf 89' lang='lat' dir='ltr'>credere</span> <span class='ocrx_word' id='word_1_40' title='bbox 709 542 752 566; x_wconf 85' lang='lat' dir='ltr'>ex</span> <span class='ocrx_word' id='word_1_41' title='bbox 790 528 929 565; x_wconf 91' lang='lat' dir='ltr'>auditu</span> <span class='ocrx_word' id='word_1_42' title='bbox 967 538 1100 577; x_wconf 92' lang='lat' dir='ltr'>preter</span> <span class='ocrx_word' id='word_1_43' title='bbox 1139 528 1236 565; x_wconf 90' lang='lat' dir='ltr'>illud</span> <span class='ocrx_word' id='word_1_44' title='bbox 1276 529 1385 576; x_wconf 89' lang='lat' dir='ltr'>quod</span> <span class='ocrx_word' id='word_1_45' title='bbox 1422 537 1534 576; x_wconf 91' lang='lat' dir='ltr'>patet</span> <span class='ocrx_word' id='word_1_46' title='bbox 1573 529 1623 565; x_wconf 88' lang='lat' dir='ltr'>ad</span> <span class='ocrx_word' id='word_1_47' title='bbox 1655 541 1815 565; x_wconf 90' lang='lat' dir='ltr'>sensum</span> 
     </span>
     <span class='ocr_line' id='line_1_11' title="bbox 505 585 1849 635; baseline -0.002 -11"><span class='ocrx_word' id='word_1_48' title='bbox 505 588 566 625; x_wconf 92' lang='lat' dir='ltr'>vel</span> <span class='ocrx_word' id='word_1_49' title='bbox 615 587 750 624; x_wconf 88' lang='lat' dir='ltr'>doceri</span> <span class='ocrx_word' id='word_1_50' title='bbox 797 586 946 635; x_wconf 90' lang='lat' dir='ltr'>poterit</span> <span class='ocrx_word' id='word_1_51' title='bbox 992 587 1033 623; x_wconf 86' lang='lat' dir='ltr'>in</span> <span class='ocrx_word' id='word_1_52' title='bbox 1072 586 1222 623; x_wconf 89' lang='lat' dir='ltr'>lumine</span> <span class='ocrx_word' id='word_1_53' title='bbox 1260 586 1447 623; x_wconf 88' lang='lat' dir='ltr'>naturali.</span> <span class='ocrx_word' id='word_1_54' title='bbox 1494 585 1560 622; x_wconf 86' lang='lat' dir='ltr'>Hii</span> <span class='ocrx_word' id='word_1_55' title='bbox 1599 595 1734 623; x_wconf 89' lang='lat' dir='ltr'>autem</span> <span class='ocrx_word' id='word_1_56' title='bbox 1773 589 1849 622; x_wconf 82' lang='lat' dir='ltr'>ut5</span> 
     </span>
     <span class='ocr_line' id='line_1_12' title="bbox 507 644 1817 693; baseline -0.002 -11"><span class='ocrx_word' id='word_1_57' title='bbox 507 645 631 683; x_wconf 90' lang='lat' dir='ltr'>bestie</span> <span class='ocrx_word' id='word_1_58' title='bbox 663 646 793 682; x_wconf 89' lang='lat' dir='ltr'>solum</span> <span class='ocrx_word' id='word_1_59' title='bbox 829 645 1084 682; x_wconf 85' lang='lat' dir='ltr'>considerant</span> <span class='ocrx_word' id='word_1_60' title='bbox 1117 646 1167 681; x_wconf 88' lang='lat' dir='ltr'>ad</span> <span class='ocrx_word' id='word_1_61' title='bbox 1200 645 1274 680; x_wconf 86' lang='lat' dir='ltr'>sibi</span> <span class='ocrx_word' id='word_1_62' title='bbox 1307 644 1513 692; x_wconf 87' lang='lat' dir='ltr'>presencia</span> <span class='ocrx_word' id='word_1_63' title='bbox 1546 656 1623 693; x_wconf 92' lang='lat' dir='ltr'>que</span> <span class='ocrx_word' id='word_1_64' title='bbox 1646 645 1817 681; x_wconf 90' lang='lat' dir='ltr'>delecta-</span> 
     </span>
     <span class='ocr_line' id='line_1_13' title="bbox 507 701 1815 752; baseline -0.002 -12"><span class='ocrx_word' id='word_1_65' title='bbox 507 704 640 740; x_wconf 89' lang='lat' dir='ltr'>biliter</span> <span class='ocrx_word' id='word_1_66' title='bbox 671 712 843 752; x_wconf 89' lang='lat' dir='ltr'>pascunt</span> <span class='ocrx_word' id='word_1_67' title='bbox 876 715 1026 749; x_wconf 81' lang='lat' dir='ltr'>sensus,</span> <span class='ocrx_word' id='word_1_68' title='bbox 1068 712 1105 739; x_wconf 92' lang='lat' dir='ltr'>et</span> <span class='ocrx_word' id='word_1_69' title='bbox 1138 703 1194 738; x_wconf 91' lang='lat' dir='ltr'>sic</span> <span class='ocrx_word' id='word_1_70' title='bbox 1234 711 1442 750; x_wconf 86' lang='lat' dir='ltr'>tamquam</span> <span class='ocrx_word' id='word_1_71' title='bbox 1476 701 1589 739; x_wconf 88' lang='lat' dir='ltr'>vituli</span> <span class='ocrx_word' id='word_1_72' title='bbox 1622 702 1732 739; x_wconf 90' lang='lat' dir='ltr'>ducti</span> <span class='ocrx_word' id='word_1_73' title='bbox 1765 703 1815 739; x_wconf 91' lang='lat' dir='ltr'>ad</span> 
     </span>
     <span class='ocr_line' id='line_1_14' title="bbox 506 759 1816 809; baseline -0.002 -11"><span class='ocrx_word' id='word_1_74' title='bbox 506 763 768 798; x_wconf 89' lang='lat' dir='ltr'>mactandum</span> <span class='ocrx_word' id='word_1_75' title='bbox 808 760 1069 809; x_wconf 85' lang='lat' dir='ltr'>tripudiando</span> <span class='ocrx_word' id='word_1_76' title='bbox 1108 761 1148 796; x_wconf 91' lang='lat' dir='ltr'>in</span> <span class='ocrx_word' id='word_1_77' title='bbox 1186 760 1331 809; x_wconf 87' lang='lat' dir='ltr'>laqueo</span> <span class='ocrx_word' id='word_1_78' title='bbox 1364 759 1582 808; x_wconf 91' lang='lat' dir='ltr'>spiritualis</span> <span class='ocrx_word' id='word_1_79' title='bbox 1616 760 1816 797; x_wconf 87' lang='lat' dir='ltr'>carnificis</span> 
     </span>
     <span class='ocr_line' id='line_1_15' title="bbox 507 817 1816 866; baseline -0.002 -10"><span class='ocrx_word' id='word_1_80' title='bbox 507 819 657 856; x_wconf 89' lang='lat' dir='ltr'>diaboli</span> <span class='ocrx_word' id='word_1_81' title='bbox 691 828 856 855; x_wconf 88' lang='lat' dir='ltr'>currunt</span> <span class='ocrx_word' id='word_1_82' title='bbox 889 818 929 854; x_wconf 93' lang='lat' dir='ltr'>in</span> <span class='ocrx_word' id='word_1_83' title='bbox 961 817 1251 866; x_wconf 89' lang='lat' dir='ltr'>precipucium.</span> <span class='ocrx_word' id='word_1_84' title='bbox 1293 818 1432 854; x_wconf 90' lang='lat' dir='ltr'>Solum</span> <span class='ocrx_word' id='word_1_85' title='bbox 1467 818 1572 854; x_wconf 89' lang='lat' dir='ltr'>enim</span> <span class='ocrx_word' id='word_1_86' title='bbox 1615 818 1816 855; x_wconf 85' lang='lat' dir='ltr'>sensibilia</span> 
     </span>
     <span class='ocr_line' id='line_1_16' title="bbox 506 875 1875 926; baseline -0.002 -12"><span class='ocrx_word' id='word_1_87' title='bbox 506 877 581 914; x_wconf 91' lang='lat' dir='ltr'>sibi</span> <span class='ocrx_word' id='word_1_88' title='bbox 603 877 812 926; x_wconf 85' lang='lat' dir='ltr'>presencia</span> <span class='ocrx_word' id='word_1_89' title='bbox 836 876 1105 913; x_wconf 86' lang='lat' dir='ltr'>considerant.</span> <span class='ocrx_word' id='word_1_90' title='bbox 1139 878 1187 912; x_wconf 90' lang='lat' dir='ltr'>Et</span> <span class='ocrx_word' id='word_1_91' title='bbox 1203 876 1256 912; x_wconf 92' lang='lat' dir='ltr'>hii</span> <span class='ocrx_word' id='word_1_92' title='bbox 1281 875 1538 912; x_wconf 87' lang='lat' dir='ltr'>considerant</span> <span class='ocrx_word' id='word_1_93' title='bbox 1561 877 1610 913; x_wconf 88' lang='lat' dir='ltr'>ad</span> <span class='ocrx_word' id='word_1_94' title='bbox 1626 875 1817 924; x_wconf 90' lang='lat' dir='ltr'>preterita</span> <span class='ocrx_word' id='word_1_95' title='bbox 1836 890 1875 911; x_wconf 86' lang='lat'>10</span> 
     </span>
     <span class='ocr_line' id='line_1_17' title="bbox 508 933 1816 983; baseline -0.002 -11"><span class='ocrx_word' id='word_1_96' title='bbox 508 944 545 972; x_wconf 89' lang='lat' dir='ltr'>et</span> <span class='ocrx_word' id='word_1_97' title='bbox 576 936 710 972; x_wconf 88' lang='lat' dir='ltr'>futura</span> <span class='ocrx_word' id='word_1_98' title='bbox 743 936 813 972; x_wconf 92' lang='lat' dir='ltr'>sed</span> <span class='ocrx_word' id='word_1_99' title='bbox 845 934 990 971; x_wconf 89' lang='lat' dir='ltr'>sistunt</span> <span class='ocrx_word' id='word_1_100' title='bbox 1022 935 1210 983; x_wconf 91' lang='lat' dir='ltr'>ponendo</span> <span class='ocrx_word' id='word_1_101' title='bbox 1243 933 1555 970; x_wconf 87' lang='lat' dir='ltr'>sollicitudinem</span> <span class='ocrx_word' id='word_1_102' title='bbox 1596 933 1636 970; x_wconf 91' lang='lat' dir='ltr'>in</span> <span class='ocrx_word' id='word_1_103' title='bbox 1674 934 1816 970; x_wconf 86' lang='lat' dir='ltr'>futuris</span> 
     </span>
     <span class='ocr_line' id='line_1_18' title="bbox 507 992 1816 1042; baseline -0.002 -12"><span class='ocrx_word' id='word_1_104' title='bbox 507 993 798 1042; x_wconf 88' lang='lat' dir='ltr'>temporalibus</span> <span class='ocrx_word' id='word_1_105' title='bbox 843 992 1194 1040; x_wconf 87' lang='lat' dir='ltr'>impertinentibus</span> <span class='ocrx_word' id='word_1_106' title='bbox 1241 993 1291 1028; x_wconf 89' lang='lat' dir='ltr'>ad</span> <span class='ocrx_word' id='word_1_107' title='bbox 1330 993 1513 1037; x_wconf 84' lang='lat' dir='ltr'>salutem,</span> <span class='ocrx_word' id='word_1_108' title='bbox 1560 1005 1642 1029; x_wconf 89' lang='lat' dir='ltr'>non</span> <span class='ocrx_word' id='word_1_109' title='bbox 1686 1001 1816 1029; x_wconf 88' lang='lat' dir='ltr'>exten-</span> 
     </span>
     <span class='ocr_line' id='line_1_19' title="bbox 506 1049 1817 1088; baseline -0.002 0"><span class='ocrx_word' id='word_1_110' title='bbox 506 1053 644 1088; x_wconf 90' lang='lat' dir='ltr'>dentes</span> <span class='ocrx_word' id='word_1_111' title='bbox 685 1052 824 1088; x_wconf 92' lang='lat' dir='ltr'>oculos</span> <span class='ocrx_word' id='word_1_112' title='bbox 864 1050 1066 1087; x_wconf 88' lang='lat' dir='ltr'>interioris</span> <span class='ocrx_word' id='word_1_113' title='bbox 1106 1049 1281 1087; x_wconf 90' lang='lat' dir='ltr'>hominis</span> <span class='ocrx_word' id='word_1_114' title='bbox 1315 1051 1365 1086; x_wconf 88' lang='lat' dir='ltr'>ad</span> <span class='ocrx_word' id='word_1_115' title='bbox 1399 1050 1590 1087; x_wconf 85' lang='lat' dir='ltr'>articulos</span> <span class='ocrx_word' id='word_1_116' title='bbox 1624 1050 1715 1087; x_wconf 85' lang='lat' dir='ltr'>fidei</span> <span class='ocrx_word' id='word_1_117' title='bbox 1748 1051 1817 1086; x_wconf 92' lang='lat' dir='ltr'>sed</span> 
     </span>
     <span class='ocr_line' id='line_1_20' title="bbox 506 1108 1817 1158; baseline -0.001 -13"><span class='ocrx_word' id='word_1_118' title='bbox 506 1109 656 1158; x_wconf 74' lang='lat' dir='ltr'>placiti,</span> <span class='ocrx_word' id='word_1_119' title='bbox 689 1122 772 1146; x_wconf 90' lang='lat' dir='ltr'>non</span> <span class='ocrx_word' id='word_1_120' title='bbox 804 1110 855 1145; x_wconf 89' lang='lat' dir='ltr'>ad</span> <span class='ocrx_word' id='word_1_121' title='bbox 888 1108 1020 1145; x_wconf 91' lang='lat' dir='ltr'>anime</span> <span class='ocrx_word' id='word_1_122' title='bbox 1053 1108 1258 1145; x_wconf 89' lang='lat' dir='ltr'>salutifera</span> <span class='ocrx_word' id='word_1_123' title='bbox 1291 1109 1359 1144; x_wconf 91' lang='lat' dir='ltr'>sed</span> <span class='ocrx_word' id='word_1_124' title='bbox 1393 1109 1443 1144; x_wconf 90' lang='lat' dir='ltr'>ad</span> <span class='ocrx_word' id='word_1_125' title='bbox 1466 1109 1617 1145; x_wconf 88' lang='lat' dir='ltr'>mundo</span> <span class='ocrx_word' id='word_1_126' title='bbox 1647 1117 1684 1144; x_wconf 91' lang='lat' dir='ltr'>et</span> <span class='ocrx_word' id='word_1_127' title='bbox 1707 1108 1817 1145; x_wconf 90' lang='lat' dir='ltr'>carni</span> 
     </span>
     <span class='ocr_line' id='line_1_21' title="bbox 507 1166 1874 1216; baseline -0.002 -12"><span class='ocrx_word' id='word_1_128' title='bbox 507 1167 735 1215; x_wconf 82' lang='lat' dir='ltr'>placencia3</span> <span class='ocrx_word' id='word_1_129' title='bbox 769 1180 849 1216; x_wconf 94' lang='lat' dir='ltr'>quo</span> <span class='ocrx_word' id='word_1_130' title='bbox 874 1176 1014 1204; x_wconf 89' lang='lat' dir='ltr'>contra</span> <span class='ocrx_word' id='word_1_131' title='bbox 1037 1176 1171 1215; x_wconf 90' lang='lat' dir='ltr'>patres</span> <span class='ocrx_word' id='word_1_132' title='bbox 1193 1166 1335 1203; x_wconf 90' lang='lat' dir='ltr'>veteris</span> <span class='ocrx_word' id='word_1_133' title='bbox 1359 1166 1588 1203; x_wconf 89' lang='lat' dir='ltr'>testamenti</span> <span class='ocrx_word' id='word_1_134' title='bbox 1606 1179 1681 1216; x_wconf 81' lang='lat' dir='ltr'>per</span> <span class='ocrx_word' id='word_1_135' title='bbox 1700 1167 1816 1215; x_wconf 81' lang='lat' dir='ltr'>fidem</span> <span class='ocrx_word' id='word_1_136' title='bbox 1838 1169 1874 1201; x_wconf 84' lang='lat'>15</span> 
     </span>
     <span class='ocr_line' id='line_1_22' title="bbox 508 1224 1817 1276; baseline -0.001 -15"><span class='ocrx_word' id='word_1_137' title='bbox 508 1226 681 1263; x_wconf 81' lang='lat' dir='ltr'>vicerunt</span> <span class='ocrx_word' id='word_1_138' title='bbox 713 1238 837 1276; x_wconf 80' lang='lat' dir='ltr'>regna</span> <span class='ocrx_word' id='word_1_139' title='bbox 861 1234 897 1262; x_wconf 90' lang='lat' dir='ltr'>et</span> <span class='ocrx_word' id='word_1_140' title='bbox 920 1225 1101 1262; x_wconf 90' lang='lat' dir='ltr'>fecerunt</span> <span class='ocrx_word' id='word_1_141' title='bbox 1125 1236 1365 1273; x_wconf 87' lang='lat' dir='ltr'>quecunque</span> <span class='ocrx_word' id='word_1_142' title='bbox 1394 1237 1518 1273; x_wconf 88' lang='lat' dir='ltr'>opera</span> <span class='ocrx_word' id='word_1_143' title='bbox 1541 1225 1659 1261; x_wconf 90' lang='lat' dir='ltr'>laude</span> <span class='ocrx_word' id='word_1_144' title='bbox 1683 1224 1817 1272; x_wconf 78' lang='lat' dir='ltr'>digna,</span> 
     </span>
     <span class='ocr_line' id='line_1_23' title="bbox 506 1282 1817 1332; baseline -0.002 -12"><span class='ocrx_word' id='word_1_145' title='bbox 506 1292 550 1320; x_wconf 94' lang='lat' dir='ltr'>ut</span> <span class='ocrx_word' id='word_1_146' title='bbox 588 1292 698 1332; x_wconf 88' lang='lat' dir='ltr'>patet</span> <span class='ocrx_word' id='word_1_147' title='bbox 731 1285 863 1320; x_wconf 91' lang='lat' dir='ltr'>Hebre</span> <span class='ocrx_word' id='word_1_148' title='bbox 895 1285 981 1329; x_wconf 76' lang='lat' dir='ltr'>XIO,</span> <span class='ocrx_word' id='word_1_149' title='bbox 1019 1284 1089 1329; x_wconf 77' lang='lat'>333</span> <span class='ocrx_word' id='word_1_150' title='bbox 1130 1292 1167 1319; x_wconf 92' lang='lat' dir='ltr'>et</span> <span class='ocrx_word' id='word_1_151' title='bbox 1206 1282 1298 1319; x_wconf 90' lang='lat' dir='ltr'>hinc</span> <span class='ocrx_word' id='word_1_152' title='bbox 1332 1283 1515 1319; x_wconf 88' lang='lat' dir='ltr'>Salvator</span> <span class='ocrx_word' id='word_1_153' title='bbox 1554 1291 1635 1319; x_wconf 89' lang='lat' dir='ltr'>tam</span> <span class='ocrx_word' id='word_1_154' title='bbox 1677 1283 1817 1319; x_wconf 92' lang='lat' dir='ltr'>crebro</span> 
     </span>
     <span class='ocr_line' id='line_1_24' title="bbox 506 1340 1818 1390; baseline -0.002 -12"><span class='ocrx_word' id='word_1_155' title='bbox 506 1341 688 1390; x_wconf 89' lang='lat' dir='ltr'>increpat</span> <span class='ocrx_word' id='word_1_156' title='bbox 712 1341 803 1378; x_wconf 85' lang='lat' dir='ltr'>fidei</span> <span class='ocrx_word' id='word_1_157' title='bbox 835 1341 1089 1390; x_wconf 88' lang='lat' dir='ltr'>parvitatem.</span> <span class='ocrx_word' id='word_1_158' title='bbox 1122 1343 1169 1377; x_wconf 89' lang='lat' dir='ltr'>Et</span> <span class='ocrx_word' id='word_1_159' title='bbox 1192 1341 1233 1377; x_wconf 89' lang='lat' dir='ltr'>in</span> <span class='ocrx_word' id='word_1_160' title='bbox 1264 1340 1339 1377; x_wconf 86' lang='lat' dir='ltr'>ista</span> <span class='ocrx_word' id='word_1_161' title='bbox 1362 1340 1597 1377; x_wconf 84' lang='lat' dir='ltr'>infidelitate</span> <span class='ocrx_word' id='word_1_162' title='bbox 1629 1349 1818 1377; x_wconf 87' lang='lat' dir='ltr'>cecantur</span> 
     </span>
     <span class='ocr_line' id='line_1_25' title="bbox 508 1398 1816 1448; baseline -0.002 -12"><span class='ocrx_word' id='word_1_163' title='bbox 508 1400 648 1436; x_wconf 87' lang='lat' dir='ltr'>mundi</span> <span class='ocrx_word' id='word_1_164' title='bbox 687 1408 870 1448; x_wconf 91' lang='lat' dir='ltr'>potentes</span> <span class='ocrx_word' id='word_1_165' title='bbox 921 1408 958 1436; x_wconf 93' lang='lat' dir='ltr'>et</span> <span class='ocrx_word' id='word_1_166' title='bbox 998 1400 1137 1436; x_wconf 90' lang='lat' dir='ltr'>divites</span> <span class='ocrx_word' id='word_1_167' title='bbox 1189 1412 1279 1435; x_wconf 89' lang='lat' dir='ltr'>cum</span> <span class='ocrx_word' id='word_1_168' title='bbox 1330 1400 1452 1436; x_wconf 89' lang='lat' dir='ltr'>stulto</span> <span class='ocrx_word' id='word_1_169' title='bbox 1497 1398 1618 1435; x_wconf 87' lang='lat' dir='ltr'>Eccli.</span> <span class='ocrx_word' id='word_1_170' title='bbox 1658 1400 1726 1445; x_wconf 81' lang='lat' dir='ltr'>VO,</span> <span class='ocrx_word' id='word_1_171' title='bbox 1772 1411 1816 1444; x_wconf 89' lang='lat'>4:</span> 
     </span>
     <span class='ocr_line' id='line_1_26' title="bbox 508 1457 1876 1507; baseline -0.004 -12"><span class='ocrx_word' id='word_1_172' title='bbox 508 1458 681 1502; x_wconf 82' lang='lat' dir='ltr'>Peccavi,</span> <span class='ocrx_word' id='word_1_173' title='bbox 715 1466 750 1494; x_wconf 84' lang='lat' dir='ltr'>et</span> <span class='ocrx_word' id='word_1_174' title='bbox 772 1458 862 1507; x_wconf 82' lang='lat' dir='ltr'>quid</span> <span class='ocrx_word' id='word_1_175' title='bbox 883 1458 1022 1494; x_wconf 82' lang='lat' dir='ltr'>accidit</span> <span class='ocrx_word' id='word_1_176' title='bbox 1045 1458 1140 1493; x_wconf 82' lang='lat' dir='ltr'>mihi</span> <span class='ocrx_word' id='word_1_177' title='bbox 1161 1457 1299 1493; x_wconf 73' lang='lat' dir='ltr'>triste?</span> <span class='ocrx_word' id='word_1_178' title='bbox 1331 1458 1371 1494; x_wconf 89' lang='lat' dir='ltr'>Si</span> <span class='ocrx_word' id='word_1_179' title='bbox 1404 1465 1537 1493; x_wconf 90' lang='lat' dir='ltr'>autem</span> <span class='ocrx_word' id='word_1_180' title='bbox 1563 1458 1818 1493; x_wconf 89' lang='lat' dir='ltr'>extenderent</span> <span class='ocrx_word' id='word_1_181' title='bbox 1835 1469 1876 1490; x_wconf 84' lang='lat'>20</span> 
     </span>
     <span class='ocr_line' id='line_1_27' title="bbox 509 1515 1818 1564; baseline -0.002 -11"><span class='ocrx_word' id='word_1_182' title='bbox 509 1517 628 1554; x_wconf 83' lang='lat' dir='ltr'>fidem</span> <span class='ocrx_word' id='word_1_183' title='bbox 653 1517 704 1553; x_wconf 92' lang='lat' dir='ltr'>ad</span> <span class='ocrx_word' id='word_1_184' title='bbox 726 1517 881 1552; x_wconf 87' lang='lat' dir='ltr'>futuras</span> <span class='ocrx_word' id='word_1_185' title='bbox 904 1528 1041 1564; x_wconf 87' lang='lat' dir='ltr'>penas,</span> <span class='ocrx_word' id='word_1_186' title='bbox 1065 1515 1245 1552; x_wconf 90' lang='lat' dir='ltr'>viderent</span> <span class='ocrx_word' id='word_1_187' title='bbox 1270 1515 1441 1552; x_wconf 86' lang='lat' dir='ltr'>fideliter</span> <span class='ocrx_word' id='word_1_188' title='bbox 1463 1517 1668 1563; x_wconf 90' lang='lat' dir='ltr'>quomodo</span> <span class='ocrx_word' id='word_1_189' title='bbox 1702 1515 1818 1551; x_wconf 88' lang='lat' dir='ltr'>iudex</span> 
     </span>
     <span class='ocr_line' id='line_1_28' title="bbox 508 1572 1818 1624; baseline -0.002 -13"><span class='ocrx_word' id='word_1_190' title='bbox 508 1574 670 1624; x_wconf 84' lang='lat' dir='ltr'>paciens</span> <span class='ocrx_word' id='word_1_191' title='bbox 721 1574 946 1611; x_wconf 89' lang='lat' dir='ltr'>vindicatur</span> <span class='ocrx_word' id='word_1_192' title='bbox 996 1574 1036 1610; x_wconf 91' lang='lat' dir='ltr'>in</span> <span class='ocrx_word' id='word_1_193' title='bbox 1086 1573 1253 1610; x_wconf 90' lang='lat' dir='ltr'>inferno.</span> <span class='ocrx_word' id='word_1_194' title='bbox 1313 1573 1437 1610; x_wconf 86' lang='lat' dir='ltr'>Radix</span> <span class='ocrx_word' id='word_1_195' title='bbox 1487 1573 1622 1622; x_wconf 88' lang='lat' dir='ltr'>itaque</span> <span class='ocrx_word' id='word_1_196' title='bbox 1674 1572 1818 1609; x_wconf 87' lang='lat' dir='ltr'>erroris</span> 
     </span>
     <span class='ocr_line' id='line_1_29' title="bbox 508 1632 1103 1682; baseline -0.003 -12"><span class='ocrx_word' id='word_1_197' title='bbox 508 1633 663 1682; x_wconf 87' lang='lat' dir='ltr'>peccati</span> <span class='ocrx_word' id='word_1_198' title='bbox 697 1641 754 1669; x_wconf 92' lang='lat' dir='ltr'>est</span> <span class='ocrx_word' id='word_1_199' title='bbox 787 1633 963 1669; x_wconf 91' lang='lat' dir='ltr'>defectus</span> <span class='ocrx_word' id='word_1_200' title='bbox 998 1632 1103 1669; x_wconf 88' lang='lat' dir='ltr'>fidei.</span> 
     </span>
    </p>

    <p class='ocr_par' dir='ltr' id='par_1_6' title="bbox 509 1689 1877 2599">
     <span class='ocr_line' id='line_1_30' title="bbox 567 1689 1819 1739; baseline -0.002 -12"><span class='ocrx_word' id='word_1_201' title='bbox 567 1691 664 1737; x_wconf 92' lang='lat' dir='ltr'>Quis</span> <span class='ocrx_word' id='word_1_202' title='bbox 697 1703 794 1739; x_wconf 81' lang='lat' dir='ltr'>rogo</span> <span class='ocrx_word' id='word_1_203' title='bbox 828 1692 993 1727; x_wconf 87' lang='lat' dir='ltr'>credens</span> <span class='ocrx_word' id='word_1_204' title='bbox 1027 1691 1135 1739; x_wconf 87' lang='lat' dir='ltr'>quod</span> <span class='ocrx_word' id='word_1_205' title='bbox 1169 1690 1251 1726; x_wconf 84' lang='lat' dir='ltr'>dies</span> <span class='ocrx_word' id='word_1_206' title='bbox 1284 1689 1527 1737; x_wconf 86' lang='lat' dir='ltr'>perdicionis</span> <span class='ocrx_word' id='word_1_207' title='bbox 1560 1689 1609 1725; x_wconf 88' lang='lat' dir='ltr'>sit</span> <span class='ocrx_word' id='word_1_208' title='bbox 1642 1689 1749 1725; x_wconf 85' lang='lat' dir='ltr'>iuxta</span> <span class='ocrx_word' id='word_1_209' title='bbox 1782 1697 1819 1724; x_wconf 91' lang='lat' dir='ltr'>et</span> 
     </span>
     <span class='ocr_line' id='line_1_31' title="bbox 509 1746 1875 1798; baseline -0.002 -13"><span class='ocrx_word' id='word_1_210' title='bbox 509 1751 617 1798; x_wconf 90' lang='lat' dir='ltr'>quod</span> <span class='ocrx_word' id='word_1_211' title='bbox 661 1762 734 1797; x_wconf 89' lang='lat' dir='ltr'>pro</span> <span class='ocrx_word' id='word_1_212' title='bbox 780 1748 957 1785; x_wconf 84' lang='lat' dir='ltr'>crastino</span> <span class='ocrx_word' id='word_1_213' title='bbox 1002 1757 1093 1785; x_wconf 90' lang='lat' dir='ltr'>ante</span> <span class='ocrx_word' id='word_1_214' title='bbox 1138 1748 1315 1784; x_wconf 88' lang='lat' dir='ltr'>tribunal</span> <span class='ocrx_word' id='word_1_215' title='bbox 1359 1747 1537 1795; x_wconf 88' lang='lat' dir='ltr'>supremi</span> <span class='ocrx_word' id='word_1_216' title='bbox 1576 1746 1719 1783; x_wconf 88' lang='lat' dir='ltr'>iudicis</span> <span class='ocrx_word' id='word_1_217' title='bbox 1758 1747 1875 1783; x_wconf 79' lang='lat' dir='ltr'>ve125</span> 
     </span>
     <span class='ocr_line' id='line_1_32' title="bbox 509 1804 1820 1856; baseline -0.002 -12"><span class='ocrx_word' id='word_1_218' title='bbox 509 1816 704 1856; x_wconf 87' lang='lat' dir='ltr'>perpetuo</span> <span class='ocrx_word' id='word_1_219' title='bbox 754 1807 968 1843; x_wconf 86' lang='lat' dir='ltr'>salvandus</span> <span class='ocrx_word' id='word_1_220' title='bbox 1022 1808 1082 1843; x_wconf 91' lang='lat' dir='ltr'>vel</span> <span class='ocrx_word' id='word_1_221' title='bbox 1133 1807 1416 1854; x_wconf 86' lang='lat' dir='ltr'>dampnandus</span> <span class='ocrx_word' id='word_1_222' title='bbox 1466 1818 1547 1842; x_wconf 95' lang='lat' dir='ltr'>non</span> <span class='ocrx_word' id='word_1_223' title='bbox 1591 1804 1820 1853; x_wconf 86' lang='lat' dir='ltr'>provideret</span> 
     </span>
     <span class='ocr_line' id='line_1_33' title="bbox 509 1862 1818 1912; baseline -0.002 -10"><span class='ocrx_word' id='word_1_224' title='bbox 509 1865 678 1903; x_wconf 86' lang='lat' dir='ltr'>sollicite</span> <span class='ocrx_word' id='word_1_225' title='bbox 701 1866 749 1901; x_wconf 92' lang='lat' dir='ltr'>de</span> <span class='ocrx_word' id='word_1_226' title='bbox 782 1865 986 1902; x_wconf 78' lang='lat' dir='ltr'>remedio?</span> <span class='ocrx_word' id='word_1_227' title='bbox 1020 1866 1183 1902; x_wconf 88' lang='lat' dir='ltr'>Certum</span> <span class='ocrx_word' id='word_1_228' title='bbox 1218 1873 1275 1901; x_wconf 91' lang='lat' dir='ltr'>est</span> <span class='ocrx_word' id='word_1_229' title='bbox 1308 1865 1416 1912; x_wconf 92' lang='lat' dir='ltr'>quod</span> <span class='ocrx_word' id='word_1_230' title='bbox 1450 1864 1567 1912; x_wconf 84' lang='lat' dir='ltr'>longe</span> <span class='ocrx_word' id='word_1_231' title='bbox 1600 1862 1818 1900; x_wconf 89' lang='lat' dir='ltr'>sollicicius</span> 
     </span>
     <span class='ocr_line' id='line_1_34' title="bbox 510 1921 1819 1972; baseline -0.002 -12"><span class='ocrx_word' id='word_1_232' title='bbox 510 1937 630 1972; x_wconf 86' lang='lat' dir='ltr'>quam</span> <span class='ocrx_word' id='word_1_233' title='bbox 671 1932 814 1972; x_wconf 90' lang='lat' dir='ltr'>potens</span> <span class='ocrx_word' id='word_1_234' title='bbox 859 1923 980 1960; x_wconf 91' lang='lat' dir='ltr'>seculi</span> <span class='ocrx_word' id='word_1_235' title='bbox 1019 1922 1248 1972; x_wconf 88' lang='lat' dir='ltr'>provideret</span> <span class='ocrx_word' id='word_1_236' title='bbox 1287 1921 1590 1959; x_wconf 86' lang='lat' dir='ltr'>advocatorium</span> <span class='ocrx_word' id='word_1_237' title='bbox 1635 1934 1708 1969; x_wconf 94' lang='lat' dir='ltr'>pro</span> <span class='ocrx_word' id='word_1_238' title='bbox 1754 1933 1819 1957; x_wconf 92' lang='lat' dir='ltr'>en-</span> 
     </span>
     <span class='ocr_line' id='line_1_35' title="bbox 509 1980 1818 2030; baseline -0.002 -12"><span class='ocrx_word' id='word_1_239' title='bbox 509 1991 664 2030; x_wconf 87' lang='lat' dir='ltr'>questa,</span> <span class='ocrx_word' id='word_1_240' title='bbox 699 1994 788 2018; x_wconf 89' lang='lat' dir='ltr'>cum</span> <span class='ocrx_word' id='word_1_241' title='bbox 823 1981 1016 2018; x_wconf 90' lang='lat' dir='ltr'>iudicium</span> <span class='ocrx_word' id='word_1_242' title='bbox 1050 1982 1099 2017; x_wconf 89' lang='lat' dir='ltr'>sit</span> <span class='ocrx_word' id='word_1_243' title='bbox 1130 1980 1308 2029; x_wconf 90' lang='lat' dir='ltr'>undique</span> <span class='ocrx_word' id='word_1_244' title='bbox 1340 1981 1427 2029; x_wconf 90' lang='lat' dir='ltr'>plus</span> <span class='ocrx_word' id='word_1_245' title='bbox 1460 1980 1700 2016; x_wconf 87' lang='lat' dir='ltr'>timendum.</span> <span class='ocrx_word' id='word_1_246' title='bbox 1741 1980 1818 2016; x_wconf 88' lang='lat' dir='ltr'>Sed</span> 
     </span>
     <span class='ocr_line' id='line_1_36' title="bbox 510 2036 1877 2086; baseline -0.004 -9"><span class='ocrx_word' id='word_1_247' title='bbox 510 2042 586 2077; x_wconf 85' lang='lat' dir='ltr'>heu</span> <span class='ocrx_word' id='word_1_248' title='bbox 625 2040 723 2076; x_wconf 85' lang='lat' dir='ltr'>fides</span> <span class='ocrx_word' id='word_1_249' title='bbox 756 2048 893 2076; x_wconf 90' lang='lat' dir='ltr'>nostra</span> <span class='ocrx_word' id='word_1_250' title='bbox 931 2053 1012 2076; x_wconf 93' lang='lat' dir='ltr'>non</span> <span class='ocrx_word' id='word_1_251' title='bbox 1045 2052 1085 2076; x_wconf 92' lang='lat' dir='ltr'>se</span> <span class='ocrx_word' id='word_1_252' title='bbox 1119 2038 1293 2075; x_wconf 83' lang='lat' dir='ltr'>extendit</span> <span class='ocrx_word' id='word_1_253' title='bbox 1325 2039 1431 2075; x_wconf 87' lang='lat' dir='ltr'>ultra</span> <span class='ocrx_word' id='word_1_254' title='bbox 1464 2038 1579 2074; x_wconf 91' lang='lat' dir='ltr'>nobis</span> <span class='ocrx_word' id='word_1_255' title='bbox 1611 2036 1819 2086; x_wconf 91' lang='lat' dir='ltr'>presencia</span> <span class='ocrx_word' id='word_1_256' title='bbox 1835 2041 1877 2073; x_wconf 81' lang='lat'>30</span> 
     </span>
     <span class='ocr_line' id='line_1_37' title="bbox 511 2094 1819 2144; baseline -0.003 -9"><span class='ocrx_word' id='word_1_257' title='bbox 511 2108 547 2136; x_wconf 93' lang='lat' dir='ltr'>et</span> <span class='ocrx_word' id='word_1_258' title='bbox 585 2097 641 2135; x_wconf 90' lang='lat' dir='ltr'>sic</span> <span class='ocrx_word' id='word_1_259' title='bbox 681 2110 725 2135; x_wconf 87' lang='lat' dir='ltr'>ex</span> <span class='ocrx_word' id='word_1_260' title='bbox 765 2097 997 2134; x_wconf 89' lang='lat' dir='ltr'>modicitate</span> <span class='ocrx_word' id='word_1_261' title='bbox 1036 2106 1072 2134; x_wconf 92' lang='lat' dir='ltr'>et</span> <span class='ocrx_word' id='word_1_262' title='bbox 1115 2097 1308 2133; x_wconf 86' lang='lat' dir='ltr'>brevitate</span> <span class='ocrx_word' id='word_1_263' title='bbox 1348 2096 1438 2133; x_wconf 89' lang='lat' dir='ltr'>fidei</span> <span class='ocrx_word' id='word_1_264' title='bbox 1479 2108 1616 2132; x_wconf 90' lang='lat' dir='ltr'>sumus</span> <span class='ocrx_word' id='word_1_265' title='bbox 1656 2094 1819 2144; x_wconf 87' lang='lat' dir='ltr'>plurimi</span> 
     </span>
     <span class='ocr_line' id='line_1_38' title="bbox 510 2153 1818 2204; baseline -0.002 -12"><span class='ocrx_word' id='word_1_266' title='bbox 510 2156 703 2193; x_wconf 88' lang='lat' dir='ltr'>infideles.</span> <span class='ocrx_word' id='word_1_267' title='bbox 738 2155 952 2204; x_wconf 79' lang='lat' dir='ltr'>Signanter</span> <span class='ocrx_word' id='word_1_268' title='bbox 984 2155 1119 2204; x_wconf 88' lang='lat' dir='ltr'>itaque</span> <span class='ocrx_word' id='word_1_269' title='bbox 1152 2155 1299 2192; x_wconf 89' lang='lat' dir='ltr'>dicitur</span> <span class='ocrx_word' id='word_1_270' title='bbox 1331 2155 1405 2191; x_wconf 92' lang='lat' dir='ltr'>iste</span> <span class='ocrx_word' id='word_1_271' title='bbox 1430 2154 1617 2202; x_wconf 91' lang='lat' dir='ltr'>princeps</span> <span class='ocrx_word' id='word_1_272' title='bbox 1641 2153 1818 2202; x_wconf 89' lang='lat' dir='ltr'>publica-</span> 
     </span>
     <span class='ocr_line' id='line_1_39' title="bbox 509 2212 1820 2264; baseline -0.002 -14"><span class='ocrx_word' id='word_1_273' title='bbox 509 2227 654 2251; x_wconf 89' lang='lat' dir='ltr'>norum</span> <span class='ocrx_word' id='word_1_274' title='bbox 682 2215 795 2264; x_wconf 82' lang='lat' dir='ltr'>filius</span> <span class='ocrx_word' id='word_1_275' title='bbox 827 2213 983 2250; x_wconf 83' lang='lat' dir='ltr'>Abralze</span> <span class='ocrx_word' id='word_1_276' title='bbox 1020 2215 1240 2250; x_wconf 88' lang='lat' dir='ltr'>secundum</span> <span class='ocrx_word' id='word_1_277' title='bbox 1282 2212 1570 2258; x_wconf 86' lang='lat' dir='ltr'>imitacionem‚</span> <span class='ocrx_word' id='word_1_278' title='bbox 1615 2212 1708 2248; x_wconf 90' lang='lat' dir='ltr'>licet</span> <span class='ocrx_word' id='word_1_279' title='bbox 1740 2224 1820 2247; x_wconf 92' lang='lat' dir='ltr'>non</span> 
     </span>
     <span class='ocr_line' id='line_1_40' title="bbox 510 2269 1821 2320; baseline -0.002 -12"><span class='ocrx_word' id='word_1_280' title='bbox 510 2274 730 2309; x_wconf 89' lang='lat' dir='ltr'>secundum</span> <span class='ocrx_word' id='word_1_281' title='bbox 755 2271 1074 2319; x_wconf 82' lang='lat' dir='ltr'>generacionem,</span> <span class='ocrx_word' id='word_1_282' title='bbox 1099 2271 1192 2320; x_wconf 89' lang='lat' dir='ltr'>quia</span> <span class='ocrx_word' id='word_1_283' title='bbox 1217 2271 1319 2307; x_wconf 91' lang='lat' dir='ltr'>sicut</span> <span class='ocrx_word' id='word_1_284' title='bbox 1335 2271 1537 2307; x_wconf 87' lang='lat' dir='ltr'>Abraham</span> <span class='ocrx_word' id='word_1_285' title='bbox 1560 2269 1658 2306; x_wconf 87' lang='lat' dir='ltr'>vidit</span> <span class='ocrx_word' id='word_1_286' title='bbox 1680 2269 1821 2318; x_wconf 89' lang='lat' dir='ltr'>procul</span> 
     </span>
     <span class='ocr_line' id='line_1_41' title="bbox 510 2328 1876 2378; baseline -0.002 -12"><span class='ocrx_word' id='word_1_287' title='bbox 510 2339 659 2368; x_wconf 89' lang='lat' dir='ltr'>terram</span> <span class='ocrx_word' id='word_1_288' title='bbox 700 2329 979 2378; x_wconf 89' lang='lat' dir='ltr'>promissionis</span> <span class='ocrx_word' id='word_1_289' title='bbox 1021 2342 1064 2366; x_wconf 90' lang='lat' dir='ltr'>ex</span> <span class='ocrx_word' id='word_1_290' title='bbox 1104 2342 1172 2377; x_wconf 91' lang='lat' dir='ltr'>spe</span> <span class='ocrx_word' id='word_1_291' title='bbox 1211 2328 1490 2377; x_wconf 88' lang='lat' dir='ltr'>promissionis</span> <span class='ocrx_word' id='word_1_292' title='bbox 1529 2336 1565 2364; x_wconf 89' lang='lat' dir='ltr'>et</span> <span class='ocrx_word' id='word_1_293' title='bbox 1604 2328 1688 2364; x_wconf 92' lang='lat' dir='ltr'>sine</span> <span class='ocrx_word' id='word_1_294' title='bbox 1720 2328 1821 2375; x_wconf 87' lang='lat' dir='ltr'>pede</span> <span class='ocrx_word' id='word_1_295' title='bbox 1837 2330 1876 2364; x_wconf 82' lang='lat'>35</span> 
     </span>
     <span class='ocr_line' id='line_1_42' title="bbox 510 2385 1819 2437; baseline -0.002 -13"><span class='ocrx_word' id='word_1_296' title='bbox 510 2387 774 2437; x_wconf 88' lang='lat' dir='ltr'>possessionis</span> <span class='ocrx_word' id='word_1_297' title='bbox 814 2400 857 2424; x_wconf 90' lang='lat' dir='ltr'>ex</span> <span class='ocrx_word' id='word_1_298' title='bbox 896 2400 965 2436; x_wconf 91' lang='lat' dir='ltr'>spe</span> <span class='ocrx_word' id='word_1_299' title='bbox 1005 2386 1282 2436; x_wconf 86' lang='lat' dir='ltr'>promissionis</span> <span class='ocrx_word' id='word_1_300' title='bbox 1321 2386 1480 2423; x_wconf 87' lang='lat' dir='ltr'>servivit</span> <span class='ocrx_word' id='word_1_301' title='bbox 1511 2388 1595 2423; x_wconf 94' lang='lat' dir='ltr'>Deo</span> <span class='ocrx_word' id='word_1_302' title='bbox 1635 2385 1819 2431; x_wconf 81' lang='lat' dir='ltr'>fideliter,</span> 
     </span>
     <span class='ocr_line' id='line_1_43' title="bbox 513 2443 1821 2483; baseline -0.002 -1"><span class='ocrx_word' id='word_1_303' title='bbox 513 2446 568 2483; x_wconf 85' lang='lat' dir='ltr'>sic</span> <span class='ocrx_word' id='word_1_304' title='bbox 591 2446 664 2482; x_wconf 90' lang='lat' dir='ltr'>iste</span> <span class='ocrx_word' id='word_1_305' title='bbox 680 2445 817 2482; x_wconf 87' lang='lat' dir='ltr'>videns</span> <span class='ocrx_word' id='word_1_306' title='bbox 843 2446 919 2482; x_wconf 88' lang='lat' dir='ltr'>fide</span> <span class='ocrx_word' id='word_1_307' title='bbox 942 2454 1090 2482; x_wconf 87' lang='lat' dir='ltr'>terram</span> <span class='ocrx_word' id='word_1_308' title='bbox 1114 2445 1337 2482; x_wconf 83' lang='lat' dir='ltr'>vivencium</span> <span class='ocrx_word' id='word_1_309' title='bbox 1363 2444 1611 2481; x_wconf 90' lang='lat' dir='ltr'>renunciavit</span> <span class='ocrx_word' id='word_1_310' title='bbox 1634 2443 1821 2480; x_wconf 86' lang='lat' dir='ltr'>omnibus</span> 
     </span>
     <span class='ocr_line' id='line_1_44' title="bbox 511 2500 1822 2553; baseline -0.003 -13"><span class='ocrx_word' id='word_1_311' title='bbox 511 2517 587 2553; x_wconf 91' lang='lat' dir='ltr'>que</span> <span class='ocrx_word' id='word_1_312' title='bbox 620 2504 810 2552; x_wconf 81' lang='lat' dir='ltr'>possedit,</span> <span class='ocrx_word' id='word_1_313' title='bbox 843 2505 1047 2552; x_wconf 89' lang='lat' dir='ltr'>sequendo</span> <span class='ocrx_word' id='word_1_314' title='bbox 1072 2503 1289 2549; x_wconf 86' lang='lat' dir='ltr'>Christum,</span> <span class='ocrx_word' id='word_1_315' title='bbox 1323 2503 1424 2539; x_wconf 90' lang='lat' dir='ltr'>sicut</span> <span class='ocrx_word' id='word_1_316' title='bbox 1457 2512 1493 2539; x_wconf 93' lang='lat' dir='ltr'>et</span> <span class='ocrx_word' id='word_1_317' title='bbox 1518 2503 1633 2539; x_wconf 86' lang='lat' dir='ltr'>debet</span> <span class='ocrx_word' id='word_1_318' title='bbox 1657 2500 1822 2550; x_wconf 88' lang='lat' dir='ltr'>quilibet</span> 
     </span>
     <span class='ocr_line' id='line_1_45' title="bbox 513 2561 765 2599; baseline -0.004 0"><span class='ocrx_word' id='word_1_319' title='bbox 513 2561 765 2599; x_wconf 86' lang='lat' dir='ltr'>christianus.</span> 
     </span>
    </p>

    <p class='ocr_par' dir='ltr' id='par_1_7' title="bbox 512 2618 1880 2783">
     <span class='ocr_line' id='line_1_46' title="bbox 570 2618 1880 2668; baseline -0.003 -12"><span class='ocrx_word' id='word_1_320' title='bbox 570 2621 684 2656; x_wconf 93' lang='lat' dir='ltr'>Unde</span> <span class='ocrx_word' id='word_1_321' title='bbox 723 2620 817 2668; x_wconf 87' lang='lat' dir='ltr'>quia</span> <span class='ocrx_word' id='word_1_322' title='bbox 856 2632 925 2667; x_wconf 93' lang='lat' dir='ltr'>per</span> <span class='ocrx_word' id='word_1_323' title='bbox 963 2619 1103 2655; x_wconf 87' lang='lat' dir='ltr'>mundi</span> <span class='ocrx_word' id='word_1_324' title='bbox 1142 2627 1326 2667; x_wconf 90' lang='lat' dir='ltr'>potentes</span> <span class='ocrx_word' id='word_1_325' title='bbox 1365 2619 1414 2655; x_wconf 90' lang='lat' dir='ltr'>ad</span> <span class='ocrx_word' id='word_1_326' title='bbox 1447 2618 1567 2654; x_wconf 85' lang='lat' dir='ltr'>fidem</span> <span class='ocrx_word' id='word_1_327' title='bbox 1610 2629 1880 2661; x_wconf 77' lang='lat' dir='ltr'>conversos4o</span> 
     </span>
     <span class='ocr_line' id='line_1_47' title="bbox 513 2676 1821 2725; baseline -0.002 -11"><span class='ocrx_word' id='word_1_328' title='bbox 513 2677 752 2714; x_wconf 87' lang='lat' dir='ltr'>edificantur</span> <span class='ocrx_word' id='word_1_329' title='bbox 784 2677 1012 2714; x_wconf 89' lang='lat' dir='ltr'>materiales</span> <span class='ocrx_word' id='word_1_330' title='bbox 1045 2677 1208 2714; x_wconf 90' lang='lat' dir='ltr'>ecclesie</span> <span class='ocrx_word' id='word_1_331' title='bbox 1241 2689 1317 2725; x_wconf 92' lang='lat' dir='ltr'>que</span> <span class='ocrx_word' id='word_1_332' title='bbox 1341 2676 1522 2713; x_wconf 89' lang='lat' dir='ltr'>dedicate</span> <span class='ocrx_word' id='word_1_333' title='bbox 1553 2676 1594 2711; x_wconf 88' lang='lat' dir='ltr'>in</span> <span class='ocrx_word' id='word_1_334' title='bbox 1627 2676 1821 2712; x_wconf 92' lang='lat' dir='ltr'>honorem</span> 
     </span>
     <span class='ocr_line' id='line_1_48' title="bbox 512 2733 1823 2783; baseline -0.002 -11"><span class='ocrx_word' id='word_1_335' title='bbox 512 2744 741 2772; x_wconf 90' lang='lat' dir='ltr'>sanctorum</span> <span class='ocrx_word' id='word_1_336' title='bbox 788 2736 888 2772; x_wconf 81' lang='lat' dir='ltr'>fiunt</span> <span class='ocrx_word' id='word_1_337' title='bbox 933 2736 1075 2772; x_wconf 89' lang='lat' dir='ltr'>domus</span> <span class='ocrx_word' id='word_1_338' title='bbox 1122 2737 1171 2771; x_wconf 91' lang='lat' dir='ltr'>ab</span> <span class='ocrx_word' id='word_1_339' title='bbox 1217 2734 1414 2783; x_wconf 90' lang='lat' dir='ltr'>episcopis</span> <span class='ocrx_word' id='word_1_340' title='bbox 1467 2733 1727 2779; x_wconf 85' lang='lat' dir='ltr'>sanctificate,</span> <span class='ocrx_word' id='word_1_341' title='bbox 1779 2741 1823 2769; x_wconf 88' lang='lat' dir='ltr'>ut</span> 
     </span>
    </p>
   </div>
   <div class='ocr_carea' id='block_1_6' title="bbox 581 2877 1652 2918">
    <p class='ocr_par' dir='ltr' id='par_1_8' title="bbox 581 2877 1652 2918">
     <span class='ocr_line' id='line_1_49' title="bbox 581 2877 1652 2918; baseline -0.005 -8"><span class='ocrx_word' id='word_1_342' title='bbox 581 2891 622 2916; x_wconf 78' lang='lat'>14.</span> <span class='ocrx_word' id='word_1_343' title='bbox 638 2882 766 2918; x_wconf 78' lang='lat' dir='ltr'>placiti;</span> <span class='ocrx_word' id='word_1_344' title='bbox 786 2882 858 2909; x_wconf 89' lang='lat' dir='ltr'>cod:</span> <span class='ocrx_word' id='word_1_345' title='bbox 879 2877 959 2917; x_wconf 78' lang='lat' dir='ltr'>plz&#39;ti.</span> <span class='ocrx_word' id='word_1_346' title='bbox 1039 2880 1083 2909; x_wconf 78' lang='lat'>28.</span> <span class='ocrx_word' id='word_1_347' title='bbox 1105 2881 1298 2908; x_wconf 82' lang='lat' dir='ltr'>vocatorium</span> <span class='ocrx_word' id='word_1_348' title='bbox 1319 2879 1403 2915; x_wconf 80' lang='lat' dir='ltr'>(sic);</span> <span class='ocrx_word' id='word_1_349' title='bbox 1424 2880 1492 2907; x_wconf 88' lang='lat' dir='ltr'>cod.</span> <span class='ocrx_word' id='word_1_350' title='bbox 1514 2878 1652 2906; x_wconf 78' lang='lat' dir='ltr'>Westcz&#39;u.</span> 
     </span>
    </p>
   </div>
  </div>
 </body>
</html>
