2062 3276
237 250 372 278 samio
396 240 518 296 mrsu]
716 252 905 291 QUARTA
936 252 1061 282 PARS.
1759 243 1833 278 503

237 369 274 396 et
296 359 372 396 isto
402 361 522 396 modo
545 359 700 396 videtur
723 372 870 407 papam
906 360 1181 407 promovendo
1216 358 1382 395 clericos
1415 360 1547 407 gracia

238 417 460 466 primorum
495 418 695 454 fructuum
730 416 984 453 committere
1018 415 1256 464 symoniam.

294 478 376 513 Nec
398 476 501 513 valet
526 476 601 512 hoc
632 476 797 512 verbum
823 473 1066 510 diabolicum
1102 474 1209 522 quod
1243 487 1348 522 papa
1381 484 1547 523 propter

237 534 549 570 immensitatem
590 545 658 569 sue
697 531 882 581 potencie
921 544 1001 568 non
1034 540 1164 579 potest
1197 531 1452 568 committere
1484 545 1546 582 sy-

204 592 430 637 5moniam,
472 604 561 628 cum
595 590 678 639 ipse
711 589 760 626 sit
792 590 879 626 fons
914 589 1030 625 huius
1063 588 1168 635 vicii,
1203 589 1342 636 pocius
1375 589 1548 627 vicarius

237 649 423 698 Symonis
457 649 575 697 magi,
609 660 729 697 quam
763 647 933 684 vicarius
967 646 1115 684 Christi
1146 648 1257 693 Jesu3
1290 660 1428 695 ymmo
1462 649 1549 685 bre—

235 708 335 744 viter
372 707 433 744 vix
471 707 531 743 vel
571 719 777 755 nunquam
819 705 1087 742 committitur
1127 704 1311 753 symonia
1350 705 1425 741 nisi
1466 705 1548 754 ipse

236 765 285 802 sit
308 765 508 814 particeps
533 764 648 801 huius
678 763 856 800 criminis
890 776 1012 812 opere
1034 764 1094 801 vel
1128 775 1338 800 consensu.
1373 762 1547 809 Quidam

236 833 368 860 autem
403 836 474 872 per
505 824 625 860 verba
659 822 908 859 adulacionis
940 823 1000 859 vel
1034 822 1211 870 linguam
1244 822 1550 870 quomodocun-

183 894 221 915 10
236 895 312 931 que
351 882 563 918 subdolam
605 880 864 917 committunt
901 880 1036 917 taliter
1075 879 1316 928 symoniam,
1356 879 1437 916 sive
1475 880 1550 917 ista

165 979 171 985 ,
237 940 422 977 adulacio
470 940 538 976 fiat
582 948 753 987 patrono
798 939 878 976 sive
917 951 1087 987 persone
1127 938 1202 975 sibi
1241 937 1431 974 familiari
1469 938 1549 975 sive

139 978 221 1065 ,ἓξὲξ
237 998 461 1047 propinque
500 997 568 1034 tali
609 997 844 1046 symoniaco
884 997 1012 1034 benefi
1047 993 1052 1049 Ι
1088 996 1192 1033 cium
1234 995 1548 1034 ecclesiasticum

236 1064 484 1105 procuranti.

293 1114 439 1152 Tercio
477 1126 571 1151 vero
611 1113 879 1150 committitur
912 1113 1083 1149 simonia
1124 1124 1194 1161 per
1233 1125 1334 1161 opus
1373 1125 1394 1149 a
1435 1112 1550 1149 mini·
1589 1120 1615 1152 c)
1637 1127 1671 1146 01·
1692 1119 1817 1146 service.

183 1172 377 1219 15steri03
417 1181 454 1209 et
486 1172 592 1208 istud
625 1180 834 1220 peccatum
876 1171 1022 1208 dicitur
1056 1170 1256 1207 committi
1295 1170 1335 1206 in
1368 1172 1550 1207 Romana

238 1230 347 1267 curia
381 1243 451 1279 per
486 1229 658 1267 maiores
692 1229 897 1266 ministros
930 1229 997 1277 qui
1023 1228 1090 1265 diu
1123 1229 1309 1265 laborant
1341 1228 1381 1264 in
1415 1228 1550 1277 papali

239 1288 463 1326 ministerio
496 1289 645 1325 nedum
678 1287 813 1336 gracia
847 1287 1015 1336 pecunie
1048 1295 1213 1335 propter
1236 1286 1430 1323 beneficia
1463 1286 1550 1323 aliis

237 1346 500 1395 adquirenda,
540 1347 609 1382 sed
648 1345 821 1382 finaliter
859 1354 902 1381 ut
934 1345 1080 1394 pingue
1119 1344 1357 1381 beneficium
1391 1357 1413 1381 a
1446 1357 1550 1393 papa

238 1418 310 1453 pro
344 1404 499 1453 premio
532 1404 639 1440 ultro
673 1404 727 1440 eis
761 1405 889 1440 detur.

181 1476 223 1498 20
296 1465 373 1499 Ista
412 1471 543 1499 autem
586 1461 738 1510 species
777 1461 959 1509 symonie
999 1470 1055 1497 est
1088 1460 1207 1497 nimis
1251 1460 1478 1497 communis
1511 1460 1551 1497 in

237 1520 404 1557 servicio
443 1519 716 1566 dominorum,
763 1532 853 1556 cum
900 1533 921 1556 a
967 1531 1057 1567 rege
1100 1531 1226 1567 usque
1271 1520 1321 1555 ad
1366 1518 1550 1555 infimum

237 1587 452 1628 patronum
488 1578 710 1615 secularem
736 1577 946 1615 dominum
982 1585 1073 1614 sunt
1107 1576 1241 1613 clerici
1276 1576 1393 1613 huius
1416 1576 1551 1624 gracia

237 1637 277 1673 in
309 1636 479 1674 seculari
513 1636 648 1673 officio
681 1637 924 1686 laborantes,
958 1644 995 1672 et
1028 1635 1102 1671 iste
1135 1634 1317 1683 symonie
1350 1634 1390 1671 in
1413 1647 1550 1683 regum

238 1694 460 1731 ministerio
498 1703 588 1731 sunt
629 1707 875 1731 communes.
920 1696 1001 1730 Nec
1041 1693 1206 1729 dubium
1246 1692 1343 1741 quin
1380 1701 1553 1742 utraque

181 1757 221 1790 25
237 1766 328 1802 pars
375 1752 720 1790 committencium
775 1761 812 1789 et
857 1751 1160 1788 consencientes
1204 1751 1268 1787 isti
1313 1750 1482 1787 facinori
1531 1764 1552 1787 a

238 1812 432 1858 Domino3
466 1819 503 1847 et
535 1823 608 1859 pro
641 1810 718 1847 isto
753 1810 918 1847 crimine
951 1819 1033 1846 tarn
1069 1808 1290 1846 maioribus
1324 1821 1445 1857 quam
1480 1808 1553 1845 mi-

237 1870 403 1906 noribus
448 1877 504 1906 est
543 1869 781 1915 timendum,
823 1868 917 1917 quia
959 1867 1020 1904 vix
1064 1880 1189 1904 unum
1236 1867 1411 1904 invenies
1456 1867 1553 1915 quin

239 1928 301 1964 isti
334 1927 515 1976 symonie
549 1926 794 1972 consenciat,
827 1939 909 1963 non
943 1925 1202 1973 intelligendo
1226 1934 1293 1962 aut
1315 1938 1396 1962 non
1420 1937 1553 1974 repre-

238 1987 451 2023 hendendo
484 1985 602 2022 istam
638 1986 838 2022 maculam
878 1985 919 2021 in
950 1984 1152 2032 personis;
1199 1992 1235 2020 et
1269 1985 1341 2020 hec
1379 1992 1437 2020 est
1474 1996 1552 2020 una

182 2049 224 2081 30
239 2044 350 2082 radix
382 2056 507 2093 quare
539 2043 869 2092 perturbaciones
909 2052 945 2079 et
979 2043 1105 2078 multa
1140 2042 1245 2078 mala
1278 2041 1355 2078 alia
1389 2049 1481 2077 sunt
1514 2041 1553 2077 in

240 2102 384 2151 regnis,
426 2111 463 2139 et
495 2101 725 2138 omittentes
759 2100 982 2150 proditorie
1016 2099 1202 2136 dominos
1235 2100 1480 2148 temporales
1513 2099 1553 2135 in

240 2162 316 2198 isto
350 2160 567 2208 corripere,
607 2159 700 2196 licet
732 2159 827 2196 satis
860 2167 1029 2196 noscant
1063 2158 1301 2207 periculum,
1347 2165 1438 2194 sunt
1477 2157 1553 2193 isto

241 2219 407 2256 crimine
441 2217 697 2266 culpabiliter
728 2217 884 2254 irretiti.
920 2216 1034 2254 Multi
1067 2224 1201 2253 autem
1226 2215 1379 2252 domini
1409 2223 1554 2263 putant

241 2278 349 2327 quod
382 2285 620 2325 patronatus
653 2288 734 2312 non
763 2276 866 2312 foret
899 2275 953 2312 eis
986 2274 1094 2310 utilis
1127 2273 1202 2310 nisi
1236 2273 1292 2310 sic
1324 2273 1554 2321 symoniace

184 2338 223 2371 35
241 2343 403 2384 possent
447 2347 520 2383 pro
565 2335 677 2371 lucro
717 2333 891 2370 discolos
930 2344 1182 2381 promovere,
1223 2340 1260 2368 et
1299 2331 1355 2368 sic
1393 2343 1554 2368 necesse

242 2403 299 2430 est
332 2393 439 2442 quod
472 2392 547 2428 ista
581 2391 763 2440 symonia
795 2391 835 2427 in
866 2390 1019 2427 vocatis
1053 2389 1207 2426 clericis
1241 2398 1278 2425 et
1302 2388 1475 2425 dominis
1509 2401 1554 2425 ac

241 2450 506 2500 popularibus
546 2450 710 2486 inducat
750 2462 793 2486 ex
827 2449 984 2485 cautela
1017 2447 1165 2484 diaboli
1200 2446 1411 2483 discoliam
1445 2447 1554 2495 quod

242 2511 341 2547 tales
374 2508 525 2544 faciunt
558 2516 739 2544 rarenter
773 2507 812 2543 in
846 2506 1013 2543 ecclesia
1048 2505 1301 2542 christianos.

300 2568 377 2603 Sed
412 2567 486 2602 hoc
518 2567 742 2602 notandum
778 2574 835 2602 est
858 2564 1058 2602 catholico
1091 2573 1299 2611 tamquam
1324 2562 1422 2599 fides
1445 2564 1553 2611 quod
1568 2567 1613 2594 He
1634 2568 1704 2594 who
1725 2566 1792 2613 fail-s
1813 2566 1843 2593 in

182 2625 471 2674 4oquicunque
516 2623 775 2660 habitualiter
820 2622 955 2659 deficit
1002 2622 1042 2658 in
1086 2621 1221 2658 officio
1261 2621 1454 2669 pastorali
1496 2602 1655 2664 est01{3¹¹c{
1674 2602 1843 2663 ῗέῗοὴᾗιεῑ

241 2692 323 2719 tarn
357 2682 419 2718 fur
448 2694 570 2730 quam
604 2682 707 2718 latro
741 2690 778 2718 et
808 2681 1177 2729 quomodocunque
1213 2690 1397 2726 perverse
1431 2677 1554 2714 intra-

311 2851 334 2878 5.
357 2850 452 2878 Cod.:
474 2850 584 2885 pocius
604 2851 713 2877 vitare.
812 2849 849 2877 15.
873 2848 965 2876 Cod.:
994 2848 1132 2875 Romana
1152 2838 1200 2876 ἧῖἷ.
1300 2847 1346 2875 26.
1369 2855 1388 2875 cz
1410 2847 1554 2875 Domino.

243 2886 300 2913 Hic
320 2886 448 2913 verbum
469 2885 621 2912 omissum
643 2890 698 2913 est.
771 2883 819 2911 28.
841 2884 936 2912 Cod.:
966 2883 1171 2911 consenciant.
