2062 3276
139 803 260 837 Dangcr
280 803 315 830 of
331 802 402 829 relic

197 838 346 873 worship.

166 1150 190 1183 c)
213 1149 272 1177 We
293 1153 375 1176 must

136 1184 250 1212 believe
271 1185 335 1210 that
357 1183 409 1210 she

141 1220 166 1247 is
186 1219 236 1246 the
257 1218 404 1246 advocate

174 1254 208 1281 of
225 1254 278 1280 her
298 1258 364 1280 truc

195 1293 344 1316 servants.

145 1632 170 1651 2.
192 1622 269 1650 How
291 1627 321 1649 to
342 1622 402 1649 win

207 1659 261 1686 her
281 1657 341 1685 aid.

167 1799 227 1826 She
247 1797 308 1824 will
329 1801 383 1824 not

167 1841 241 1868 pray
262 1832 309 1859 for
329 1832 378 1858 the

187 1868 360 1902 unworthy.

195 2202 256 2229 We
276 2205 358 2228 must

158 2237 274 2264 imitate
295 2237 348 2262 her
367 2236 397 2263 in

203 2270 355 2306 humility,

145 2312 147 2315 ’
173 2310 300 2341 poverty
321 2305 379 2332 and

204 2340 344 2376 chastity.

698 278 922 310 JOHANNIS
940 278 1125 309 WYCLIF
1145 277 1400 309 SERMONUM
1424 263 1575 321 [SERMO
1597 274 1734 302 XLVIII.

423 386 683 421 firmandum.
731 386 874 430 Quoad
913 386 1131 421 secundum
1173 392 1282 431 patet
1315 385 1421 432 quod
1456 396 1627 432 corpora
1661 384 1735 421 ista

421 452 586 492 possent
630 443 714 480 sine
759 442 996 479 actuacione
1041 455 1111 491 per
1155 441 1311 478 animas
1354 441 1570 478 surrexisse
1609 451 1646 478 et
1680 442 1736 479 sic

423 510 532 538 mota
566 514 635 550 per
667 500 830 549 spiritus
864 500 1049 549 proprios
1081 500 1141 537 vel
1174 499 1274 536 alios
1298 499 1448 536 redisse
1483 499 1523 536 in
1562 500 1735 536 cinerem

422 559 505 595 sine
538 572 652 608 pena.
688 561 831 605 Quoad
864 558 1033 595 tercium
1057 567 1167 607 patet
1190 559 1297 606 quod
1322 558 1451 594 cultus
1474 557 1734 606 reliquiarum

423 617 527 654 beati
578 627 614 654 et
665 626 924 665 sumptuosus
976 625 1140 653 ornatus
1189 616 1295 652 circa
1347 628 1490 664 corpus
1542 616 1626 652 eius
1676 617 1770 653 vel5

422 676 555 712 locum
596 689 677 712 non
716 684 834 723 auget
873 675 956 711 eius
995 674 1283 711 beatitudinem
1322 675 1383 711 vel
1428 676 1622 710 honorem
1662 674 1737 710 nisi

422 734 524 770 forte
556 746 626 782 per
659 733 858 780 accidens,
892 734 940 769 de
973 742 1124 781 quanto
1158 731 1325 769 ecclesia
1359 732 1537 769 militans
1561 745 1603 768 ex
1628 733 1737 768 cultu

423 791 491 828 tali
536 791 769 828 accenditur
815 800 851 828 et
896 792 944 827 ad
993 791 1134 827 melius
1173 799 1435 838 provocatur3
1481 799 1518 827 et
1557 790 1650 839 quia
1695 803 1738 826 ex

424 850 532 886 cultu
567 862 735 886 erroneo
770 858 806 885 et
840 848 1027 897 cupidine
1061 848 1155 884 cleri
1189 849 1418 895 contingere
1451 858 1585 896 posset
1609 861 1736 896 oppo-

423 908 558 953 situm,
594 907 801 955 probabile
833 907 989 943 videtur
1023 908 1149 942 Deum
1184 906 1391 943 ordinasse
1425 919 1571 955 corpus
1594 906 1737 954 Moysi,
1759 921 1797 941 10

424 978 569 1014 corpus
615 965 754 1002 matris
801 977 869 1001 sue
913 974 950 1001 et
994 977 1140 1012 corpus
1180 964 1429 1011 Evangeliste
1468 977 1558 1001 curn
1604 964 1739 1000 multis

423 1023 511 1060 aliis
545 1033 765 1071 martyrum
800 1023 948 1060 sanctis
982 1022 1220 1070 corporibus
1253 1035 1337 1059 esse
1365 1022 1479 1058 nobis
1503 1022 1739 1059 abscondita

424 1090 589 1129 propter
622 1093 800 1118 errorem
835 1080 902 1130 qui
937 1093 978 1117 ex
1013 1081 1121 1117 cultu
1155 1080 1416 1128 contingeret.

481 1139 668 1176 Tercium
715 1140 822 1188 quod
867 1139 1059 1175 debemus
1105 1140 1267 1175 credere
1312 1140 1358 1174 de
1403 1147 1532 1174 matre
1576 1137 1738 1174 Domini

426 1206 483 1234 est
523 1199 630 1246 quod
670 1197 756 1246 ipsa
796 1206 854 1233 est
892 1197 972 1233 suis
1010 1196 1112 1233 veris
1152 1195 1373 1233 cultoribus
1421 1195 1602 1244 propicia
1647 1199 1795 1244 pro-15

426 1255 610 1292 curatrix.
656 1258 758 1292 Nam
792 1255 963 1291 viatores
998 1267 1041 1291 ex
1072 1254 1226 1302 impetu
1259 1254 1437 1291 caritatis
1470 1254 1740 1301 suffragantur

426 1313 652 1362 egentibu53
688 1315 756 1350 sed
789 1314 906 1350 beata
937 1312 1049 1361 virgo
1072 1313 1199 1349 Maria
1221 1312 1328 1349 videt
1351 1312 1390 1348 in
1412 1313 1532 1349 verbo
1559 1321 1739 1348 nostram

426 1371 646 1419 egenciam‚
687 1380 724 1408 et
758 1380 814 1408 est
848 1371 973 1419 magis
1007 1370 1217 1407 caritativa
1250 1379 1287 1407 et
1327 1370 1452 1418 magis
1492 1370 1739 1416 misericors3

425 1429 515 1466 ideo
560 1430 805 1466 credendum
852 1438 908 1465 est
957 1428 1148 1465 fidencius
1200 1429 1306 1477 quod
1357 1437 1547 1476 procurat
1599 1437 1740 1465 contra

425 1496 603 1524 nostram
638 1486 843 1535 egenciam
868 1496 905 1523 et
928 1499 974 1524 eo
999 1486 1210 1535 specialius
1233 1499 1312 1535 quo
1336 1486 1464 1523 noscit
1487 1499 1527 1523 se
1551 1488 1738 1535 adeptam
1756 1499 1797 1520 20

426 1555 582 1583 tantum
617 1546 813 1582 honorem
846 1554 889 1581 ut
921 1544 971 1581 sit
1004 1545 1198 1592 refugium
1232 1553 1504 1593 peccatorum.

485 1606 688 1649 Quantum
723 1605 774 1640 ad
811 1604 1028 1639 secundam
1068 1612 1222 1650 partem
1262 1602 1471 1650 sermonis,
1516 1604 1739 1639 notandum

427 1663 535 1710 quod
568 1670 696 1698 mater
722 1661 885 1697 Domini
918 1674 999 1697 non
1031 1660 1271 1708 suffragatur
1304 1660 1343 1697 in
1376 1660 1445 1696 illo
1478 1660 1668 1708 suffragio
1701 1661 1740 1697 in

427 1733 506 1769 quo
539 1719 613 1756 scit
646 1719 771 1755 filium
804 1732 915 1756 suam
950 1718 1191 1767 peticionem
1226 1731 1270 1755 ex
1302 1718 1538 1767 indignitate
1570 1731 1740 1767 persone

426 1786 678 1826 negaturum.
738 1779 840 1813 Nam
892 1778 1025 1813 nullus
1079 1778 1254 1825 prudens
1312 1777 1440 1813 sciens
1491 1777 1738 1813 voluntatem
1757 1779 1796 1810 25

428 1835 707 1884 circumspecti
752 1835 1051 1883 patrisfamilias
1095 1835 1151 1871 sic
1191 1844 1338 1881 oraret,
1380 1844 1575 1883 quantum
1613 1834 1740 1883 magis

428 1895 567 1931 beatus
598 1892 796 1930 voluntati
830 1892 961 1930 divine
994 1893 1034 1929 in
1065 1894 1175 1929 nullo
1209 1893 1416 1929 difformis
1456 1895 1549 1929 Ideo
1582 1895 1631 1929 ad
1665 1894 1740 1930 hoc

428 1953 535 2001 quod
580 1953 697 1988 beata
733 1951 845 1999 virgo
889 1951 939 1987 sit
984 1951 1235 1999 procuratrix
1279 1951 1478 1988 viancium
1524 1951 1741 1999 requiritur

429 2011 535 2058 quod
568 2018 787 2058 sequantur
820 2021 906 2046 eam
940 2009 981 2045 in
1014 2009 1212 2055 moribus;
1258 2009 1387 2045 solum
1428 2009 1532 2045 enim
1573 2009 1646 2045 sibi
1685 2009 1741 2045 sic

429 2068 577 2105 similes
622 2069 671 2104 ad
715 2076 872 2104 tantum
918 2067 1057 2114 diligit.
1117 2068 1287 2115 Oportet
1338 2080 1430 2115 ergo
1475 2080 1548 2103 nos
1592 2066 1798 2103 imitari30

430 2128 587 2162 beatam
620 2125 828 2173 virginem,
861 2124 1088 2173 specialiter
1110 2124 1150 2161 in
1174 2124 1411 2170 humilitate,
1443 2124 1482 2160 in
1506 2134 1741 2173 paupertate

431 2193 467 2220 et
500 2183 539 2219 in
574 2183 768 2221 castitate.
809 2185 851 2218 In
884 2182 1111 2219 humilitate
1144 2191 1282 2219 contra
1316 2182 1542 2230 superbiam
1577 2182 1739 2219 diaboli.

430 2244 518 2290 Ipsa
552 2241 656 2278 enim
691 2240 763 2277 fuit
802 2240 1039 2286 humillima,
1080 2249 1120 2276 ut
1159 2249 1268 2288 patet
1302 2241 1406 2276 Luce
1439 2242 1488 2286 1⁰,
1526 2240 1594 2278 38:
1640 2240 1742 2276 Ecce

429 2300 568 2335 ancilla
602 2298 770 2334 Domini.
807 2298 896 2334 Fuit
928 2300 1103 2334 secundo
1137 2298 1394 2346 pauperrima
1430 2307 1569 2334 contra
1603 2298 1740 2334 mundi

430 2357 673 2405 cupidinem.
691 2357 803 2393 Unde
819 2357 980 2404 quando
996 2355 1159 2392 domina
1176 2355 1314 2391 mundi
1329 2356 1514 2392 salutavit
1524 2355 1740 2401 Elizabeth,
1758 2358 1797 2391 35

430 2428 510 2451 non
554 2414 594 2451 in
637 2414 831 2460 curribus,
872 2414 983 2462 equis
1029 2415 1089 2450 vel
1128 2413 1374 2462 pedissequis
1412 2414 1634 2450 numerosis
1672 2416 1741 2450 sed

431 2474 516 2509 sola
549 2472 607 2522 (ut
645 2471 833 2517 creditur)
873 2485 957 2508 cum
994 2472 1254 2521 festinacione
1291 2472 1471 2508 transivit
1503 2473 1742 2521 festinanter

431 2538 610 2566 montana
634 2531 684 2567 ad
707 2530 1016 2566 ministrandum
1032 2530 1249 2576 Elizabeth,
1265 2538 1308 2565 ut
1323 2529 1468 2566 dicitur
1484 2531 1588 2566 Luce
1606 2532 1655 2576 10,
1676 2530 1739 2577 39.

432 2591 479 2624 Et
522 2588 646 2624 tercio
692 2588 765 2623 fuit
811 2587 1032 2624 castissima
1072 2596 1211 2624 contra
1251 2587 1381 2624 carnis
1414 2587 1819 2656 temptacionem,Fol

432 2647 536 2682 unde
582 2645 718 2682 docuit
761 2645 903 2693 triplex
947 2644 1169 2682 remedium
1217 2654 1356 2682 contra
1385 2641 1390 2698 1
1419 2645 1494 2682 hoc
1540 2645 1686 2682 vicium
1720 2648 1838 2701 33qu

504 2776 522 2795 1.
547 2768 569 2794 D
591 2767 621 2795 in
643 2776 757 2801 marga
783 2768 827 2795 ad
844 2774 896 2794 2111.
968 2776 997 2800 4.
1019 2767 1043 2794 I‘)
1065 2767 1094 2795 in
1117 2776 1230 2802 marg:
1258 2768 1299 2795 ad
1316 2776 1383 2802 3⁷11:
1407 2768 1447 2795 ib.
1468 2769 1512 2795 A:
1541 2768 1741 2803 reliquarum.

434 2803 457 2830 5.
474 2804 519 2830 A:
542 2802 633 2835 herm,-
652 2802 726 2829 DG:
749 2803 852 2832 beate:
873 2803 912 2829 ib.
927 2802 1033 2830 ADG:
1055 2802 1228 2830 ordinatus.
1286 2804 1313 2829 6.
1330 2802 1402 2830 bH:
1424 2803 1472 2829 vel
1484 2803 1556 2830 eius.
1614 2811 1655 2835 14.
1671 2802 1694 2829 D
1711 2803 1740 2830 in

435 2845 546 2871 marga
568 2845 625 2871 3⁷11.
689 2845 726 2871 17.
750 2839 793 2864 A:
816 2837 919 2864 Maria
940 2837 1033 2864 deest.
1097 2846 1137 2872 ις).
1162 2836 1203 2863 Gr
1226 2840 1349 2868 promat
1367 2840 1486 2865 contra.
1542 2845 1578 2864 21.
1601 2837 1674 2864 DG:
1696 2845 1741 2863 re-

436 2872 603 2905 frigerium
615 2881 623 2900 :
643 2872 666 2898 1)
689 2879 786 2898 c‹›1·r.:
809 2872 978 2907 rtj'ugium.
1058 2871 1101 2898 23.
1124 2871 1166 2898 G:
1189 2871 1351 2908 suffragat,-
1370 2872 1410 2898 ib.
1427 2872 1469 2898 H:
1491 2872 1558 2899 isto.
1632 2872 1677 2898 26.
1699 2872 1740 2898 D:

433 2906 680 2942 pattjsszilias;
707 2907 748 2933 ib.
771 2906 843 2933 DH:
864 2909 989 2941 quanto.
1063 2905 1100 2934 31.
1122 2906 1226 2933 ADG:
1249 2909 1277 2933 et
1293 2909 1487 2942 paupertate.

2042 2148 2055 2171 Β·
2046 2107 2054 2142 με.
2048 2062 2052 2082 μ-

2044 2360 2056 2439 ,42

2048 2779 2058 2863 „aua-
