2062 3276
223 232 359 261 semo
380 223 448 282 1x-]
704 239 897 279 QUARTA
922 240 1049 272 PARS.
1780 251 1828 286 77

224 351 357 378 autem
392 344 441 378 ad
467 342 677 380 Trinitatis
709 344 1011 381 similitudinem
1045 345 1175 393 signat
1208 347 1413 384 racionem
1448 348 1541 384 fidei

223 413 344 448 quam
380 402 485 436 Deus
518 401 696 448 graciose
737 404 981 451 quandoque
1020 403 1239 441 viatoribus
1278 405 1358 441 suis
1398 405 1540 446 donat:

224 467 261 493 et
294 457 369 494 ista
402 460 623 494 secundum
659 459 861 496 racionem
894 460 1045 497 variam
1078 462 1211 498 vocari
1246 472 1413 510 possunt
1436 475 1541 511 aqua

223 515 435 563 sapiencie.
471 518 518 552 Et
552 526 661 564 patet
692 517 732 553 in
766 527 878 565 parte
910 521 1115 566 quomodo
1139 522 1245 556 Deus
1279 521 1404 568 pascit
1427 521 1542 568 spiri—

190 579 206 611 5
223 573 383 609 tualiter
405 574 575 610 viatores
605 584 642 611 et
665 584 795 622 potest
819 576 1013 623 applicari
1045 577 1312 614 hereticorum
1338 578 1541 615 sentencia

223 633 273 667 ad
306 632 381 668 hoc
415 632 580 670 dictum.

281 691 452 734 Quando
486 690 590 726 enim
625 690 751 727 fidelis
785 692 1147 729 communicandus
1180 706 1325 741 panem
1350 695 1541 742 postulat,
1556 710 1585 738 If
1603 718 1647 736 we
1663 715 1767 746 accept
1782 710 1831 738 the

221 746 370 783 scilicet
393 748 666 795 eukaristiam,
697 762 774 797 que
807 759 864 786 est
888 750 1003 798 panis
1036 752 1317 788 substancialis
1350 759 1408 797 (ut
1432 762 1542 800 patet
1556 745 1832 816 iiiigrpsriggtmgriiffis'

221 805 330 852 alibi)
367 806 535 854 porrigit
568 806 641 842 sibi
676 808 736 853 (ut
766 808 863 844 false
896 808 1024 856 fingit)
1060 809 1171 856 peius
1205 823 1326 858 quam
1366 811 1541 858 lapidem
1558 825 1592 843 us
1607 823 1708 842 worse
1728 816 1800 844 man
1816 826 1831 843 a

167 880 205 900 10
221 862 315 911 quia
353 863 538 900 accidens
576 864 661 901 sine
699 865 879 902 subiecto
920 876 976 902 est
1011 867 1125 914 peius
1159 881 1278 916 quarn
1314 877 1540 916 serpentem
1644 855 1741 878 εἴωθ’

219 921 279 957 vel
316 934 515 957 venenum
555 922 717 971 aliquod
757 923 1057 971 assignandum.
1104 927 1181 962 Sed
1220 927 1320 969 (laus
1361 926 1410 962 sit
1443 928 1541 971 Deo)

220 979 418 1015 hereticus
452 979 524 1016 iste
557 993 638 1016 non
660 990 792 1029 potest
815 991 971 1018 mutare
1004 992 1182 1028 naturas,
1207 983 1308 1020 sicut
1329 984 1543 1020 verbaliter

220 1037 317 1073 false
358 1037 488 1085 fingit:
530 1047 567 1074 et
605 1039 708 1075 sicut
747 1040 887 1075 fratres
926 1050 1096 1088 pascunt
1135 1043 1330 1089 populum
1365 1042 1433 1091 qui
1465 1042 1541 1091 illis

221 1095 346 1132 credit
379 1109 470 1131 cum
503 1096 572 1132 tali
604 1097 738 1144 lapide
772 1107 808 1133 et
837 1108 1035 1146 serpente,
1070 1099 1163 1147 quia
1197 1113 1288 1136 cum
1322 1100 1464 1146 heresi,
1498 1109 1541 1136 ut

168 1159 205 1191 15
222 1162 331 1200 patet
377 1155 424 1189 de
476 1153 620 1202 triplici
675 1156 924 1203 blasphemia
969 1158 1136 1193 fratrum
1184 1167 1221 1194 et
1266 1158 1541 1206 preminencia

221 1211 422 1247 oracionis
454 1212 637 1260 specialis
671 1226 791 1261 supra
826 1214 1070 1251 dominicam
1100 1216 1344 1261 oracionem,
1381 1218 1428 1252 de
1463 1216 1542 1252 fide

221 1270 384 1305 ecclesie
422 1280 557 1306 sancte
597 1271 792 1308 catholice
831 1285 921 1308 cum
968 1273 1110 1309 ceteris
1150 1274 1355 1310 heresibus
1395 1274 1540 1323 quibus

219 1337 390 1375 pascunt
413 1328 633 1376 simplices:
668 1329 724 1365 sic
748 1340 945 1378 quantum
980 1333 1029 1367 ad
1064 1332 1240 1367 edulium
1275 1342 1444 1380 pascunt
1475 1345 1540 1369 eos

219 1398 309 1421 cum
344 1386 575 1428 mendaciis,
609 1387 788 1423 ludicriis
821 1398 858 1424 et
891 1389 979 1424 aliis
1012 1389 1156 1425 fabulis
1189 1403 1259 1438 per
1292 1400 1418 1426 artem
1458 1391 1541 1426 dia-

160 1462 202 1483 20
218 1444 296 1479 boli
342 1444 601 1489 machinatis;
647 1455 686 1482 et
732 1445 807 1482 ista
847 1456 904 1482 est
949 1447 1132 1483 subtilior
1176 1449 1332 1485 cautela
1381 1449 1539 1496 dyaboli

216 1501 459 1548 introducta,
514 1503 608 1551 quia
660 1516 731 1551 per
784 1505 858 1540 hoc
910 1514 1002 1541 sunt
1054 1506 1236 1542 homines
1289 1507 1357 1554 qui
1409 1507 1540 1543 forent

219 1560 366 1596 Christi
400 1560 469 1596 filii
503 1570 711 1610 tamquam
749 1564 931 1599 membra
963 1563 1111 1600 diaboli
1145 1564 1320 1601 toxicati.

274 1618 447 1666 Fingunt
481 1620 585 1655 enim
621 1629 829 1669 tamquam
865 1621 984 1657 fidem
1019 1622 1260 1658 catholicam
1291 1624 1399 1671 quod
1433 1636 1538 1671 papa
1565 1642 1670 1671 Priars
1692 1644 1817 1679 pretend

216 1689 311 1712 suus
355 1676 404 1713 sit
449 1688 569 1725 caput
613 1678 857 1717 universalis.
893 1679 1058 1716 ecclesie
1101 1690 1137 1716 et
1175 1680 1250 1728 ipsi
1289 1681 1434 1729 singuli
1478 1682 1538 1718 vel
1589 1678 1796 1740 ¹¹¹}giit}¹it⁵001'

160 1743 199 1775 25
216 1735 355 1770 saltem
390 1748 462 1771 sua
499 1736 692 1772 medietas
725 1737 807 1773 eius
842 1739 1042 1783 membra3
1090 1748 1127 1774 et
1166 1752 1257 1775 cum
1297 1752 1369 1775 nec
1407 1739 1537 1776 sciunt
1577 1749 1737 1783 recognize
1759 1748 1831 1787 the⁴

215 1793 384 1829 fundare
424 1795 527 1830 hanc
567 1807 651 1830 esse
691 1795 809 1831 fidem
851 1796 1027 1841 ecclesie,
1068 1809 1159 1832 cum
1202 1810 1224 1833 a
1258 1797 1456 1845 probabili
1489 1797 1538 1833 sit
1554 1783 1828 1845 Pqeezshfflgffot

216 1851 360 1887 falsum
385 1861 458 1888 eta
482 1853 565 1888 solo
589 1852 656 1889 illo
672 1866 791 1901 quem
816 1866 963 1901 papam
989 1855 1199 1891 nominant
1224 1856 1273 1891 sit
1291 1857 1536 1903 sperandum

218 1917 254 1944 et
277 1909 377 1945 forte
407 1922 450 1946 ex
472 1910 726 1947 involucione
754 1924 825 1947 sua
854 1912 894 1947 in
925 1913 1091 1949 crimine
1121 1922 1330 1962 tamquam
1354 1914 1535 1950 diabolus

216 1980 322 2003 nunc
356 1969 554 2016 desperat,
587 1969 652 2004 ille
685 1982 778 2017 ergo
812 1970 934 2006 frater
957 1971 1024 2019 qui
1057 1971 1228 2007 seminat
1257 1971 1355 2008 istos
1388 1974 1537 2008 nedum

159 2025 368 2072 golapides
401 2027 469 2062 sed
507 2039 672 2071 venena,
711 2028 868 2064 videtur
912 2042 995 2065 esse
1040 2029 1152 2077 peior
1190 2043 1311 2078 quarn
1356 2030 1538 2066 homines

216 2096 316 2131 quos
365 2084 427 2120 hic
470 2085 650 2121 Christus
697 2087 928 2135 alloquitur,
984 2100 1075 2123 cum
1121 2088 1302 2124 Christus
1347 2088 1538 2136 supponit

216 2143 324 2189 quod
367 2143 519 2179 nollent
563 2144 725 2180 fratrem
772 2157 888 2180 suum
937 2145 975 2180 in
1021 2146 1096 2182 isto
1142 2146 1341 2195 corporali
1387 2146 1538 2182 cibario

216 2200 467 2247 defraudare,
501 2203 570 2237 sed
602 2202 666 2238 isti
699 2215 779 2238 non
808 2203 951 2239 timent
981 2204 1020 2239 in
1054 2204 1251 2252 spirituali
1285 2205 1373 2241 cibo
1405 2204 1537 2241 anime

216 2259 387 2295 ducente
421 2261 471 2295 ad
504 2259 711 2296 diabolum
746 2261 930 2309 decipere
964 2262 1105 2298 fratres
1139 2276 1243 2299 suos.

158 2323 198 2356 35
274 2317 388 2353 Circa
422 2319 496 2353 hoc
530 2319 779 2366 evangelium
804 2320 1011 2356 dubitatur
1035 2322 1093 2366 <ut
1117 2329 1253 2369 supra)
1289 2321 1321 2357 si
1355 2321 1536 2357 homines
1630 2340 1752 2368 Doubt:

216 2376 361 2410 debent
400 2376 561 2412 racione
599 2377 781 2413 resistere
820 2378 980 2414 diabolo
1018 2379 1264 2426 temptatori,
1305 2389 1342 2415 et
1381 2379 1536 2415 videtur
1578 2375 1800 2438 ffiffiuffintffess

216 2435 323 2481 quod
361 2447 455 2479 non,
496 2434 589 2482 quia
628 2448 747 2471 nemo
787 2437 905 2472 habet
945 2437 1147 2473 racionem
1186 2438 1247 2473 vel
1287 2437 1533 2473 evidenciam
1557 2446 1646 2477 devii,
1669 2446 1751 2473 since
1772 2455 1818 2473 we

215 2493 322 2539 quod
356 2491 404 2528 sit
438 2492 732 2540 predestinatus
767 2507 788 2530 a
821 2494 1015 2541 Domino3
1057 2504 1094 2531 et
1125 2495 1156 2531 si
1190 2509 1270 2532 non
1305 2505 1362 2532 est
1394 2498 1534 2543 prede·
1593 2481 1776 2550 1.e}}¹s{¹,ybabt{p

284 2635 314 2657 4.
342 2626 370 2652 1:
400 2627 577 2662 sapiencia.—
606 2628 646 2655 ib.
674 2627 697 2655 E
724 2628 752 2655 in
783 2638 896 2664 marg:
925 2627 1015 2656 Nota.
1160 2638 1184 2664 7.
1214 2629 1282 2657 DE:
1303 2630 1412 2665 fidelis
1437 2631 1530 2657 deest.

214 2661 242 2687 ὃ.
263 2660 316 2687 El:
337 2664 648 2696 supera-nhetam-[alis.
706 2672 746 2698 ις).
763 2663 802 2690 E:
825 2664 891 2691 Deo
906 2665 1008 2699 qm)d;
1028 2665 1067 2691 ib.
1084 2664 1109 2691 D
1126 2665 1154 2691 in
1173 2673 1288 2700 marg:
1313 2665 1391 2693 Cave
1408 2665 1531 2698 falsum,

214 2697 286 2730 quin
306 2699 418 2722 natura
438 2697 468 2723 in
490 2698 620 2724 animali
638 2701 733 2725 mutat
752 2702 894 2725 naturam
913 2700 1053 2726 alimenti
1071 2701 1102 2726 in
1123 2702 1266 2726 naturam
1285 2702 1365 2732 aliti,
1391 2702 1471 2727 sicut
1487 2701 1534 2726 sol

214 2732 354 2757 naturam
374 2732 505 2757 seminis.
580 2732 617 2759 1⁷5.
640 2735 668 2758 1:
688 2734 776 2768 sulse
796 2734 897 2765 deest;
926 2734 965 2760 ib.
989 2734 1072 2760 lsszl:
1101 2737 1131 2761 et
1147 2735 1200 2761 sic.
1281 2736 1322 2762 16.
1345 2734 1414 2762 DE:
1441 2734 1532 2769 spiri-

214 2766 318 2792 tualis.
384 2773 423 2800 ιγ,
441 2769 480 2792 ιδ’.
503 2766 530 2793 l:
552 2768 606 2802 qui
618 2771 758 2802 pascunt.
826 2768 866 2795 18.
889 2777 954 2801 εοες
976 2768 1060 2795 DEI:
1082 2777 1158 2796 eum.
1226 2769 1268 2797 23.
1290 2770 1343 2797 DE
1363 2770 1393 2797 in
1416 2777 1530 2803 marg:

209 2807 302 2834 papa.
359 2808 406 2834 2¹).
428 2800 498 2828 DE:
520 2803 593 2828 istos
612 2804 705 2829 deest.
769 2802 809 2829 32.
832 2803 900 2830 DE:
923 2804 1035 2830 volent.
1098 2804 1140 2831 35.
1155 2806 1183 2831 A
1200 2805 1229 2831 in
1246 2813 1359 2839 marg..-
1383 2805 1533 2832 Dubium:

214 2834 239 2861 D
261 2836 291 2862 in
313 2843 427 2870 marg:
451 2835 599 2870 Queritur
616 2838 644 2863 si
661 2837 792 2871 dyabolo
812 2838 853 2864 sit
870 2838 1090 2871 resistendum;
1115 2839 1139 2866 h
1159 2840 1189 2866 in
1211 2847 1324 2874 marg:
1348 2840 1532 2872 Οιιὲτίίαείος

214 2869 226 2896 Ι
246 2869 276 2896 in
298 2879 411 2906 marg:
436 2871 627 2906 Temptatori
646 2872 768 2900 diabolo
787 2875 815 2899 si
832 2873 970 2900 homines
988 2873 1100 2901 debent
1116 2875 1258 2901 resistere
1276 2875 1413 2901 racione.
