2062 3276
164 263 241 308 348

216 789 276 817 We
296 795 378 817 must

235 825 360 861 mortify

187 861 345 888 ourselves
367 865 397 887 to

176 896 272 930 guard
295 895 418 930 against

177 939 192 958 a
215 931 331 968 relapse
352 930 416 957 into

271 973 327 992 sm.

173 1778 239 1804 Our
259 1777 318 1804 will
342 1781 422 1803 must

162 1812 196 1838 be
218 1812 304 1846 equal
327 1817 356 1838 10
377 1820 434 1838 our

205 1854 310 1879 power
331 1846 389 1873 and

200 1882 392 1917 knowledge.

741 268 965 301 JOHANNIS
983 268 1167 299 WYCLIF
1187 266 1443 299 SERMONUM
1495 252 1647 310 [SERMO
1668 261 1760 290 XLII-

450 375 620 422 medico,
665 374 696 411 si
740 375 824 411 vult
867 374 1013 420 sanari,
1059 375 1175 410 debet
1221 385 1360 409 cavere
1404 385 1425 408 a
1463 371 1555 408 vino
1594 379 1631 406 et
1665 371 1759 406 dum

449 433 697 470 abstinencia
721 432 840 469 fuerit
863 432 937 469 sibi
961 431 1086 469 facilis
1110 431 1328 479 ingurgitat
1352 442 1391 466 se
1414 429 1520 474 vino,
1556 429 1595 464 in
1618 427 1761 465 effectu

448 505 527 528 non
558 492 640 528 vult
673 490 818 535 sanari,
852 490 946 539 quia
977 491 1113 527 volens
1137 490 1256 525 finem
1290 489 1480 536 aliquem,
1515 488 1630 523 debet
1661 486 1761 522 velle

451 549 581 586 media
614 549 840 586 necessaria
873 550 923 585 ad
953 549 1146 593 eundem;
1181 549 1231 584 ad
1264 559 1382 595 quem
1417 558 1578 582 sensum
1613 543 1759 580 dicitur

450 609 496 644 de
530 607 755 644 inordinate
787 607 1011 643 volentibus
1045 606 1163 642 finem
1199 614 1235 642 et
1269 617 1350 641 non
1384 603 1574 647 medium,
1607 602 1690 638 vult
1722 609 1759 637 et

449 679 531 702 non
563 666 646 702 vult
678 665 792 714 piger
825 665 933 701 iuxta
965 665 1040 700 hoc
1075 664 1308 700 metricum:

556 724 674 760 Catus
707 726 787 759 vult
814 724 959 772 piscem
992 723 1060 758 sed
1091 734 1162 758 non
1197 722 1276 757 vult
1310 729 1473 771 tangere
1494 719 1658 770 flumen.

508 781 676 818 Celestis
722 781 900 817 medicus
940 779 1048 828 (quia
1087 779 1289 827 scriptura
1334 782 1463 823 sacra)
1503 776 1599 813 dicit
1643 773 1759 811 nobis

450 841 557 888 quod
581 840 612 876 si
636 839 769 876 sanari
792 840 976 875 volumus
1000 851 1021 874 a
1047 839 1188 874 morbo
1212 837 1379 885 peccati,
1407 845 1449 871 ut
1471 844 1567 883 puta
1590 833 1758 878 luxuria,

449 906 610 946 oportet
657 897 851 934 macerari
906 908 1064 933 carnem
1118 904 1154 932 et
1205 894 1369 931 omnino
1415 905 1602 929 amovere
1652 904 1759 928 com-

450 955 771 992 municacionem
813 968 903 991 cum
945 954 1125 999 muliere,
1174 965 1219 990 eo
1259 954 1367 1001 quod
1413 960 1470 987 est
1510 949 1758 998 contagiosa,

449 1013 512 1050 cui
551 1026 707 1050 summe
746 1014 908 1061 prodest
946 1013 1052 1060 fuga,
1098 1025 1188 1048 cum
1227 1011 1434 1056 fortitudo,
1480 1007 1683 1056 sapiencia
1723 1016 1760 1043 et

448 1072 620 1109 sciencia
653 1084 723 1120 per
755 1070 923 1108 feminas
954 1078 1194 1118 superantur
1228 1072 1285 1114 (ut
1308 1077 1418 1117 patet
1451 1068 1498 1103 de
1522 1068 1758 1114 Sampsone,

449 1130 576 1166 David
610 1143 701 1178 rege
735 1139 771 1166 et
796 1125 1043 1177 Salomone).
1078 1127 1166 1164 Sive
1200 1140 1292 1175 ergo
1323 1126 1509 1163 sacerdos
1542 1124 1622 1160 sive
1655 1124 1760 1160 solu-

448 1197 511 1224 tus
544 1188 624 1225 sive
648 1188 885 1235 coniugatus
919 1177 1119 1235 proponat
1142 1195 1276 1222 tenere
1306 1185 1530 1221 adulteram
1554 1183 1758 1219 redeundo

449 1248 498 1283 ad
537 1246 735 1282 vomitum
776 1254 866 1294 post
906 1243 1323 1281 communicacionem
1364 1250 1558 1287 sanctam,
1605 1248 1757 1276 certum

449 1313 507 1341 est
532 1306 640 1352 quod
672 1317 753 1340 non
777 1313 834 1340 est
866 1315 955 1339 vere
980 1302 1188 1347 contritus,
1223 1310 1260 1337 et
1279 1313 1349 1349 per
1383 1311 1632 1348 consequens
1655 1299 1760 1334 Deus

448 1375 528 1398 non
562 1362 730 1399 remittit
769 1361 843 1398 sibi
876 1370 1055 1409 peccata,
1098 1373 1188 1397 cum
1221 1359 1327 1396 videt
1367 1359 1474 1406 quod
1507 1365 1687 1394 remanet
1721 1356 1761 1391 in

449 1433 495 1457 eo
518 1420 770 1469 propositum
796 1419 1014 1456 Dominum
1039 1432 1154 1455 suum
1180 1426 1478 1465 contempnere.
1505 1418 1605 1452 Nam
1632 1414 1761 1450 domi-

449 1492 522 1515 nus
561 1488 741 1515 terrenus
780 1478 810 1514 si
843 1478 995 1514 videret
1027 1477 1206 1514 animum
1240 1475 1342 1512 servi
1375 1473 1628 1519 offendentis,
1662 1485 1760 1520 quo-

452 1538 571 1573 modo
617 1550 707 1574 cum
755 1536 990 1584 duplicitate
1035 1534 1134 1584 petit
1178 1534 1334 1571 veniam
1375 1544 1604 1581 proponens
1650 1539 1759 1578 post-

450 1596 615 1631 modum
640 1594 849 1631 dominum
884 1607 999 1630 suum
1023 1594 1297 1642 supplantare,
1330 1604 1410 1627 non
1433 1590 1506 1627 sibi
1539 1588 1760 1626 remitteret

449 1654 517 1689 sed
551 1653 722 1701 puniret.
756 1654 987 1689 Habeamus
1021 1664 1114 1699 ergo
1146 1651 1394 1688 voluntatem
1420 1649 1622 1685 efficacem
1648 1659 1759 1683 arno-

449 1710 566 1747 vendi
619 1710 880 1747 incitamenta
926 1710 1081 1758 peccati
1134 1718 1170 1745 et
1215 1718 1309 1744 tunc
1353 1719 1443 1744 vere
1497 1705 1756 1743 conterimur.

450 1771 620 1816 Oportet
642 1768 747 1805 enim
772 1769 880 1816 quod
903 1769 1088 1805 voluntas
1110 1776 1248 1803 nostra
1271 1768 1491 1814 adequetur
1514 1763 1698 1813 potencie
1722 1771 1759 1799 et

448 1826 618 1863 sciencie
641 1835 789 1871 nostre,
814 1826 916 1862 sicut
940 1835 997 1862 est
1020 1825 1060 1861 in
1083 1825 1262 1861 increata
1276 1823 1486 1865 Trinitate‚
1511 1831 1547 1859 et
1571 1834 1641 1870 per
1664 1833 1759 1857 con-

448 1897 618 1933 sequens
650 1885 760 1921 nulla
793 1884 979 1932 potencia
1011 1884 1071 1919 vel
1104 1883 1276 1919 sciencia
1308 1890 1446 1918 nostra
1480 1880 1636 1917 ociatur
1663 1878 1759 1927 quin

447 1944 631 1980 voluntas
665 1943 1026 1990 correspondentes
1058 1943 1107 1978 ad
1142 1941 1229 1977 illas
1262 1939 1375 1988 ponit
1408 1939 1448 1975 in
1482 1938 1623 1975 effectu
1651 1938 1758 1985 quod

449 2001 703 2037 concluditur
742 2013 827 2036 esse
865 2000 980 2037 nobis
1023 2000 1180 2036 salubre
1221 2007 1257 2034 et
1301 1999 1463 2046 placens
1502 1999 1598 2032 Deo.
1648 1994 1759 2032 Sicut

449 2058 552 2095 enim
586 2059 772 2096 voluntas
804 2060 979 2106 quadam
1014 2056 1261 2105 proprietate
1295 2065 1482 2101 meretur,
1517 2067 1607 2090 cum
1635 2052 1784 2089 nichil.

448 2116 498 2153 sit
531 2117 781 2153 meritorium
815 2116 891 2152 nisi
923 2115 1208 2159 voluntarium,
1234 2114 1289 2150 sic
1313 2115 1488 2162 quadam
1511 2111 1758 2161 proprietate

449 2176 690 2218 demeretur,
737 2187 826 2211 cum
872 2174 987 2210 aliter
1030 2186 1111 2209 non
1150 2181 1251 2209 esset
1292 2180 1501 2220 peccatum
1541 2169 1617 2205 nisi
1656 2170 1758 2205 foret

446 2233 733 2270 voluntarium.
768 2233 844 2268 Sed
878 2231 1147 2278 intelligamus
1181 2238 1313 2266 actum
1338 2228 1491 2277 peccati
1516 2240 1597 2265 esse
1620 2228 1758 2264 volun-

448 2290 608 2337 tarium,
649 2291 680 2327 si
719 2289 815 2327 olim
855 2289 971 2326 fuerit
1004 2289 1043 2325 in
1076 2297 1273 2337 potestate
1305 2296 1442 2323 nostra
1474 2286 1605 2334 ipsum
1640 2285 1758 2321 decli-

447 2361 555 2395 nare,
590 2357 626 2385 et
659 2348 714 2385 sic
747 2347 995 2396 impossibile
1019 2356 1076 2383 est
1098 2346 1213 2383 nobis
1237 2345 1446 2394 acquirere
1469 2343 1646 2392 graciam
1670 2343 1758 2391 Spi-
1775 2374 1785 2378 -

448 2406 546 2443 ritus
562 2407 710 2453 Sancti,
727 2406 804 2442 nisi
822 2406 947 2442 instar
965 2405 1025 2442 sui
1043 2406 1290 2453 adequemus
1307 2403 1553 2440 voluntatem
1577 2411 1756 2438 nostram

449 2464 663 2501 efficaciter
695 2465 735 2501 in
768 2464 909 2501 effectu
942 2472 1079 2500 nostre
1112 2461 1295 2510 potencie
1329 2470 1365 2498 et
1388 2470 1520 2497 nostre
1544 2459 1756 2508 sapiencie.

447 2524 528 2559 Nec
560 2523 648 2569 ipsa
681 2522 845 2558 dixerim
880 2522 976 2570 quin
1009 2520 1334 2569 quociescumque
1359 2528 1394 2555 et
1417 2517 1609 2567 quamdiu
1631 2517 1758 2554 viator

448 2580 681 2628 peccaverit,
727 2580 758 2616 si
801 2579 996 2616 contritus
1040 2578 1211 2626 amplius
1256 2577 1460 2613 continere
1502 2575 1672 2612 voluerit
1715 2587 1758 2611 ex

517 2698 541 2717 2.
558 2690 600 2717 H:
623 2691 836 2725 ingurgitans.
901 2690 926 2718 3.
943 2689 1018 2717 AH:
1040 2689 1172 2724 aliquem
1188 2688 1261 2715 vult.
1327 2697 1356 2721 4.
1374 2686 1401 2713 G
1417 2687 1446 2713 iu
1463 2694 1577 2721 marg:
1597 2683 1677 2713 Nola
1688 2685 1758 2720 pul-

447 2733 540 2752 crum.
598 2734 621 2760 7.
645 2725 717 2752 DC:
740 2728 822 2752 ratus
841 2728 933 2751 amat.
991 2732 1031 2751 10.
1055 2724 1126 2751 DH:
1147 2730 1316 2750 macerare.
1374 2730 1415 2755 ιο7
1433 2729 1466 2749 11.
1488 2723 1532 2748 A:
1554 2720 1755 2748 conz'cionem.

448 2769 489 2793 ¹4-
511 2760 584 2787 AH:
607 2768 685 2794 rege
705 2760 803 2792 deest;
826 2760 864 2786 ib.
882 2759 923 2786 D:
946 2759 1052 2793 igilur.
1109 2766 1147 2785 21.
1165 2756 1207 2784 G:
1223 2765 1412 2792 preponens.
1467 2764 1500 2783 22
1526 2756 1598 2783 DH:
1620 2755 1757 2782 deterius

445 2795 657 2829 supplantare.
749 2793 780 2821 23
814 2793 858 2820 G:
880 2794 1042 2825 Imbemus;
1068 2792 1108 2819 ib.
1133 2793 1202 2818 ¹›Gz
1230 2792 1339 2818 initur.
1430 2798 1476 2825 29.
1499 2790 1541 2817 G:
1569 2798 1635 2817 erse
1661 2789 1754 2816 deest.

448 2829 490 2856 '38
514 2828 557 2855 G:
579 2829 721 2863 quoniam
743 2828 994 2863 quociesczmque.
1066 2826 1111 2860 35,
1132 2826 1178 2861 39.
1200 2812 1302 2854 ndi-1:
1325 2826 1470 2861 quamdiu
1485 2828 1645 2860 peccator.

519 2889 572 2921 25.
599 2888 650 2920 Cf.
677 2889 727 2920 De
753 2889 903 2919 Domino
930 2889 1047 2919 divino
1074 2888 1096 2922 Ι,
1121 2887 1210 2923 XVI,
1236 2897 1314 2928 pag.
1339 2885 1411 2927 145.

1777 604 1792 636 5

1781 904 1818 925 10

1781 1183 1816 1216 15

1777 1484 1819 1505 20

1775 1765 1814 1798 25
