2062 3276
203 244 276 280 500
778 240 1002 273 ,IOHANNIS
1019 238 1204 271 WYCLIF
1225 236 1481 270 SERMONUM
1515 223 1667 281 [SERMO
1687 234 1793 262 LXII!-

209 366 277 395 The
296 360 461 391 Urbanites
544 346 785 385 Differencia
829 354 962 383 autem
1008 345 1112 382 inter
1150 345 1220 381 has
1259 346 1357 381 duas
1395 351 1528 392 partes
1566 352 1624 380 est
1663 342 1795 379 multi-

251 402 421 468 Srceiiintffile,
488 407 588 457 pleiz,
623 418 713 443 cum
732 404 926 443 Urbanite
959 404 1127 440 fundant
1162 415 1202 439 se
1224 401 1504 451 principaliter
1526 401 1566 438 in
1590 401 1795 450 evangelio

489 464 650 510 Christi,
697 463 764 513 qui
799 465 857 508 (ut
890 464 1138 512 supponunt)
1172 460 1333 497 mentiri
1370 473 1451 497 non
1489 459 1649 509 poterit.
1695 461 1796 497 Cum

489 523 610 572 igitur
648 522 732 571 ipse
771 521 940 558 asseruit
978 533 1125 570 panem
1165 532 1284 569 quem
1326 518 1498 567 sumpsit
1536 531 1620 555 esse
1653 530 1798 567 corpus

491 595 622 629 suum,
661 588 843 618 asserunt
876 592 919 616 ex
952 578 1193 616 auctoritate
1226 577 1373 615 Christi
1405 590 1549 626 panem
1582 585 1673 626 post
1706 574 1831 613 con-5

212 657 260 684 the
280 653 460 683 Robertines
493 639 764 677 secracionem
805 650 888 674 esse
928 650 1073 686 corpus
1106 636 1281 673 Domini.
1327 635 1533 672 Robertini
1571 644 1705 672 autem
1739 647 1799 671 as-

200 688 476 754 ⁰g},¹S¹¹0¹¹n‘,'{⁰2{h¹e¹J'
493 706 629 735 serunt
674 696 875 733 contrarie
920 697 1026 744 quod
1075 696 1151 731 hoc
1197 703 1497 731 sacramentum
1542 706 1623 730 non
1668 702 1800 742 potest

293 769 383 797 pope.
494 769 578 794 esse
616 755 732 804 panis
770 766 843 790 nec
877 766 1022 801 corpus
1050 752 1213 789 Domini
1252 753 1321 788 sed
1359 764 1482 789 unum
1524 752 1709 789 accidens
1743 752 1800 788 in-

493 813 698 862 cognitum
745 812 825 849 sive
869 811 1006 848 nichil.
1052 813 1100 847 Et
1143 823 1225 847 non
1268 810 1437 847 fundant
1476 823 1516 848 se
1553 822 1673 859 super
1716 810 1801 858 lege

493 871 641 911 Christi
674 872 742 907 sed
775 871 825 906 ad
858 882 1061 906 summum
1101 881 1221 918 super
1253 868 1492 905 Innocencio
1525 870 1595 905 ΙΙΙΟ
1630 869 1691 905 vel
1723 867 1801 904 alio
1821 876 1860 898 10

493 933 676 968 Romano
728 927 921 977 pontifice
973 940 1092 976 quem
1146 935 1329 964 asserunt
1381 939 1494 963 suam
1554 925 1801 963 sentenciam

494 989 729 1033 affirmasse,
764 996 801 1023 et
835 986 925 1022 hinc
964 994 1236 1034 prorumpunt
1268 984 1308 1021 in
1342 986 1487 1021 multas
1520 985 1691 1022 hereses.
1737 986 1804 1021 Se-

495 1047 625 1084 cunda
658 1045 765 1082 dicta
804 1053 861 1081 est
900 1046 1007 1093 quod
1041 1043 1236 1081 Urbanite
1274 1044 1423 1080 audent
1462 1043 1581 1079 fidem
1621 1056 1732 1080 suam
1767 1051 1805 1079 et

495 1105 579 1142 eius
612 1102 894 1140 fundacionem
928 1103 1154 1149 ostendere,
1187 1115 1324 1150 ymmo
1353 1114 1426 1150 pro
1460 1101 1543 1138 eius
1576 1101 1806 1138 defensione

495 1162 733 1212 generaliter
776 1162 925 1198 audent
963 1160 1079 1207 mori,
1125 1159 1332 1197 Robertini
1370 1169 1505 1196 autem
1543 1172 1615 1196 nec
1658 1160 1862 1196 audent15

496 1222 616 1258 fidem
656 1232 769 1257 suam
809 1220 959 1268 populo
998 1218 1205 1267 publicare
1238 1230 1310 1255 nec
1343 1231 1416 1267 pro
1451 1217 1534 1255 eius
1573 1217 1804 1255 defensione

499 1279 650 1328 aliquid
684 1277 779 1314 mali
813 1277 908 1326 pati.

264 1351 332 1380 The
353 1352 425 1387 king
557 1340 638 1375 Nec
672 1335 837 1372 dubium
873 1335 912 1371 in
947 1334 1115 1372 materia
1147 1334 1222 1371 ista
1255 1334 1347 1371 fidei
1380 1344 1462 1372 tam
1498 1343 1681 1384 patenter
1714 1346 1807 1371 con-

217 1388 479 1451 ξῖξῖᾛξῂᾞζίξξέξ
500 1395 624 1433 traria
646 1395 708 1431 vel
731 1393 924 1431 Urbanite
948 1394 1008 1430 vel
1033 1393 1238 1429 Robertini
1271 1403 1361 1430 sunt
1395 1393 1604 1430 manifeste
1627 1391 1806 1439 heretici,

502 1463 540 1491 et
572 1466 642 1502 per
676 1464 924 1500 consequens
957 1464 1044 1488 cum
1081 1463 1246 1499 regnum
1280 1460 1461 1488 nostrum
1497 1460 1534 1488 et
1566 1451 1644 1488 alia
1668 1450 1745 1488 sint
1768 1450 1807 1486 in
1824 1462 1866 1483 20

502 1512 585 1549 istis
618 1512 771 1547 duabus
804 1510 920 1547 sectis
954 1509 1163 1546 manifeste
1197 1509 1411 1555 contraria,
1457 1519 1567 1558 patet
1605 1509 1808 1558 quomodo

501 1582 667 1618 regnum
710 1577 889 1605 nostrum
926 1577 963 1604 et
1001 1567 1241 1616 generaliter
1285 1567 1362 1604 alia
1407 1577 1498 1604 sunt
1535 1567 1575 1604 in
1613 1567 1807 1616 populum

502 1628 659 1665 fidelem
695 1635 732 1663 et
770 1626 972 1662 infidelem
1014 1638 1140 1674 prope
1180 1626 1375 1674 equaliter
1415 1625 1618 1674 bipartita,
1664 1634 1701 1662 et
1740 1637 1811 1673 per

501 1697 748 1733 consequens
781 1693 865 1720 tum
906 1683 946 1720 in
979 1685 1174 1732 populum
1209 1693 1330 1732 atque
1354 1683 1535 1721 diabolos
1558 1692 1649 1720 sunt
1672 1683 1810 1720 divisa.

501 1747 600 1782 Cum
636 1756 730 1791 ergo
763 1744 813 1779 ad
847 1755 980 1790 regem
1015 1742 1187 1790 pertinet
1220 1743 1414 1790 populum
1450 1755 1566 1779 suum
1591 1755 1612 1779 a
1642 1741 1812 1778 diabolis
1829 1741 1868 1773 25

501 1802 586 1839 istis
625 1813 845 1847 secernere,
890 1809 1000 1848 patet
1038 1801 1146 1849 quod
1179 1801 1229 1836 ad
1261 1812 1394 1848 regem
1435 1800 1608 1849 pertinet
1641 1813 1713 1848 pro
1747 1801 1812 1836 de-

502 1859 681 1897 fensione
705 1871 773 1895 sue
803 1858 950 1906 regalie
983 1859 1030 1894 de
1063 1858 1210 1895 talibus
1244 1858 1428 1895 hereticis
1462 1858 1654 1896 iudicare.
1688 1857 1812 1894 Aliter

504 1919 607 1955 enim
648 1918 736 1966 plus
781 1929 902 1965 quarn
943 1916 1135 1953 medietas
1180 1916 1239 1952 sui
1284 1916 1394 1965 regni
1432 1918 1481 1953 ab
1520 1917 1608 1966 ipso
1654 1918 1813 1953 caderet

503 1986 712 2024 tamquam
752 1975 937 2022 ydolatra
976 1974 1148 2011 infidelis
1183 1983 1219 2011 et
1252 1974 1335 2023 ipse
1376 1975 1617 2012 constitutus
1656 1974 1814 2023 regulus

504 2035 604 2071 forte
636 2033 830 2069 incideret
862 2032 901 2069 in
934 2041 1090 2080 partem
1125 2032 1288 2069 diaboli.
1323 2034 1409 2079 Que
1443 2046 1536 2081 ergo
1562 2046 1681 2071 causa
1713 2032 1814 2069 foret
1831 2034 1872 2066 30

504 2091 771 2141 propinquior
805 2090 917 2127 cordi
956 2090 1082 2139 regis?
1127 2092 1218 2127 Ideo
1258 2100 1401 2139 rogant
1440 2091 1576 2128 fideles
1615 2090 1814 2128 secrecius

505 2151 612 2199 quod
645 2152 751 2185 Deus
796 2157 953 2185 moveat
998 2150 1120 2185 corda
1166 2161 1302 2197 regum
1338 2158 1374 2185 et
1406 2149 1646 2186 secularium
1688 2148 1816 2186 domi-

505 2220 650 2245 norum
691 2207 730 2243 in
771 2206 846 2243 ista
892 2206 1061 2243 materia
1100 2207 1149 2243 ad
1188 2207 1495 2255 inquisicionem
1542 2216 1578 2244 et
1622 2206 1815 2244 noticiam

505 2265 704 2309 veritatis,
739 2265 847 2313 quod
880 2264 965 2300 fieri
998 2274 1131 2312 posset
1164 2264 1347 2311 faciliter,
1382 2277 1472 2301 cum
1506 2278 1599 2314 pars
1623 2264 1818 2302 Urbanita

506 2325 589 2360 vult
612 2336 652 2360 se
670 2336 742 2371 pro
767 2323 843 2359 fide
867 2335 937 2359 sua
962 2323 1081 2359 morti
1100 2335 1309 2371 exponere,
1334 2336 1426 2371 pars
1445 2332 1579 2360 autem
1600 2323 1818 2360 Robertina
1835 2322 1874 2356 35

507 2382 599 2418 licet
632 2393 675 2417 ex
707 2393 844 2429 regum
879 2380 1054 2417 stulticia
1087 2380 1136 2417 sit
1169 2380 1298 2417 dicior
1338 2390 1457 2430 atque
1496 2381 1707 2430 potencior
1744 2393 1818 2418 nec

509 2440 627 2476 fidem
661 2452 774 2475 suam
809 2440 928 2475 audet
961 2451 1138 2475 asserere
1170 2451 1244 2475 nec
1276 2441 1326 2475 ad
1360 2449 1531 2476 mortem
1555 2441 1615 2477 vel
1637 2439 1818 2477 amissio-

509 2510 599 2534 nem
634 2496 924 2545 temporalium
957 2509 997 2533 se
1030 2497 1091 2533 vel
1122 2506 1301 2534 stercora
1333 2510 1405 2534 sua
1439 2511 1647 2546 exponere.

569 2556 669 2592 Cum
704 2567 798 2603 ergo
831 2556 906 2591 hoc
938 2554 1115 2591 officium
1155 2555 1440 2592 instruccionis
1479 2555 1570 2593 fidei
1610 2568 1748 2605 regum
1783 2564 1819 2592 et

511 2612 740 2662 principum
774 2614 824 2649 ad
856 2612 964 2660 ipsos
1008 2612 1207 2661 pertineat
1244 2625 1317 2650 nec
1357 2613 1479 2650 alium
1524 2615 1697 2651 fructum
1737 2612 1820 2662 regi
1835 2624 1879 2655 40

512 2670 681 2707 afferant
725 2683 798 2719 pro
842 2670 1133 2719 temporalibus
1177 2671 1322 2720 quims
1366 2671 1500 2709 taliter
1544 2681 1635 2709 sunt
1679 2671 1820 2717 dotati,

513 2729 562 2765 ad
595 2740 727 2776 regem
762 2727 935 2776 pertinet
967 2729 1038 2764 sub
1072 2741 1174 2777 pena
1197 2729 1426 2766 amissionis
1449 2730 1630 2766 omnium
1655 2742 1818 2766 suorum

512 2785 798 2834 temporalium
831 2786 870 2822 in
903 2785 978 2822 isto
1011 2799 1179 2823 onerare
1204 2787 1441 2824 Robertinos
1466 2801 1555 2824 cum
1580 2788 1821 2825 fundacione

513 2843 852 2880 sufficientissima
897 2856 1015 2892 quam
1064 2845 1211 2881 habent
1257 2845 1329 2881 sibi
1371 2855 1407 2881 et
1445 2858 1567 2893 regno
1612 2847 1822 2882 ostendere
