2062 3276
185 921 223 943 10

185 1200 221 1233 15

239 276 374 306 SERMO
395 262 520 323 XVIII]
719 277 909 317 QUARTA
938 276 1063 308 PARS.
1764 273 1835 311 ¹47

240 388 317 423 Sed
350 385 416 422 ubi
451 394 508 422 est
542 397 661 421 causa
695 383 841 420 clarior
884 385 931 420 ad
976 391 1087 419 vetus
1132 382 1372 418 fermentum
1420 381 1551 418 multi-

240 443 397 492 pliciter
430 443 653 492 impediens
679 441 992 478 destruendum?
1024 440 1168 477 Veniat
1192 452 1289 487 rogo
1314 449 1553 488 procurator

238 501 474 538 Antichristi
509 510 545 537 et
578 509 718 550 arguat
766 500 797 536 si
842 499 1000 536 sciverit
1044 512 1116 547 pro
1161 506 1274 546 parte
1319 510 1390 534 sua
1435 498 1551 534 istam

240 560 359 596 fidem
395 559 637 596 catholicam
672 558 962 606 impugnando,
1003 566 1039 593 et
1072 564 1224 593 certum
1261 564 1318 592 est
1351 557 1459 604 quod
1493 556 1553 592 vel

240 617 402 666 negabit
435 618 561 665 legem
597 616 745 654 Christi
792 629 867 664 que
913 624 971 652 est
1016 615 1115 651 fides
1162 614 1328 651 ecclesie
1372 615 1432 651 vel
1466 626 1554 662 pre-

241 675 482 724 ponderabit
533 675 606 711 sibi
659 674 903 711 tradiciones
957 675 1154 709 humanas
1207 681 1275 709 aut
1328 671 1554 709 evidencias

239 734 414 777 frivolas,
459 733 519 770 vel
559 733 685 769 tercio
729 731 888 769 veritati
934 731 1025 768 fidei
1071 731 1276 768 convictus
1323 743 1344 767 a
1378 730 1553 767 Domino

240 793 547 828 condescendet.
574 789 622 827 Et
645 804 807 828 oremus
833 790 1021 827 devocius
1045 791 1153 838 quod
1178 801 1344 837 regnum
1370 798 1552 825 nostrum

239 863 311 898 pro
346 862 466 886 causa
513 849 606 886 belli
652 848 907 898 particularis
952 847 1166 896 periculosi
1212 856 1332 896 atque
1377 846 1554 895 ambigui

238 917 320 945 tam
356 907 607 944 caritativam
643 920 804 944 causam
840 906 911 943 Dei
947 915 984 943 et
1016 915 1097 943 tam
1123 906 1261 942 utilem
1287 905 1452 942 ecclesie
1474 918 1555 942 non

238 966 412 1003 omittat.
460 966 570 1002 Sicut
604 965 708 1002 enim
744 968 849 1001 Deus
883 973 940 1001 est
979 977 1099 1013 super
1139 964 1275 1000 omnia
1315 963 1554 1012 diligendus,
1571 964 1668 992 God's
1689 966 1842 1014 Cssssssf-flthe

238 1024 294 1061 sic
340 1033 377 1060 et
424 1037 542 1061 causa
585 1036 655 1060 sua
690 1033 746 1060 est
780 1023 908 1060 causis
941 1022 1254 1071 particularibus
1287 1021 1433 1058 talibus
1466 1033 1555 1070 pre-
1596 1001 1660 1028 best
1680 1004 1825 1062 {grstrue

238 1083 415 1119 ferenda.
450 1085 532 1119 Nec
566 1091 725 1119 moveat
760 1083 832 1118 hec
866 1094 959 1118 ceca
992 1080 1229 1117 Antichristi
1262 1080 1422 1117 fallacia
1447 1080 1555 1128 quod

239 1140 354 1177 multi
388 1140 515 1177 sancti
560 1154 640 1177 non
689 1140 818 1177 solum
866 1139 1134 1188 permiserunt
1180 1139 1248 1175 sed
1295 1138 1552 1175 dotacionem

239 1199 356 1235 istam
390 1207 598 1248 tamquam
635 1198 878 1235 laudabilem
904 1199 1245 1247 approbaverunt.
1280 1198 1443 1233 Certum
1470 1195 1555 1245 qui-

239 1259 330 1293 dem
365 1265 422 1293 est
462 1259 569 1306 quod
604 1256 784 1293 Christus
819 1258 924 1292 Deus
970 1265 1006 1293 et
1055 1257 1176 1292 homo
1222 1254 1405 1303 permisit
1451 1255 1556 1291 facta

239 1316 365 1352 multa
411 1315 687 1363 dampnabilia
734 1327 809 1364 que
855 1327 945 1351 cum
992 1313 1272 1351 moderamine
1312 1312 1554 1362 reprobavit.

238 1373 443 1422 Numquid
498 1373 699 1410 credimus
753 1374 861 1422 quod
923 1383 1015 1409 sunt
1074 1381 1289 1421 propterea
1348 1370 1555 1408 facienda?

239 1432 402 1468 Certum
457 1431 620 1480 quidem
677 1440 733 1468 est
787 1432 896 1479 quod
950 1431 1147 1480 permittit
1200 1430 1336 1466 omnia
1390 1438 1556 1478 peccata

239 1489 377 1525 mundi
412 1498 449 1526 et
482 1499 617 1526 tamen
649 1490 732 1526 vult
766 1491 873 1538 quod
908 1491 957 1526 ad
991 1489 1206 1525 utilitatem
1234 1488 1399 1525 ecclesie
1424 1497 1460 1524 et
1484 1500 1556 1524 suo

237 1547 379 1584 ordine
412 1547 490 1584 sint
524 1548 677 1596 punita.
718 1550 922 1594 Quantum
957 1549 1007 1584 ad
1040 1547 1139 1583 illud
1166 1547 1273 1595 quod
1298 1546 1423 1583 obicis
1448 1546 1556 1595 quod

238 1606 334 1642 dicti
387 1606 514 1643 sancti
564 1606 823 1643 dotacionem
877 1606 986 1643 illam
1045 1605 1212 1642 ecclesie
1265 1606 1555 1653 approbarunt,

238 1664 278 1700 in
311 1665 387 1700 hoc
419 1677 502 1701 non
533 1665 655 1701 laudo
691 1678 770 1711 eos,
817 1664 919 1701 sicut
953 1677 1025 1701 nec
1070 1673 1253 1701 sanctum
1290 1665 1449 1700 Petrum
1485 1675 1557 1699 nec

239 1723 407 1759 Paulum
442 1731 510 1759 aut
543 1732 702 1759 sanctos
744 1723 1051 1759 excellenciores
1097 1723 1205 1770 quod
1253 1730 1394 1758 contra
1428 1723 1554 1757 Deum

238 1780 409 1828 graviter
432 1790 717 1829 peccaverunt.
753 1781 934 1830 Supponi
959 1790 1094 1818 tamen
1118 1788 1249 1828 potest
1273 1779 1558 1828 supposicione

238 1838 439 1887 probabili
475 1839 573 1876 citra
615 1840 735 1876 fidem
782 1841 890 1888 quod
937 1840 1035 1876 tales
1081 1838 1227 1876 abiecti
1272 1838 1374 1875 servi
1408 1837 1557 1875 Christi

239 1898 287 1933 de
320 1898 396 1934 hoc
429 1907 598 1946 peccato
634 1898 807 1934 finaliter
853 1897 1114 1946 penituerunt
1162 1905 1253 1933 ante
1301 1906 1472 1933 mortem
1521 1904 1557 1932 et

239 1955 403 1992 racione
436 1955 697 2004 displicencie
731 1965 767 1992 et
801 1956 879 1993 vite
913 1956 1077 1992 alterius
1128 1964 1220 1991 sunt
1264 1955 1344 1991 iam
1389 1954 1429 1991 in
1463 1953 1556 1990 celis

239 2025 283 2049 ex
316 2013 387 2049 Dei
421 2014 556 2062 gracia
597 2014 776 2062 gloriosi.
814 2017 870 2050 De
916 2015 991 2051 hoc
1037 2022 1172 2050 tamen
1216 2026 1298 2049 non
1343 2021 1400 2049 est
1445 2020 1557 2049 tanta

239 2071 337 2108 fides
371 2072 432 2108 vel
466 2071 685 2118 evidencia,
732 2072 836 2109 sicut
883 2082 940 2109 est
987 2073 1034 2109 de
1079 2073 1163 2120 lege
1197 2071 1344 2108 Christi
1379 2070 1556 2107 dictante

241 2131 349 2178 quod
383 2130 511 2167 clerus
545 2143 624 2167 non
658 2139 715 2167 est
750 2130 884 2168 taliter
917 2131 1177 2180 prediandus.
1209 2128 1214 2182 l

706 2269 904 2308 SERMO
937 2269 1084 2309 XVIII.

750 2347 861 2379 (Scrm.
884 2346 972 2374 Mixa
995 2347 1042 2381 v.)

296 2421 504 2458 Alulierem
527 2421 679 2470 fortem
714 2422 796 2470 quis
829 2422 1022 2457 inveniet?
1055 2423 1243 2459 Proverb.
1278 2422 1436 2459 ultimo.
1607 2429 1685 2457 This
1706 2427 1814 2462 epistle

298 2480 464 2516 Constat
509 2491 552 2516 ex
597 2478 804 2516 evidencia
849 2480 968 2516 huius
1017 2479 1217 2529 scripture
1271 2489 1308 2517 et
1362 2480 1556 2517 concordi
1581 2463 1849 2529 Chls-ffiafflddffig

239 2545 472 2574 sanctorum
519 2537 752 2574 testimonio
798 2539 906 2586 quod
950 2538 1026 2575 ista
1073 2538 1244 2587 epistola
1288 2539 1469 2588 loquitur
1511 2540 1559 2575 de
1643 2534 1779 2563 cnm-ch.

312 2692 345 2711 11.
362 2684 386 2711 E
400 2684 429 2711 in
446 2693 560 2719 marg:
578 2684 624 2712 De
638 2684 805 2712 dileccione
819 2684 877 2712 Dei
891 2688 921 2712 et
933 2693 1027 2713 causa
1043 2686 1148 2720 ipsius.
1205 2694 1248 2712 22.
1265 2686 1383 2713 Codd.:
1405 2687 1562 2714 ecclesiam

240 2717 287 2751 34.
310 2719 367 2746 Hic
389 2727 490 2746 sermo
511 2719 540 2746 in
562 2719 670 2747 codd.:
692 2720 807 2747 ADEG
829 2720 974 2753 habetur3
998 2721 1070 2747 Ain
1094 2729 1206 2753 marg:
1229 2721 1336 2747 Sermo
1350 2720 1465 2749 XVIII:
1485 2721 1510 2748 D
1532 2722 1561 2748 in

242 2761 356 2793 margf
373 2753 435 2793 ⁷Xl'
451 2754 534 2787 (sic);
555 2754 579 2781 E
599 2754 627 2780 in
651 2762 766 2787 marga
787 2755 847 2782 Hic
866 2763 967 2781 sermo
987 2755 1151 2782 secundum
1167 2756 1262 2782 aliam
1273 2756 1463 2790 posicionem
1479 2756 1566 2783 debet

243 2796 309 2826 esse
323 2788 347 2817 ,Χ
358 2789 366 2815 ῑ
377 2789 392 2815 I
403 2790 433 2816 in
449 2789 560 2816 ordine
575 2792 605 2827 et
615 2789 660 2815 sic
677 2794 817 2824 sequzlur
837 2790 973 2817 ultimum
992 2790 1081 2817 huius
1095 2790 1176 2817 ἰών-ἰ.
1199 2791 1231 2817 In
1247 2790 1332 2818 cod.:
1356 2790 1382 2817 G
1398 2791 1446 2818 hic
1461 2798 1563 2818 sermo

244 2823 296 2850 tol.
318 2831 467 2858 207-—209
489 2824 653 2854 invenitur,
675 2833 738 2859 sep.
760 2825 796 2851 ab
818 2825 886 2852 aliis
908 2825 999 2852 huius
1021 2825 1116 2859 partis
1137 2825 1346 2852 sermonibus,

321 2908 372 2940 33.
388 2907 518 2948 Epistlc
536 2906 586 2938 for
600 2907 657 2938 the
672 2908 763 2939 Mass
780 2909 821 2939 de
837 2919 907 2939 non
916 2909 1127 2950 Virginibus.
1195 2909 1248 2942 35.
1268 2909 1498 2948 Prov.XXX1‚
1514 2919 1564 2941 10.

1366 2977 1435 2999 10·····
