2062 3276
3 0 25 114 sumn

253 886 291 907 10

252 1165 287 1198 15

248 1757 264 1778 L)

309 240 446 270 SERMO
468 231 561 289 x1„1.]
786 246 979 285 QUARTA
1006 246 1133 278 PARS.

308 362 388 386 non
428 352 577 387 audent
617 361 785 400 propter
829 351 1092 388 offensionem
1133 354 1374 388 descendere
1414 354 1620 400 predando

309 407 513 445 hominem
566 409 630 446 isti
683 409 807 459 lapidi
852 410 1110 455 innitentem3
1162 422 1226 446 sec
1280 410 1448 446 miscent
1493 411 1619 446 zelum

307 465 482 503 vindicte
522 468 582 503 vel
627 467 886 504 affeccionem
928 467 1133 504 cadaveris
1178 469 1245 504 sed
1286 480 1386 515 pure
1425 469 1619 504 honorem

308 524 420 572 grani
453 525 644 561 frumenti
679 525 718 561 in
742 525 994 573 agonizando
1027 538 1100 574 pro
1133 538 1205 562 sua
1230 538 1364 571 causa,
1399 526 1621 562 recolentes

308 583 416 631 quod
439 591 530 619 sunt
562 583 788 620 necessario
813 583 1018 628 morituri3
1052 585 1120 620 sed
1153 597 1234 620 non
1258 583 1425 629 facilius,
1460 584 1620 632 placen-

309 640 391 676 cius
430 649 497 676 aut
539 641 767 677 meritorius
808 650 971 689 possent
1017 641 1134 687 mori,
1181 650 1218 678 et
1262 641 1317 678 sic
1358 642 1503 678 armati
1547 655 1619 690 pro

308 697 539 734 defensione
579 698 675 746 legis
721 699 949 747 evangelice
988 708 1222 736 constanter
1266 699 1489 748 corripiunt
1528 699 1620 736 huic

306 756 382 804 legi
406 756 571 793 rebelles
595 765 632 793 et
655 766 794 804 parate
813 758 1031 806 disponunt
1049 771 1089 794 se
1108 759 1157 794 ad
1174 757 1413 806 paciendum
1434 767 1619 805 mortem,

306 814 337 850 si
361 822 522 862 oportet
556 814 594 851 in
619 828 737 852 causa
773 816 889 852 huius
913 816 1022 864 legis.
1058 816 1123 853 Sic
1147 816 1251 852 enim
1278 816 1461 853 Christus
1485 816 1621 853 docuit

307 872 425 909 hodie
464 872 662 920 paciendo
695 873 866 920 vincere,
906 887 987 910 non
1020 874 1227 922 propriam
1269 874 1458 911 iniuriam
1492 874 1620 911 vindi-

307 931 436 967 cando
474 932 543 967 sed
589 931 794 968 humiliter
833 932 1043 980 paciendo,
1092 946 1179 969 cum
1222 935 1328 968 Deus
1368 946 1447 970 non
1488 942 1619 981 potest

305 988 362 1025 sic
402 988 628 1036 pacientem
669 989 897 1039 relinquere
931 990 1027 1039 quin
1067 990 1277 1027 coronabit
1310 1000 1347 1027 et
1385 991 1618 1037 vindicabit,

305 1056 347 1083 ut
386 1055 495 1095 patet
535 1060 578 1084 ex
618 1048 836 1096 evangelio,
882 1049 949 1085 ubi
994 1048 1127 1097 primo
1171 1048 1346 1085 ostendit
1389 1049 1618 1097 potenciam

305 1104 524 1141 divinitatis
563 1118 645 1151 sue,
687 1106 840 1143 dicens:
880 1107 971 1158 Ego
1007 1120 1106 1152 sum,
1133 1107 1235 1156 fecit
1273 1119 1337 1143 eos
1374 1108 1621 1144 retrocedere

305 1171 339 1199 et
378 1164 518 1200 cadere
557 1164 592 1200 in
626 1171 796 1210 terram;
833 1166 1008 1201 secundo
1051 1167 1167 1201 Petro
1207 1164 1403 1202 eximente
1441 1165 1618 1214 gladium

305 1221 397 1257 fecit
435 1221 567 1269 ipsum
599 1221 711 1258 illum
746 1235 933 1272 reponere
965 1223 1001 1259 in
1034 1223 1232 1274 vaginam,
1266 1225 1448 1260 sanando
1482 1236 1618 1260 aurem

306 1280 488 1325 alteram,
523 1279 614 1316 licet
648 1289 784 1328 posset
808 1281 1023 1318 efficaciter
1056 1294 1204 1331 rogare
1226 1289 1382 1330 patrem
1415 1294 1525 1318 suum
1551 1294 1618 1319 ex-

305 1337 436 1374 hibere
472 1338 546 1374 sibi
576 1338 668 1387 plus
707 1351 819 1387 quam
862 1340 1062 1376 duodecim
1096 1339 1267 1390 legiones
1298 1340 1546 1390 angelorum,
1579 1349 1621 1377 ut

305 1404 415 1444 patet
447 1396 532 1431 Joh.
568 1397 731 1442 XV11105,
765 1397 891 1433 tercio
924 1409 1018 1434 vero
1052 1397 1182 1446 potuit
1216 1397 1388 1434 movisse
1421 1399 1618 1446 populum

305 1453 336 1489 si
359 1453 551 1490 voluisset
584 1463 726 1491 contra
749 1456 992 1501 sacerdotes,
1026 1455 1191 1501 scribas,
1225 1455 1434 1504 phariseos
1469 1465 1505 1492 et
1528 1469 1620 1493 suos

306 1511 525 1560 complices
565 1514 614 1548 ad
648 1512 914 1549 resistendum
957 1523 993 1550 et
1027 1515 1336 1562 expugnandum
1378 1526 1518 1551 omnes
1553 1517 1620 1551 ad-

304 1570 502 1607 versarios
527 1583 632 1616 suos,
666 1572 735 1607 sed
758 1571 884 1608 voluit
917 1573 1012 1609 dare
1033 1572 1148 1609 nobis
1171 1572 1397 1620 exemplum
1422 1572 1620 1620 paciendo

304 1628 476 1665 vincere.
518 1630 782 1666 Postmodum
814 1642 908 1666 vero
941 1632 1042 1667 XLII
1076 1643 1181 1667 anno
1215 1639 1305 1678 post
1343 1630 1619 1668 ascensionem

305 1688 467 1735 quando
499 1687 572 1723 fuit
596 1687 750 1736 precise
784 1700 883 1736 eque
907 1698 1047 1736 potens
1080 1688 1263 1725 excitavit
1288 1690 1489 1725 Romanos
1513 1689 1620 1737 prin-

273 1744 414 1793 5cipes
446 1744 582 1781 Titum
623 1755 660 1782 et
692 1746 986 1794 Vaspasianum
1027 1746 1094 1795 qui
1127 1748 1403 1783 destruxerant
1440 1747 1619 1784 funditus

306 1802 522 1840 civitatem.
569 1804 785 1852 Palpemus
818 1804 952 1853 itaque
986 1804 1142 1841 animos
1174 1814 1348 1850 nostrOS,
1381 1804 1554 1842 videndo
1587 1805 1618 1842 si

303 1860 510 1909 sequimur
533 1861 737 1898 Christum
772 1861 811 1898 in
844 1862 986 1899 humili
1018 1862 1239 1911 paciencia,
1273 1862 1366 1911 quia
1399 1875 1520 1911 penes
1544 1865 1618 1900 hoc

304 1918 525 1955 attenditur
557 1932 673 1955 amor
706 1919 866 1957 Christi.

361 1977 506 2014 Tereia
538 1978 695 2026 questio
728 1979 830 2014 solet
863 1977 975 2026 queri
1009 1991 1132 2027 quare
1157 1981 1262 2014 Deus
1296 1991 1436 2027 passus
1469 1988 1527 2016 est
1561 1989 1619 2016 tot

304 2035 508 2083 angustias
543 2048 616 2083 pro
655 2036 939 2084 redempcione
978 2036 1111 2085 operis
1150 2036 1305 2085 proprii
1339 2049 1361 2073 a
1400 2049 1512 2073 servo
1546 2051 1617 2074 suo

304 2093 488 2139 diabolo,
523 2094 847 2142 compendiosius
873 2094 976 2130 enim
1013 2103 1050 2131 et
1073 2094 1197 2131 levius
1227 2105 1361 2143 posset
1385 2097 1616 2143 procedere.

304 2152 381 2188 Sed
405 2165 478 2200 pro
512 2151 588 2188 isto
613 2161 670 2189 est
702 2154 924 2189 notandum
949 2154 1072 2201 quod,
1107 2152 1208 2189 sicut
1232 2155 1338 2190 Deus
1371 2162 1429 2189 est
1461 2166 1617 2190 summe

304 2219 445 2257 potens
470 2219 507 2247 et
540 2223 696 2247 summe
720 2211 964 2258 misericors,
999 2210 1054 2247 sic
1078 2220 1136 2247 est
1168 2223 1324 2248 summe
1348 2211 1488 2248 iustus.
1524 2213 1616 2249 Ideo

304 2268 516 2317 supposito
556 2278 726 2317 peccato
768 2268 943 2306 hominis
982 2269 1142 2306 iusticia
1182 2269 1352 2318 requirit
1393 2271 1502 2319 quod
1544 2284 1617 2318 pro

305 2326 590 2374 redempcione
630 2329 746 2363 detur
790 2327 970 2376 precium
1017 2337 1264 2376 competens,
1310 2328 1401 2365 ideo
1441 2330 1617 2365 secunda

304 2397 477 2432 persona
500 2385 670 2422 redemit
703 2387 922 2422 secundum
948 2385 1240 2423 humanitatem
1275 2399 1297 2422 a
1321 2395 1406 2423 tota
1438 2386 1617 2423 trinitate

304 2456 427 2490 genus
460 2444 696 2490 humanum,
737 2457 819 2480 non
852 2446 1067 2480 mercando
1110 2457 1200 2480 cum
1235 2444 1397 2481 diabolo
1435 2444 1503 2494 qui
1536 2458 1616 2482 non

373 2585 398 2611 7.
419 2578 463 2604 A:
491 2577 665 2612 corrtpt'unl
684 2577 778 2604 deest.
887 2585 914 2613 9.
938 2577 981 2604 G:
1008 2577 1063 2604 sed
1081 2580 1223 2612 (φονίων,-
1248 2578 1288 2605 ib.
1309 2577 1383 2605 DG:
1411 2580 1502 2606 vitam
1529 2580 1617 2607 istius

302 2613 399 2648 legis:
418 2612 458 2638 ib.
474 2611 518 2638 H:
541 2612 637 2639 istius,
706 2620 747 2640 ιο.
768 2611 874 2639 ADG:
896 2620 956 2639 non
978 2612 1073 2639 deest.
1142 2620 1179 2639 12.
1196 2612 1238 2639 D:
1259 2613 1439 2648 relinquere
1479 2615 1613 2641 uoniam.

303 2647 342 2674 13.
357 2646 461 2674 DGH:
483 2646 513 2673 in
534 2647 697 2685 evangelio
718 2647 879 2674 hodierno.
937 2655 979 2680 14.
997 2647 1135 2683 Htfecit
1154 2655 1206 2674 eos
1226 2647 1320 2675 deest.
1377 2647 1420 2676 23.
1478 2658 1484 2676 ε
1506 2657 1615 2677 annor.

302 2682 342 2709 25.
370 2682 414 2708 A:
441 2683 472 2707 et
495 2681 596 2714 deest;
621 2681 661 2708 ib.
683 2681 757 2708 DG:
783 2681 1005 2716 I'espesianum.
1150 2689 1194 2717 29.
1224 2682 1248 2709 D
1277 2682 1306 2709 in
1335 2691 1448 2717 marg:
1479 2683 1613 2719 Queslio.

302 2715 344 2743 32.
372 2716 414 2743 D:
441 2716 511 2746 illo;
537 2715 578 2742 ib.
606 2715 679 2743 DG:
707 2717 779 2752 quia
804 2717 892 2744 sicul.
1023 2715 1066 2744 33.
1094 2716 1167 2744 DG:
1190 2720 1304 2752 polens·
1329 2721 1357 2744 et
1382 2726 1496 2745 summe
1521 2719 1614 2746 deest.

302 2750 347 2784 34.
369 2751 411 2778 D:
432 2750 613 2786 requiritur.

377 2833 426 2863 14.
451 2821 529 2854 Joh.
559 2823 677 2862 XVIII,
710 2821 746 2854 ὃς
789 2824 832 2855 Ut
866 2833 951 2865 ergo
984 2823 1079 2855 dixit
1111 2824 1178 2855 e1's:
1216 2823 1293 2865 Ego
1325 2833 1418 2863 sum;
1452 2825 1616 2857 abierunt

303 2872 401 2901 retro
427 2875 459 2901 et
485 2869 683 2901 ceciderunt
709 2869 742 2900 in
769 2874 918 2901 terram.
1002 2879 1050 2912 19.
1070 2869 1191 2901 Recte:
1211 2868 1329 2902 Matth.
1349 2870 1467 2909 XXVI,
1489 2869 1541 2909 52,
1563 2869 1614 2902 53.

1706 822 1839 850 Christ's

1635 858 1774 891 example
1789 859 1910 885 reaches

1652 902 1685 919 us
1707 898 1737 920 to
1757 901 1894 928 conqucr

1672 928 1710 964 by
1731 927 1878 963 patience.

1703 1981 1838 2008 Christ’s

1692 2016 1855 2050 sufferings

1672 2051 1812 2090 required
1836 2052 1873 2088 by

1711 2090 1827 2120 yustice.
