2062 3276
215 889 252 908 10

176 971 251 1028 fol.

176 1025 235 1048 νη)

215 1168 250 1199 15

266 244 402 274 samio
425 234 501 292 xp]
745 247 936 286 QUARTA
965 247 1090 279 PARs.

267 354 444 392 innutive
490 354 674 402 predixit,
721 355 806 392 Joh.
845 357 912 401 110,
960 367 998 400 4,
1045 355 1208 401 quando
1255 362 1386 390 motus
1425 356 1475 391 ad
1521 355 1575 391 fa-

268 412 452 450 ciendum
489 412 728 448 miraculum
762 411 800 447 in
836 411 1096 448 conversione
1120 424 1225 459 aque
1258 412 1297 448 in
1320 412 1456 448 vinum
1482 412 1577 448 dixit

268 480 469 507 extranee:
510 470 615 520 Qaeid
648 470 742 506 mihi
772 477 807 506 et
839 470 907 506 tibi
938 469 1108 505 mulier?
1146 471 1193 505 Et
1226 479 1316 518 post
1355 472 1430 506 hoc
1470 483 1578 507 com-

268 527 602 577 pendiosissimus
636 529 778 564 doctor
812 527 1008 576 mitigavit
1033 528 1214 563 dolorem
1250 527 1389 564 matris
1423 527 1477 564 sic
1511 541 1577 565 vo-

269 588 399 623 cando
440 598 527 623 eam
568 595 766 631 extranee,
811 585 903 634 quia
937 585 1047 621 iuxta
1086 586 1290 622 naturales
1325 585 1578 622 extraneacio

268 644 387 681 amici
435 643 591 691 mitigat
638 642 898 680 affeccionem
946 652 982 680 et
1028 643 1204 679 tenerior
1249 643 1393 680 affacio
1435 644 1579 680 excitat

268 715 461 740 amorem.

325 761 403 797 Sed
437 772 525 796 cum
560 760 681 796 verba
714 758 896 807 magistri
929 758 1074 807 optimi
1108 768 1199 796 sunt
1232 760 1350 807 plena
1385 760 1579 806 misterio,

266 827 377 867 patet
401 819 508 867 quod
542 818 648 854 ultra
671 816 830 853 literam
856 826 913 853 est
944 829 1081 853 sensus
1105 817 1291 854 subtilior
1315 818 1579 866 indagandus.

267 879 335 912 Est
360 876 463 912 enim
490 875 660 923 duplicis
685 875 823 911 matris
848 876 991 923 duplex
1017 875 1199 921 dileccio,
1234 875 1385 912 scilicet
1410 876 1581 913 carnalis

267 944 304 971 et
337 933 569 982 spiritualis.
606 932 834 981 Spiritualis
869 942 1002 970 autem
1029 943 1157 970 mater
1189 943 1327 970 nostra
1353 943 1409 971 est
1442 944 1581 971 sancta

268 992 448 1039 ecclesia,
472 1004 552 1028 non
576 990 729 1039 lapides
753 999 790 1027 et
813 991 932 1039 ligna,
958 993 1024 1027 sed
1051 1001 1159 1028 cetus
1183 1001 1345 1028 sanctus
1370 992 1547 1029 fidelium
1575 988 1578 1044 Ι

267 1050 508 1088 animarum.
543 1051 598 1085 Ex
631 1062 709 1097 quo
744 1057 833 1085 cetu
857 1062 946 1085 cum
972 1050 1158 1098 potencia
1182 1050 1409 1098 operatrice
1433 1050 1581 1087 Christi

267 1107 529 1157 spiritualiter
563 1107 765 1155 gignimur
798 1116 835 1144 et
868 1107 1062 1145 fovemur.

326 1169 445 1203 Istam
492 1174 626 1202 autem
671 1174 842 1202 matrem
889 1167 1079 1202 debemus
1125 1167 1332 1203 attendere
1377 1166 1579 1202 infinitum

269 1226 356 1273 plus
387 1237 508 1273 quam
544 1232 713 1260 matrem
740 1224 957 1269 carnalem,
992 1224 1087 1273 quia
1121 1233 1178 1261 est
1202 1224 1402 1260 infinitum
1439 1224 1581 1261 melior

268 1293 305 1319 et
346 1282 550 1319 infinitum
584 1282 673 1330 plus
713 1282 911 1318 benefacit
944 1282 1059 1318 nobis
1099 1283 1261 1319 racione
1295 1282 1440 1330 capitis
1473 1284 1581 1331 quod

269 1350 325 1377 est
365 1340 560 1378 Christus.
610 1339 869 1376 Necessarior
914 1339 1051 1389 itaque
1097 1340 1281 1377 doctrina
1320 1353 1401 1376 non
1448 1350 1581 1388 posset

270 1399 355 1435 dari
380 1398 564 1435 fidelibus
584 1411 705 1447 quam
730 1400 875 1435 docere
891 1410 958 1435 eos
983 1398 1200 1436 affectuose
1220 1399 1385 1447 diligere
1410 1408 1579 1435 matrem

269 1457 402 1503 istam>
428 1465 464 1493 et
489 1458 546 1503 (ut
570 1457 786 1505 loquamur
810 1457 1051 1504 generaliter
1085 1459 1132 1493 de
1156 1461 1308 1504 amore)
1342 1469 1423 1493 non
1447 1467 1581 1505 posset

269 1529 290 1552 a
324 1514 439 1552 nobis
473 1514 721 1551 effectualius
756 1514 866 1563 diligi
891 1528 1011 1563 quam
1048 1515 1315 1563 extinguendo
1349 1524 1518 1563 peccata
1542 1515 1582 1551 in

268 1573 383 1610 nobis
429 1582 466 1610 et
514 1572 601 1610 aliis
647 1581 841 1622 quantum
882 1573 1116 1611 sufficimus.
1162 1576 1262 1610 Nam
1313 1573 1406 1610 licet
1454 1574 1581 1610 clerus

270 1632 443 1669 cesarius
477 1640 634 1679 reputet
667 1631 1040 1668 accumulacionem
1067 1631 1354 1680 temporalium
1393 1640 1430 1668 et
1462 1631 1582 1680 privi-

270 1690 465 1739 legiorum
485 1689 724 1726 secularium
745 1689 893 1726 factam
918 1690 1024 1726 clero
1050 1702 1134 1727 esse
1160 1690 1284 1738 magis
1309 1691 1358 1727 ad
1382 1691 1579 1726 honorem

213 1775 227 1779 -
270 1758 306 1785 θῖ
351 1760 530 1784 amorem
573 1747 667 1784 cleri
716 1760 761 1783 ac
803 1757 1097 1796 consequenter
1143 1747 1273 1784 tocius
1314 1747 1496 1794 ecclesie,
1542 1748 1581 1784 in

268 1815 426 1843 tantum
466 1808 574 1854 quod
614 1815 803 1854 reputant
843 1819 1105 1854 quoscunque
1142 1806 1341 1843 hereticos
1381 1806 1449 1855 qui
1482 1806 1581 1842 illud

270 1864 497 1912 impediunt
529 1865 590 1901 vel
623 1864 878 1912 impugnant,
914 1873 1049 1900 tamen
1084 1864 1162 1900 illis
1186 1864 1447 1913 loquentibus
1481 1877 1581 1913 quo-

270 1924 553 1970 modocunque
586 1921 786 1958 voluerint
819 1922 884 1958 ille
918 1923 1005 1970 plus
1038 1923 1139 1959 zelat
1173 1935 1246 1970 pro
1280 1931 1420 1959 sancta
1454 1931 1581 1959 matre

271 1980 439 2017 ecclesia
473 1980 540 2028 qui
574 1981 732 2017 laborat
766 1980 962 2017 attencius
992 1982 1042 2016 ad
1076 1982 1350 2017 reducendum
1386 1989 1422 2017 et
1447 1981 1582 2017 defen-

214 2041 229 2071 3
271 2040 446 2075 dendum
479 2038 689 2086 privilegia
722 2048 758 2074 et
792 2047 939 2075 statum
972 2037 1011 2074 in
1036 2038 1179 2087 quibus
1204 2038 1386 2075 Christus
1410 2038 1582 2075 instituit

270 2110 461 2145 sponsam
502 2109 629 2142 suam,
684 2109 772 2133 cum
820 2098 1011 2133 debemus
1052 2109 1094 2132 ex
1140 2096 1218 2133 fide
1264 2098 1428 2133 credere
1474 2098 1582 2145 quod

271 2154 451 2192 Christus
484 2154 686 2190 infinitum
721 2154 964 2203 prudencius
1004 2163 1041 2191 et
1082 2154 1284 2191 infinitum
1326 2154 1582 2191 affectuosius

272 2213 406 2249 dilexit
430 2222 612 2250 sanctam
637 2213 848 2250 ecclesiam
869 2225 989 2261 quam
1011 2225 1121 2249 cesar
1144 2214 1205 2250 vel
1228 2212 1371 2261 aliquis
1396 2212 1583 2249 dominus

272 2271 475 2308 secularis.
510 2273 598 2308 Stat
631 2280 765 2307 autem
800 2271 950 2308 sanitas
983 2283 1029 2307 ac
1059 2271 1309 2319 prosperitas
1344 2270 1510 2308 ecclesie
1543 2271 1584 2307 in

217 2335 250 2366 3-
273 2329 561 2378 temporalium
601 2329 914 2378 postposicione‚
957 2329 997 2365 in
1029 2329 1235 2377 paciencie
1267 2328 1583 2366 tribulacionum

274 2387 567 2435 preposicione‚
621 2396 657 2424 et
709 2387 750 2423 in
801 2387 1061 2424 occasionum
1113 2387 1307 2436 peccandi
1359 2386 1583 2424 amocione.

275 2447 654 2494 Quomodocunque
701 2454 835 2482 autem
881 2446 1097 2494 loquamur
1146 2447 1194 2482 de
1234 2445 1374 2483 amicis
1416 2445 1584 2482 ecclesie

274 2513 393 2552 atque
432 2503 632 2550 hereticis,
673 2504 738 2540 ille
778 2512 836 2540 est
875 2503 1074 2540 hereticus
1108 2503 1175 2552 qui
1213 2512 1405 2552 procurat
1444 2512 1584 2540 contra

273 2570 419 2598 statum
485 2570 521 2598 et
586 2561 793 2610 privilegia
857 2574 933 2610 que
998 2561 1179 2598 Christus
1240 2561 1426 2608 instituit,
1491 2561 1585 2610 quia

341 2684 365 2711 3.
388 2684 492 2711 AGH:
511 2687 621 2719 preter
640 2685 707 2712 hoc.
816 2685 843 2712 6.
866 2684 939 2712 DG:
960 2683 1104 2720 affeccio.
1212 2692 1240 2719 9.
1264 2683 1306 2711 G:
1327 2684 1470 2712 subtilior
1489 2684 1585 2712 deest.

274 2727 311 2747 12.
328 2719 368 2746 l):
385 2728 438 2746 nec
453 2720 558 2753 liguum
581 2719 620 2746 ib.
636 2721 679 2746 A:
701 2723 791 2746 selus.
849 2719 886 2747 13.
903 2720 1007 2748 Ano:
1025 2719 1144 2746 Christi
1156 2719 1250 2746 det-st.
1308 2727 1349 2752 14.
1368 2720 1584 2755 H:sc11·emur.

274 2755 308 2782 15.
323 2754 346 2781 D
362 2754 388 2780 in
404 2762 518 2787 marg.:
536 2754 618 2787 Quid
630 2757 673 2780 cxl
687 2754 814 2781 ecclesia
828 2758 947 2782 sancta.
1005 2762 1046 2784 ιη.
1065 2755 1106 2781 H:
1127 2754 1179 2781 ἀπ’
1190 2754 1203 2781 i
1214 2755 1307 2781 deest.
1363 2762 1399 2781 20
1427 2754 1469 2781 (jz
1491 2754 1584 2781 illam.

272 2798 285 2816 2
299 2800 318 2822 ι.
333 2789 583 2824 A1›(,·:j2n·ta.s·,·
603 2789 643 2815 ib.
660 2789 683 2815 H
697 2799 702 2814 τ
718 2790 819 2823 magis
835 2789 929 2816 deest.
985 2787 1031 2822 272
1047 2789 1120 2816 1›(;:
1142 2797 1206 2816 cum
1223 2789 1292 2815 ills.
1350 2788 1393 2816 28.
1411 2789 1454 2816 H:
1476 2789 1584 2824 zelant.

272 2832 286 2851 2
303 2836 319 2851 ι.
343 2824 384 2850 Η;
413 2824 558 2850 laborant
681 2822 726 2850 30.
748 2824 852 2851 ADG:
879 2823 923 2851 ad
940 2827 1060 2851 statum.
1170 2822 1211 2850 33.
1234 2823 1277 2850 H:
1305 2823 1394 2850 istam
1415 2824 1583 2851 ecclesmm.

271 2859 312 2886 35.
336 2859 376 2885 ll:
395 2858 569 2893 paciendr);
590 2857 661 2885 GH:
678 2858 853 2893 paciencia.
926 2857 973 2886 30.
994 2859 1039 2886 A:
1061 2860 1315 2893 preparac1'071e;
1340 2859 1380 2886 ib.
1403 2858 1446 2886 H:
1467 2858 1584 2885 animo-

271 2894 401 2921 nicione.
475 2892 518 2927 37.
541 2892 565 2919 D
586 2892 615 2919 in
638 2901 751 2927 marg:
773 2892 910 2921 Ecclesie
928 2894 1048 2921 sanila>-
1069 2893 1098 2920 in
1119 2901 1177 2929 quo
1199 2895 1270 2920 slat.

1608 1172 1666 1200 We
1688 1178 1769 1200 must
1790 1173 1857 1200 love

1626 1216 1682 1235 our
1703 1208 1842 1243 spiritual

1632 1243 1763 1275 mother,
1785 1243 1835 1270 the

1666 1278 1801 1306 Cliurch.

1622 1579 1698 1607 How
1721 1584 1750 1607 to
1772 1580 1854 1607 sllew

1658 1623 1715 1642 our
1735 1615 1812 1642 love.
