2062 3276
228 899 265 919 10

229 1181 263 1211 15

279 253 414 281 SERMo
435 241 545 299 xcv]
763 254 955 294 QUARTA
982 254 1108 285 PARS.

280 364 371 398 Ideo
396 363 628 398 mandatum
656 360 982 410 concupiscencie
1006 361 1202 396 bonorum
1229 357 1399 406 proximi
1417 357 1594 405 precedit

280 421 514 457 mandatum
554 419 713 456 volendi
754 418 942 456 mechari.
988 420 1165 454 Moveret
1204 425 1337 453 autem
1378 417 1426 452 ad
1473 415 1596 452 aboli-

281 478 437 515 cionem
473 478 589 514 huius
614 477 758 515 radicis
782 476 936 526 peccati
960 488 1038 524 que
1064 484 1120 512 est
1144 475 1372 511 inordinata
1396 473 1595 522 cupiditas

280 549 399 573 omne
439 537 588 573 malum
628 537 850 584 procedens
890 547 933 570 ex
965 533 1112 582 stipite.
1159 532 1290 569 Nichil
1324 532 1429 568 enim
1465 531 1596 567 reddit

281 594 486 631 hominem
522 594 648 642 magis
680 593 870 630 infamem
904 593 1037 641 quoad
1071 592 1249 628 seculum
1284 603 1403 639 quam
1445 589 1594 625 furtum

280 662 318 689 et
350 652 614 697 adulterium3
648 652 738 688 ideo
762 651 872 688 radix
897 663 1035 687 eorum
1062 648 1298 698 diligencius
1323 657 1380 685 est
1405 649 1595 694 cavenda,

280 710 453 747 avaricia
497 719 630 746 autem
676 709 770 746 facit
823 708 1027 745 hominem
1082 707 1190 756 gravi
1235 708 1356 743 corde
1402 706 1597 742 divertere

280 768 492 805 dorsaliter
545 780 723 805 amorem
778 781 799 804 a
853 767 1065 804 celestibus
1119 775 1155 802 et
1203 764 1328 813 gignit
1376 763 1598 800 discordias

281 826 525 863 desiderium
569 825 838 872 adulterandi,
880 825 1057 862 maculat
1091 824 1266 872 primum
1301 831 1597 860 sacramentum

280 885 382 931 loco,
415 894 596 932 tempore
630 894 667 921 et
700 892 805 921 statu
840 884 1059 931 precellens
1092 882 1182 927 alia,
1218 881 1433 929 disrumpit
1468 879 1599 917 multi-

280 942 436 991 pliciter
475 943 601 991 legem
641 951 783 979 nature
822 951 859 978 et
898 941 1050 989 obligat
1088 942 1137 977 ad
1180 952 1304 988 penas
1338 938 1598 987 multiplices:

281 1015 373 1038 nam
427 1000 671 1049 principium
722 999 820 1048 legis
868 1008 1008 1036 nature
1054 1007 1111 1035 est
1155 998 1263 1047 quod
1309 999 1432 1034 horno
1480 996 1600 1033 faciat

281 1059 395 1096 alteri
428 1060 535 1108 quod
574 1058 648 1095 sibi
692 1059 773 1095 vult
819 1057 922 1104 fieri3
974 1066 1114 1094 contra
1158 1065 1343 1093 naturam
1390 1064 1447 1091 est
1491 1055 1600 1103 quod

280 1118 413 1166 proles
454 1117 702 1153 mendaciter
736 1117 963 1162 heredetur‚
1005 1124 1143 1152 contra
1177 1123 1364 1151 naturam
1400 1122 1456 1150 est
1490 1113 1599 1161 quod

281 1177 413 1224 proles
447 1176 668 1212 dehonoret
701 1184 886 1224 parentes
920 1183 956 1210 et
980 1175 1087 1222 quod
1121 1172 1197 1221 ipsi
1231 1180 1474 1221 cognoscant
1498 1171 1599 1208 filias

284 1234 498 1270 commixto
521 1233 715 1282 sanguine
740 1234 915 1278 confuse,
953 1241 990 1268 et
1012 1232 1067 1269 sic
1090 1232 1239 1268 furtum
1275 1244 1320 1268 ac
1345 1229 1598 1266 mendacium

283 1293 573 1329 confunderent
607 1291 808 1340 policiam.
844 1290 992 1327 Omnia
1025 1299 1159 1327 autem
1195 1289 1270 1326 ista
1294 1289 1532 1336 contingunt
1557 1300 1600 1324 ex

282 1351 438 1387 mechia
478 1359 514 1386 et
552 1359 685 1398 preter
725 1351 800 1387 hoc
840 1361 970 1398 pugne
1008 1349 1049 1385 in
1088 1348 1149 1385 via
1190 1357 1227 1384 et
1262 1349 1318 1384 Ve
1358 1356 1596 1395 perpetuum

282 1409 322 1445 in
368 1408 552 1445 iehenna.
607 1410 723 1445 Unde
768 1417 933 1456 propter
976 1406 1288 1444 fornicacionem
1342 1418 1431 1442 cum
1478 1417 1600 1440 uxore

283 1467 376 1504 Urie
417 1467 566 1503 dictum
607 1476 664 1503 est
706 1466 829 1503 David
869 1468 913 1502 II.
949 1468 1041 1514 Reg.
1075 1467 1178 1511 X110‚
1210 1478 1255 1501 10
1295 1465 1403 1512 quod
1441 1463 1602 1514 gladius

283 1526 318 1561 in
351 1533 583 1575 perpetuum
623 1537 695 1561 non
729 1525 926 1561 recederet
960 1525 1006 1560 de
1039 1524 1152 1560 domo
1190 1536 1273 1559 suci.
1318 1524 1421 1558 Vera
1464 1522 1600 1570 itaque

283 1596 357 1632 pax
396 1583 576 1620 consistit
613 1583 653 1619 in
692 1582 907 1620 virtutibus
949 1582 1185 1619 ducentibus
1225 1582 1275 1618 ad
1308 1579 1599 1617 beatitudinem

283 1642 322 1678 in
346 1655 425 1691 qua
448 1642 579 1678 omnis
601 1641 858 1690 perturbacio
882 1650 939 1677 est
955 1642 1104 1677 sedata.
1129 1640 1227 1676 Vide
1250 1639 1352 1675 infra
1376 1651 1600 1675 sermonem

284 1701 509 1748 proximum
545 1709 581 1736 et
615 1709 709 1736 nota
742 1713 814 1747 pro
847 1699 921 1736 ista
955 1698 1157 1735 sentencia
1190 1698 1410 1734 dilatanda.

767 1825 968 1865 SERMO
1004 1824 1133 1864 XLV.

349 1910 529 1946 Christus
556 1921 697 1958 passus
729 1915 784 1945 est
811 1920 888 1958 pro
922 1908 1040 1954 nobis,
1081 1907 1186 1943 vobis
1220 1907 1439 1956 relinquens
1471 1918 1601 1942 exem-

282 1968 411 2017 plum,
445 1975 485 2003 ut
517 1967 731 2015 sequamini
762 1966 925 2017 vestigia
959 1966 1037 2001 eius
1070 1967 1096 2001 I.
1134 1965 1239 2001 Petri
1273 1967 1340 2015 ΠΟ,
1366 1975 1429 2003 21.

345 2028 387 2062 In
422 2025 507 2062 istis
535 2025 664 2062 verbis
700 2033 809 2072 patet
844 2023 975 2072 primo
1012 2023 1120 2060 racio
1156 2022 1414 2071 gratitudinis
1449 2021 1489 2058 in
1519 2024 1603 2058 Deo

286 2093 438 2131 nostro,
472 2097 561 2120 curn
591 2083 770 2120 Christus
786 2095 927 2132 passus
949 2089 1005 2119 est
1022 2094 1098 2131 pro
1132 2082 1250 2125 nobis,
1283 2082 1460 2118 secundo
1493 2088 1602 2128 patet

231 2147 273 2179 30
287 2155 407 2179 causa
441 2142 570 2179 finalis
603 2141 719 2177 huius
753 2150 862 2189 grate
902 2140 1113 2189 passionis,
1153 2153 1243 2176 cum
1278 2139 1418 2176 exhinc
1453 2138 1606 2187 reliquit

287 2201 393 2237 nobis
407 2200 642 2250 exemplum,
665 2208 702 2236 et
717 2199 840 2236 tercio
864 2208 973 2248 patet
989 2198 1173 2235 doctrina
1198 2196 1544 2246 compensacionis
1568 2203 1607 2232 ut

287 2259 501 2308 sequamini
528 2259 690 2309 vestigia
724 2258 813 2293 eius.
850 2259 1017 2294 Constat
1041 2258 1162 2305 quod,
1197 2256 1299 2293 sicut
1323 2255 1526 2305 gratitudo
1550 2263 1607 2291 est

290 2317 459 2353 maxime
492 2316 718 2362 laudabilis,
753 2315 808 2352 sic
841 2315 1087 2364 ingratitudo
1122 2324 1178 2352 est
1202 2327 1357 2351 summe
1382 2313 1606 2362 culpabilis,

290 2388 379 2411 curn
413 2384 602 2424 peccator
634 2375 674 2411 in
708 2383 903 2423 quantum
946 2373 1176 2410 huiusmodi
1216 2373 1265 2409 sit
1298 2371 1606 2421 ingratissimus.

234 2436 273 2470 35
291 2433 504 2470 Gratitudo
527 2446 620 2470 vero
654 2432 816 2481 respicit
838 2432 1074 2481 gravitatem
1099 2444 1268 2480 persone
1291 2440 1415 2479 grate,
1450 2429 1608 2479 quanti-

291 2500 412 2528 tatem
473 2491 527 2528 rei
586 2492 728 2528 collate
787 2500 823 2527 et
875 2491 1123 2527 voluntatem
1183 2488 1439 2536 conferentis,
1501 2488 1607 2537 quod

293 2549 546 2598 cognoscitur
585 2562 628 2586 ex
666 2549 890 2598 quantitate
930 2562 1029 2598 pene
1068 2549 1263 2585 tollerate.
1311 2549 1396 2593 Q‘ue
1437 2559 1608 2595 persona

362 2671 386 2700 3.
414 2673 458 2700 A:
484 2675 620 2708 peccata.
746 2680 775 2706 4.
801 2671 906 2700 ADG:
936 2672 1015 2699 emim
1041 2671 1134 2698 deest.
1282 2691 1287 2696 .
1315 2670 1358 2697 D:
1386 2672 1487 2697 autem
1515 2669 1608 2696 deest.

294 2706 330 2735 13.
359 2707 464 2734 ADG:
493 2707 573 2734 sicut
595 2707 664 2734 sibi.
781 2715 827 2734 20.
856 2707 899 2734 l-l:
926 2706 959 2733 II
982 2707 1075 2734 deest.
1194 2713 1232 2732 ,1.
1260 2678 1305 2732 ἶίε
1336 2705 1473 2740 Utraque
1497 2707 1608 2731 aulem.

293 2750 339 2775 24.
362 2742 435 2769 DG:
457 2742 658 2769 declaranda.
723 2742 769 2769 26.
793 2743 836 2769 l-i:
858 2742 967 2769 Sermo
988 2748 1073 2776 2311-5.
1140 2748 1183 2776 27.
1206 2740 1250 2767 H:
1271 2740 1288 2767 I
1304 2740 1398 2767 deest.
1465 2739 1508 2767 28.
1530 2740 1558 2766 A
1580 2739 1607 2765 in

294 2785 408 2810 marg:
431 2784 463 2807 1,·
483 2777 522 2804 ib.
539 2776 644 2804 ADG:
663 2777 764 2812 primo
785 2777 878 2804 deest.
951 2784 998 2811 29.
1014 2778 1042 2803 A
1057 2775 1087 2802 in
1104 2783 1191 2810 marg
1209 2784 1216 2802 ε
1240 2781 1267 2801 2.
1347 2773 1392 2802 30.
1416 2774 1458 2801 G:
1481 2777 1509 2801 et
1529 2774 1608 2800 ltine.

293 2811 331 2839 31.
353 2812 430 2839 Ain
453 2820 566 2846 marg:
587 2820 620 2847 3.

367 2883 420 2915 25.
447 2883 578 2926 Epistle
605 2883 658 2915 for
686 2883 739 2914 2¹¹⁴]
766 2884 905 2925 Sunday
935 2883 1020 2914 after
1045 2883 1175 2914 Easter.

1806 243 1881 279 365

1614 538 1758 566 Mischief
1773 538 1884 566 caused

1643 573 1681 609 by
1701 573 1777 601 tliest
1797 573 1856 600 and

1674 608 1823 644 adultery.

1630 2027 1726 2057 What
1747 2037 1792 2055 we
1812 2036 1879 2055 owe

1671 2069 1702 2091 to
1723 2063 1840 2091 Christ.
