2062 3276
218 898 255 918 10

218 1178 253 1209 13

272 255 406 283 smnio
425 245 606 301 xxxvia]
752 259 942 297 QUARTA
972 260 1096 290 PAR&

271 363 349 408 bia,
390 363 611 400 diminutus
650 364 823 410 miseria,
870 365 996 400 fetens
1030 364 1198 412 luxuria,
1232 366 1359 402 salsus
1393 367 1582 407 tristicia:

273 421 400 458 maior
445 420 564 469 piscis
604 421 801 458 minorem
849 423 1024 468 devorat,
1071 423 1165 458 dum
1211 423 1422 471 potencior
1467 438 1585 473 super

271 491 488 527 pauperem
543 479 771 525 tirannizat,
824 479 1030 516 eventibus
1080 480 1256 517 fortuitis
1307 491 1438 532 sonat,
1495 482 1584 520 ideo

271 549 432 574 necesse
472 546 529 574 est
569 537 772 574 Christum
819 547 1029 586 sequentes
1076 540 1271 575 mundum
1316 542 1584 588 supponendo

270 594 457 643 navigare
490 604 527 632 et
558 607 631 631 nec
663 595 862 632 substerni
902 605 1084 633 mortuos
1121 609 1194 633 nec
1233 597 1407 634 inclusos
1450 599 1585 635 seculo

270 654 498 690 subnatare.
540 654 656 699 Quod
688 652 799 689 vobis
838 666 920 690 non
953 654 1203 702 contingeret
1241 655 1316 691 nisi
1350 656 1586 704 proporcio-

270 712 401 747 nalem
440 710 640 747 sentiretis
683 710 723 747 in
760 711 872 748 vobis
913 712 1225 760 disposicionem
1273 714 1403 761 qualis
1449 723 1506 751 est
1545 715 1585 751 in

270 768 429 805 Christo
461 771 564 805 Jesu.
599 771 686 817 Ipse
719 769 823 805 enim
859 779 916 806 est
947 782 1039 807 vera
1074 771 1210 819 regula
1233 784 1353 820 quam
1378 774 1585 821 sequendo

270 826 508 863 universitas
552 827 761 863 hominum
807 828 1030 865 salvaretur
1073 831 1122 866 ab
1168 828 1323 866 insidiis
1369 830 1519 867 diaboli
1564 844 1585 868 a

270 884 611 933 temptacionibus
646 885 798 932 mundi,
832 899 854 923 a
886 887 1097 935 naufragio
1131 886 1171 923 in
1205 887 1317 924 mari.
1364 891 1465 925 Nam
1498 890 1584 926 Joh.

270 944 391 989 X1V0‚
433 945 455 979 6
496 943 593 980 dicit
631 943 832 980 Christus:
879 945 970 995 Ego
1003 957 1086 981 sum
1127 945 1201 992 via,
1241 946 1385 982 veritas
1422 955 1456 983 et
1489 948 1587 992 νῆα,-

270 1000 391 1049 igitur
423 1001 639 1038 senciendo
672 1001 711 1038 in
745 1002 861 1038 nobis
894 1002 990 1051 ipsis
1014 1011 1093 1039 tres
1115 1002 1281 1040 virtutes
1305 1004 1453 1041 Christi
1487 1018 1586 1053 quas

271 1068 566 1096 commemorat
597 1061 816 1108 Apostolus
855 1060 896 1097 in
929 1060 1109 1109 predicto
1144 1061 1337 1110 capitulo,
1372 1076 1587 1111 possumus

270 1119 437 1154 evadere
470 1117 577 1154 dicta
600 1117 778 1166 pericula
811 1119 952 1164 securi,
987 1119 1139 1156 scilicet
1163 1119 1446 1167 humilitatem,
1480 1121 1587 1170 paci-

270 1175 425 1212 enciam
451 1185 488 1212 et
503 1175 747 1224 passionem.
772 1179 874 1213 Nam
892 1189 982 1213 cum
1003 1179 1194 1214 debemus
1219 1179 1366 1215 habere
1383 1179 1586 1216 Christum

270 1233 310 1269 in
353 1233 470 1270 nobis
515 1246 586 1282 per
628 1234 806 1282 graciam
861 1244 898 1272 et
942 1235 1087 1272 iterum
1143 1249 1232 1272 cum
1279 1237 1412 1274 omnis
1464 1237 1588 1274 virtus

270 1293 490 1328 secundum
516 1304 600 1329 esse
623 1292 895 1330 intellectuale
918 1293 967 1330 sit
986 1294 1057 1330 Dei
1072 1294 1195 1331 virtus
1219 1303 1256 1331 et
1274 1295 1345 1332 Dei
1369 1295 1586 1344 sapiencia,

271 1359 380 1398 patet
413 1352 521 1399 quod
555 1364 772 1399 possumus
805 1360 843 1388 et
876 1353 1068 1388 debemus
1103 1353 1250 1389 habere
1290 1353 1330 1389 in
1363 1354 1478 1390 nobis
1511 1354 1589 1391 tria

272 1408 466 1456 predicta.
507 1410 576 1445 Est
615 1408 720 1445 enim
762 1409 944 1446 Christus
982 1410 1045 1447 via
1083 1421 1328 1459 supportans
1367 1412 1589 1460 quamlibet

271 1475 510 1511 creaturam,
537 1467 631 1515 quia
650 1468 766 1503 verbo
783 1468 937 1505 virtutis
958 1477 1170 1518 sueportat
1193 1470 1332 1514 omnia,
1358 1471 1457 1507 Heb.
1483 1473 1531 1516 1⁰,
1553 1471 1586 1508 3.

271 1527 319 1560 Et
352 1524 445 1573 quia
476 1538 559 1561 non
592 1525 739 1561 sufficit
773 1526 918 1563 habere
952 1527 1248 1575 quantumlibet
1277 1528 1456 1576 pulcram
1482 1528 1585 1566 viam

271 1582 397 1619 eciam
442 1582 544 1619 sicut
588 1592 645 1620 est
691 1585 842 1620 candor
886 1584 986 1621 lueis
1038 1594 1173 1622 eterne
1220 1586 1409 1623 existente
1454 1600 1588 1624 errore

272 1640 453 1689 possibili
487 1641 563 1678 nisi
596 1641 646 1678 sit
668 1642 814 1679 veritas
848 1642 1022 1691 dirigens
1046 1643 1304 1689 indirectum,
1339 1645 1430 1681 ideo
1455 1645 1588 1682 subdit

272 1700 381 1747 quod
415 1699 498 1747 ipse
533 1708 590 1736 est
625 1700 780 1736 veritas.
826 1702 894 1737 Est
935 1701 1038 1737 enim
1080 1702 1237 1750 signum
1278 1704 1327 1739 ad
1369 1703 1587 1752 quemlibet

272 1770 432 1806 passum
469 1758 546 1794 vite
580 1767 716 1795 nostre
751 1760 899 1795 docens
933 1762 1139 1808 quomodo
1173 1762 1366 1797 debemus
1400 1762 1586 1798 incedere

272 1815 402 1864 ipsum
444 1817 651 1864 sequendo
696 1816 735 1852 in
776 1817 967 1854 moribus.
1014 1820 1090 1854 Sed
1131 1819 1256 1855 tercio
1301 1832 1391 1855 cum
1436 1820 1588 1856 viantes

271 1873 431 1910 fastidio
455 1883 492 1910 et
517 1874 653 1910 labore
677 1875 881 1914 deficiunt.
906 1889 1066 1913 necesse
1091 1878 1269 1925 estquod
1293 1877 1377 1926 ipse
1401 1880 1588 1915 ostendat

271 1945 324 1977 se,
359 1941 401 1967 ut
433 1932 591 1980 signum
627 1932 830 1969 obiectum
865 1935 937 1970 sub
974 1934 1137 1971 racione
1176 1936 1404 1972 delectabili
1439 1936 1478 1972 in
1512 1937 1588 1973 fine

270 1990 432 2032 laboris,
474 2000 516 2026 ut
549 1991 608 2027 vel
649 1990 704 2027 sic
744 1991 894 2028 alliciat
934 1994 983 2028 ad
1025 1994 1264 2039 meandum;
1305 2003 1342 2030 et
1382 1994 1475 2043 quia
1508 1994 1588 2031 vita

215 2051 329 2084 Joest
372 2048 542 2085 maxime
583 2049 831 2086 delectabilis
869 2050 1017 2087 viventi
1058 2051 1233 2097 cuilibet,
1282 2051 1372 2088 ideo
1412 2052 1507 2088 dicit
1547 2065 1586 2089 se

213 2342 229 2373 ,Α

270 2106 396 2143 tercio
429 2119 513 2143 esse
549 2107 677 2143 vitam.
714 2109 789 2144 Iste
823 2121 915 2156 ergo
950 2118 1007 2145 est
1031 2111 1107 2145 dux
1132 2119 1168 2146 et
1192 2110 1428 2158 capitaneus
1451 2120 1587 2148 noster

270 2178 388 2212 quem
423 2167 628 2213 sequendo
653 2178 868 2214 possumus
892 2179 976 2203 esse
1000 2177 1131 2204 mente
1155 2168 1298 2215 securi,
1333 2170 1426 2205 dum
1453 2178 1588 2206 tamen

269 2232 348 2259 tres
382 2222 510 2259 dictas
543 2223 708 2260 virtutes
743 2224 890 2261 Christi
923 2227 1015 2262 Jesu
1046 2227 1280 2263 senserimus
1311 2228 1348 2263 in
1381 2228 1500 2264 nobis.

329 2282 405 2317 Sed
440 2281 533 2330 quia
567 2282 746 2330 proxima
783 2283 987 2320 dominica
1027 2283 1134 2321 dicta
1174 2294 1231 2321 cst
1264 2285 1461 2333 generalis
1501 2299 1586 2322 sen-

237 2339 414 2385 5tencia‚
453 2341 659 2388 quomodo
693 2340 934 2378 christianus
968 2343 1084 2378 debet
1115 2343 1298 2379 confiteri
1339 2353 1518 2391 peccata,
1553 2354 1589 2380 et

269 2398 318 2433 ad
360 2408 619 2445 peccatorum
659 2399 952 2436 confessionem
992 2400 1210 2449 requiritur
1249 2414 1387 2438 eorum
1422 2401 1587 2448 noticia,

271 2455 360 2492 ideo
395 2455 512 2492 hodie
544 2457 787 2494 fraternitati
825 2467 953 2495 vestre
992 2458 1157 2495 dixerim
1198 2461 1244 2495 de
1283 2460 1427 2508 capite,
1467 2460 1588 2496 inicio

271 2522 307 2549 et
341 2513 476 2550 radice
509 2515 663 2562 peccati
698 2515 910 2552 cuiuslibet
945 2518 1052 2565 quod
1087 2526 1145 2553 est
1177 2517 1387 2566 superbia;
1422 2528 1459 2555 et
1493 2518 1587 2567 quia

339 2634 364 2663 3.
387 2636 410 2663 Ι)
429 2636 614 2671 :sot-tuitus.
735 2638 816 2673 6—7.
839 2638 882 2665 H:
910 2639 994 2674 quod
1013 2655 1043 2658 —
1065 2639 1111 2665 dix
1135 2640 1299 2668 osicl'onem
1321 2640 1423 2674 deest;
1451 2641 1490 2668 ib.
1514 2641 1587 2667 im:

270 2671 354 2698 nobis
369 2693 373 2698 .
391 2693 396 2698 .
415 2693 420 2698 .
439 2693 443 2698 .
459 2671 651 2699 sentiremus.
709 2680 750 2706 ιο,
773 2681 807 2700 11.
830 2673 873 2700 H:
894 2673 966 2701 Ideo
979 2673 1046 2701 J0l1.
1064 2673 1106 2700 ,XI
1168 2675 1207 2702 ib.
1226 2675 1249 2701 1)
1266 2675 1294 2702 in
1312 2684 1426 2709 marga
1451 2676 1589 2703 Clu-istm-

268 2709 312 2732 est
334 2706 392 2733 via.
416 2707 529 2733 veritas
549 2710 579 2733 et
596 2707 668 2734 vita.
749 2715 787 2735 12.
809 2708 852 2735 H:
881 2717 978 2745 ergo:
1005 2708 1045 2736 ib.
1069 2711 1112 2736 A:
1141 2717 1224 2744 qnos.
1301 2719 1340 2743 14.
1365 2711 1408 2738 H:
1434 2711 1586 2746 predicta.

271 2748 309 2771 ι,“.
330 2742 514 2773 secundumn
545 2742 589 2768 A:
617 2742 708 2769 servi.
835 2751 874 2770 21.
897 2743 939 2770 D:
969 2744 1142 2779 qumnlibct.
1275 2753 1320 2778 24.
1343 2746 1386 2772 G:
1415 2748 1460 2773 est
1481 2746 1586 2773 eciam.

269 2775 313 2802 25«.
342 2775 385 2802 G:
415 2776 532 2803 scilicet
557 2776 588 2803 in
610 2778 683 2809 fine.
808 2777 847 2805 31.
876 2777 919 2805 H:
949 2784 978 2805 el
1005 2779 1098 2805 deest.
1221 2779 1252 2807 32
1294 2780 1336 2807 H:
1368 2784 1466 2808 monle
1492 2781 1586 2807 deest.

268 2809 311 2837 1³3.
328 2812 372 2838 A:
394 2814 456 2838 tres·
469 2811 548 2838 dicte
556 2821 567 2844 ;
586 2811 626 2838 ib.
642 2811 716 2839 DG:
731 2813 918 2846 sencl‘enzlc8‚·
938 2813 981 2840 H:
998 2813 1209 2841 sauciet-imus.
1266 2814 1311 2849 37.
1328 2814 1369 2842 D:
1387 2816 1476 2843 hodie
1492 2816 1586 2842 deest.

341 2881 394 2916 38.
421 2882 472 2916 Cf.
499 2893 602 2925 supra
628 2884 738 2916 Serm.
762 2885 894 2925 XXXII,
921 2895 999 2927 pag.
1027 2895 1092 2929 279
1119 2893 1151 2917 et
1177 2896 1278 2929 seqq.

1795 253 1870 288 ‘315

1626 883 1728 911 Christ
1751 883 1776 910 is
1796 892 1852 910 our

1626 918 1726 952 guidc,
1749 926 1782 945 as
1803 918 1853 945 the

1697 962 1780 988 way:

1631 996 1688 1015 our
1709 989 1794 1023 light,
1815 996 1848 1014 as

1653 1023 1703 1050 the
1724 1023 1823 1053 truth:

1608 1065 1665 1085 our
1686 1058 1816 1092 reward,
1837 1066 1870 1084 as

1678 1094 1727 1121 tlic
1747 1093 1807 1120 life.

1613 2291 1701 2318 l‘ride
1722 2292 1771 2318 the
1792 2291 1867 2318 head

1620 2326 1679 2353 and
1703 2335 1810 2353 source
1831 2327 1865 2353 ot⁴

1675 2362 1712 2388 all
1735 2362 1792 2388 sin.
