<?xml version="1.0" encoding="UTF-8"?>
<!DOCTYPE html PUBLIC "-//W3C//DTD XHTML 1.0 Transitional//EN"
    "http://www.w3.org/TR/xhtml1/DTD/xhtml1-transitional.dtd">
<html xmlns="http://www.w3.org/1999/xhtml" xml:lang="en" lang="en">
 <head>
  <title>
</title>
<meta http-equiv="Content-Type" content="text/html;charset=utf-8" />
  <meta name='ocr-system' content='tesseract 3.04.00' />
  <meta name='ocr-capabilities' content='ocr_page ocr_carea ocr_par ocr_line ocrx_word'/>
</head>
<body>
  <div class='ocr_page' id='page_1' title='image "./iohanniswyclifse0704wycl_0533.png"; bbox 0 0 2062 3276; ppageno 0'>
   <div class='ocr_carea' id='block_1_1' title="bbox 225 271 1826 318">
    <p class='ocr_par' dir='ltr' id='par_1_1' title="bbox 225 271 1826 318">
     <span class='ocr_line' id='line_1_1' title="bbox 225 271 1826 318; baseline 0.01 -7"><span class='ocrx_word' id='word_1_1' title='bbox 225 280 361 309; x_wconf 64' lang='lat' dir='ltr'>samio</span> <span class='ocrx_word' id='word_1_2' title='bbox 382 271 509 310; x_wconf 67' lang='lat' dir='ltr'>xxm]</span> <span class='ocrx_word' id='word_1_3' title='bbox 682 285 928 318; x_wconf 70' lang='lat' dir='ltr'>sERMONEs</span> <span class='ocrx_word' id='word_1_4' title='bbox 954 286 1097 318; x_wconf 79' lang='lat' dir='ltr'>MIXTI.</span> <span class='ocrx_word' id='word_1_5' title='bbox 1752 281 1826 317; x_wconf 84' lang='lat'>513</span> 
     </span>
    </p>
   </div>
   <div class='ocr_carea' id='block_1_2' title="bbox 497 314 510 329">
    <p class='ocr_par' dir='ltr' id='par_1_2' title="bbox 497 314 510 329">
     <span class='ocr_line' id='line_1_2' title="bbox 497 314 510 329; baseline 0 0"><span class='ocrx_word' id='word_1_6' title='bbox 497 314 510 329; x_wconf 73' lang='lat' dir='ltr'>J</span> 
     </span>
    </p>
   </div>
   <div class='ocr_carea' id='block_1_3' title="bbox 165 390 1826 2361">
    <p class='ocr_par' dir='ltr' id='par_1_3' title="bbox 165 390 1826 1836">
     <span class='ocr_line' id='line_1_3' title="bbox 225 390 1542 442; baseline 0.004 -16"><span class='ocrx_word' id='word_1_7' title='bbox 225 390 420 438; x_wconf 83' lang='lat' dir='ltr'>prietatis,</span> <span class='ocrx_word' id='word_1_8' title='bbox 439 403 660 440; x_wconf 82' lang='lat' dir='ltr'><strong>numquam</strong></span> <span class='ocrx_word' id='word_1_9' title='bbox 682 391 721 427; x_wconf 86' lang='lat' dir='ltr'>in</span> <span class='ocrx_word' id='word_1_10' title='bbox 740 391 806 428; x_wconf 89' lang='lat' dir='ltr'>illo</span> <span class='ocrx_word' id='word_1_11' title='bbox 832 393 1017 428; x_wconf 88' lang='lat' dir='ltr'>credatur</span> <span class='ocrx_word' id='word_1_12' title='bbox 1036 392 1110 429; x_wconf 90' lang='lat' dir='ltr'>sibi</span> <span class='ocrx_word' id='word_1_13' title='bbox 1134 394 1181 430; x_wconf 91' lang='lat' dir='ltr'>de</span> <span class='ocrx_word' id='word_1_14' title='bbox 1205 402 1358 439; x_wconf 83' lang='lat' dir='ltr'>cetero;</span> <span class='ocrx_word' id='word_1_15' title='bbox 1382 403 1542 442; x_wconf 83' lang='lat' dir='ltr'>oportet</span> 
     </span>
     <span class='ocr_line' id='line_1_4' title="bbox 225 448 1540 498; baseline 0.004 -14"><span class='ocrx_word' id='word_1_16' title='bbox 225 448 329 484; x_wconf 89' lang='lat' dir='ltr'>enim</span> <span class='ocrx_word' id='word_1_17' title='bbox 354 449 462 497; x_wconf 86' lang='lat' dir='ltr'>quod</span> <span class='ocrx_word' id='word_1_18' title='bbox 495 448 568 485; x_wconf 89' lang='lat' dir='ltr'>ista</span> <span class='ocrx_word' id='word_1_19' title='bbox 601 449 835 498; x_wconf 85' lang='lat' dir='ltr'>quintuplex</span> <span class='ocrx_word' id='word_1_20' title='bbox 868 448 1073 487; x_wconf 83' lang='lat' dir='ltr'>circularis</span> <span class='ocrx_word' id='word_1_21' title='bbox 1108 451 1289 488; x_wconf 80' lang='lat' dir='ltr'>clausula</span> <span class='ocrx_word' id='word_1_22' title='bbox 1321 454 1540 488; x_wconf 85' lang='lat' dir='ltr'>secundum</span> 
     </span>
     <span class='ocr_line' id='line_1_5' title="bbox 224 505 1539 555; baseline 0.003 -13"><span class='ocrx_word' id='word_1_23' title='bbox 224 505 496 554; x_wconf 79' lang='lat' dir='ltr'>aposiopesim</span> <span class='ocrx_word' id='word_1_24' title='bbox 549 506 682 544; x_wconf 91' lang='lat' dir='ltr'>taliter</span> <span class='ocrx_word' id='word_1_25' title='bbox 733 518 966 555; x_wconf 82' lang='lat' dir='ltr'>exponatur.</span> <span class='ocrx_word' id='word_1_26' title='bbox 1021 511 1069 545; x_wconf 89' lang='lat' dir='ltr'>Et</span> <span class='ocrx_word' id='word_1_27' title='bbox 1125 511 1172 545; x_wconf 91' lang='lat' dir='ltr'>ad</span> <span class='ocrx_word' id='word_1_28' title='bbox 1227 510 1539 547; x_wconf 84' lang='lat' dir='ltr'>detestacionem</span> 
     </span>
     <span class='ocr_line' id='line_1_6' title="bbox 224 563 1541 613; baseline 0.003 -13"><span class='ocrx_word' id='word_1_29' title='bbox 224 563 483 612; x_wconf 85' lang='lat' dir='ltr'>proprietatis</span> <span class='ocrx_word' id='word_1_30' title='bbox 528 564 757 601; x_wconf 87' lang='lat' dir='ltr'>huiusmodi</span> <span class='ocrx_word' id='word_1_31' title='bbox 809 565 962 601; x_wconf 83' lang='lat' dir='ltr'>confert</span> <span class='ocrx_word' id='word_1_32' title='bbox 1014 565 1110 602; x_wconf 90' lang='lat' dir='ltr'>illud</span> <span class='ocrx_word' id='word_1_33' title='bbox 1156 569 1200 603; x_wconf 89' lang='grc' dir='ltr'>ΙΙ.</span> <span class='ocrx_word' id='word_1_34' title='bbox 1243 567 1348 603; x_wconf 85' lang='lat' dir='ltr'>Petri</span> <span class='ocrx_word' id='word_1_35' title='bbox 1388 570 1437 613; x_wconf 84' lang='lat'>10,</span> <span class='ocrx_word' id='word_1_36' title='bbox 1475 581 1541 613; x_wconf 85' lang='lat'>14:</span> 
     </span>
     <span class='ocr_line' id='line_1_7' title="bbox 192 622 1541 672; baseline 0.003 -15"><span class='ocrx_word' id='word_1_37' title='bbox 192 622 367 658; x_wconf 76' lang='lat' dir='ltr'>5Ccrtus</span> <span class='ocrx_word' id='word_1_38' title='bbox 409 634 492 658; x_wconf 84' lang='lat' dir='ltr'>sum</span> <span class='ocrx_word' id='word_1_39' title='bbox 536 624 638 671; x_wconf 82' lang='lat' dir='ltr'>quod</span> <span class='ocrx_word' id='word_1_40' title='bbox 682 623 798 658; x_wconf 69' lang='lat' dir='ltr'>velox</span> <span class='ocrx_word' id='word_1_41' title='bbox 842 630 898 659; x_wconf 82' lang='lat' dir='ltr'>est</span> <span class='ocrx_word' id='word_1_42' title='bbox 938 623 1129 672; x_wconf 81' lang='lat' dir='ltr'>deposicio</span> <span class='ocrx_word' id='word_1_43' title='bbox 1174 624 1415 661; x_wconf 81' lang='lat' dir='ltr'>tabernaculi</span> <span class='ocrx_word' id='word_1_44' title='bbox 1455 626 1541 663; x_wconf 85' lang='lat' dir='ltr'>mei.</span> 
     </span>
     <span class='ocr_line' id='line_1_8' title="bbox 225 680 1819 725; baseline 0.002 -10"><span class='ocrx_word' id='word_1_45' title='bbox 225 680 410 716; x_wconf 85' lang='lat' dir='ltr'>Secundo</span> <span class='ocrx_word' id='word_1_46' title='bbox 443 681 559 716; x_wconf 91' lang='lat' dir='ltr'>debet</span> <span class='ocrx_word' id='word_1_47' title='bbox 599 680 822 718; x_wconf 88' lang='lat' dir='ltr'>catholicus</span> <span class='ocrx_word' id='word_1_48' title='bbox 855 680 1040 718; x_wconf 88' lang='lat' dir='ltr'>abiurare</span> <span class='ocrx_word' id='word_1_49' title='bbox 1074 695 1286 719; x_wconf 88' lang='lat' dir='ltr'>ascensum</span> <span class='ocrx_word' id='word_1_50' title='bbox 1320 682 1359 718; x_wconf 91' lang='lat' dir='ltr'>in</span> <span class='ocrx_word' id='word_1_51' title='bbox 1393 683 1541 719; x_wconf 90' lang='lat' dir='ltr'>lectum</span> <span class='ocrx_word' id='word_1_52' title='bbox 1569 697 1595 717; x_wconf 84' lang='lat'>2.</span> <span class='ocrx_word' id='word_1_53' title='bbox 1617 690 1697 718; x_wconf 77' lang='lat' dir='ltr'>from</span> <span class='ocrx_word' id='word_1_54' title='bbox 1720 691 1819 725; x_wconf 79' lang='lat' dir='ltr'>pride,</span> 
     </span>
     <span class='ocr_line' id='line_1_9' title="bbox 224 737 1542 789; baseline 0.003 -17"><span class='ocrx_word' id='word_1_55' title='bbox 224 737 337 773; x_wconf 83' lang='lat' dir='ltr'>strati</span> <span class='ocrx_word' id='word_1_56' title='bbox 371 737 445 783; x_wconf 79' lang='lat' dir='ltr'>sui,</span> <span class='ocrx_word' id='word_1_57' title='bbox 480 738 555 774; x_wconf 91' lang='lat' dir='ltr'>hoc</span> <span class='ocrx_word' id='word_1_58' title='bbox 589 747 659 784; x_wconf 90' lang='lat' dir='ltr'>est,</span> <span class='ocrx_word' id='word_1_59' title='bbox 693 739 912 775; x_wconf 87' lang='lat' dir='ltr'>secundum</span> <span class='ocrx_word' id='word_1_60' title='bbox 947 740 1115 787; x_wconf 74' lang='lat' dir='ltr'>gloriam</span> <span class='ocrx_word' id='word_1_61' title='bbox 1157 741 1328 788; x_wconf 82' lang='lat' dir='ltr'>superbe</span> <span class='ocrx_word' id='word_1_62' title='bbox 1361 740 1542 789; x_wconf 85' lang='lat' dir='ltr'>acquies-</span> 
     </span>
     <span class='ocr_line' id='line_1_10' title="bbox 225 795 1759 846; baseline 0.002 -15"><span class='ocrx_word' id='word_1_63' title='bbox 225 807 314 831; x_wconf 85' lang='lat' dir='ltr'>cere</span> <span class='ocrx_word' id='word_1_64' title='bbox 337 795 446 832; x_wconf 85' lang='lat' dir='ltr'>carni</span> <span class='ocrx_word' id='word_1_65' title='bbox 476 808 557 834; x_wconf 90' lang='lat' dir='ltr'>sue.</span> <span class='ocrx_word' id='word_1_66' title='bbox 591 796 735 834; x_wconf 88' lang='lat' dir='ltr'>Tercio</span> <span class='ocrx_word' id='word_1_67' title='bbox 768 806 886 845; x_wconf 82' lang='lat' dir='ltr'>negat</span> <span class='ocrx_word' id='word_1_68' title='bbox 920 798 1149 846; x_wconf 83' lang='lat' dir='ltr'>sompnium</span> <span class='ocrx_word' id='word_1_69' title='bbox 1183 798 1324 845; x_wconf 78' lang='lat' dir='ltr'>oculis,</span> <span class='ocrx_word' id='word_1_70' title='bbox 1359 799 1434 836; x_wconf 90' lang='lat' dir='ltr'>hoc</span> <span class='ocrx_word' id='word_1_71' title='bbox 1470 807 1540 845; x_wconf 80' lang='lat' dir='ltr'>est,</span> <span class='ocrx_word' id='word_1_72' title='bbox 1623 804 1656 844; x_wconf 85' lang='lat'>..3·</span> <span class='ocrx_word' id='word_1_73' title='bbox 1679 806 1759 834; x_wconf 72' lang='lat' dir='ltr'>from</span> 
     </span>
     <span class='ocr_line' id='line_1_11' title="bbox 225 841 1818 905; baseline 0.003 -17"><span class='ocrx_word' id='word_1_74' title='bbox 225 854 491 901; x_wconf 81' lang='lat' dir='ltr'>temporalem</span> <span class='ocrx_word' id='word_1_75' title='bbox 538 855 856 892; x_wconf 80' lang='lat' dir='ltr'>delectacionem</span> <span class='ocrx_word' id='word_1_76' title='bbox 897 854 936 891; x_wconf 93' lang='lat' dir='ltr'>in</span> <span class='ocrx_word' id='word_1_77' title='bbox 974 856 1267 905; x_wconf 82' lang='lat' dir='ltr'>temporalibus</span> <span class='ocrx_word' id='word_1_78' title='bbox 1313 870 1392 905; x_wconf 87' lang='lat' dir='ltr'>qua</span> <span class='ocrx_word' id='word_1_79' title='bbox 1431 856 1540 894; x_wconf 87' lang='lat' dir='ltr'>racio</span> <span class='ocrx_word' id='word_1_80' title='bbox 1568 841 1818 876; x_wconf 58' lang='lat' dir='ltr'>⁵⁰¹¹¹¹¹d¹¹¹ge¹¹⁰e&#39;</span> 
     </span>
     <span class='ocr_line' id='line_1_12' title="bbox 171 910 1541 963; baseline 0.005 -18"><span class='ocrx_word' id='word_1_81' title='bbox 171 910 274 947; x_wconf 91' lang='lat' dir='ltr'>1osit</span> <span class='ocrx_word' id='word_1_82' title='bbox 317 911 469 959; x_wconf 91' lang='lat' dir='ltr'>sopita;</span> <span class='ocrx_word' id='word_1_83' title='bbox 518 921 676 950; x_wconf 86' lang='lat' dir='ltr'>terrene</span> <span class='ocrx_word' id='word_1_84' title='bbox 716 913 912 963; x_wconf 87' lang='lat' dir='ltr'>(inquam)</span> <span class='ocrx_word' id='word_1_85' title='bbox 956 914 1169 952; x_wconf 82' lang='lat' dir='ltr'>felicitates</span> <span class='ocrx_word' id='word_1_86' title='bbox 1214 923 1304 951; x_wconf 90' lang='lat' dir='ltr'>sunt</span> <span class='ocrx_word' id='word_1_87' title='bbox 1355 915 1541 963; x_wconf 85' lang='lat' dir='ltr'>sompnia</span> 
     </span>
     <span class='ocr_line' id='line_1_13' title="bbox 225 969 1542 1020; baseline 0.004 -16"><span class='ocrx_word' id='word_1_88' title='bbox 225 969 519 1007; x_wconf 86' lang='lat' dir='ltr'>dormiencium</span> <span class='ocrx_word' id='word_1_89' title='bbox 553 970 660 1008; x_wconf 88' lang='lat' dir='ltr'>iuxta</span> <span class='ocrx_word' id='word_1_90' title='bbox 693 971 791 1008; x_wconf 90' lang='lat' dir='ltr'>illud</span> <span class='ocrx_word' id='word_1_91' title='bbox 826 972 971 1008; x_wconf 84' lang='lat' dir='ltr'>Psalm.</span> <span class='ocrx_word' id='word_1_92' title='bbox 998 973 1171 1020; x_wconf 81' lang='lat' dir='ltr'>LXXVO,</span> <span class='ocrx_word' id='word_1_93' title='bbox 1204 975 1248 1010; x_wconf 77' lang='lat'>6:</span> <span class='ocrx_word' id='word_1_94' title='bbox 1282 974 1542 1010; x_wconf 66' lang='lat' dir='ltr'>Dor-inierunt</span> 
     </span>
     <span class='ocr_line' id='line_1_14' title="bbox 223 1028 1540 1076; baseline 0.004 -14"><span class='ocrx_word' id='word_1_95' title='bbox 223 1028 439 1076; x_wconf 82' lang='lat' dir='ltr'>sompnium</span> <span class='ocrx_word' id='word_1_96' title='bbox 468 1041 579 1066; x_wconf 86' lang='lat' dir='ltr'>suum</span> <span class='ocrx_word' id='word_1_97' title='bbox 610 1037 645 1065; x_wconf 83' lang='lat' dir='ltr'>et</span> <span class='ocrx_word' id='word_1_98' title='bbox 668 1030 786 1066; x_wconf 82' lang='lat' dir='ltr'>nichil</span> <span class='ocrx_word' id='word_1_99' title='bbox 808 1030 1034 1067; x_wconf 78' lang='lat' dir='ltr'>invenerunt</span> <span class='ocrx_word' id='word_1_100' title='bbox 1056 1044 1187 1067; x_wconf 85' lang='lat' dir='ltr'>omnes</span> <span class='ocrx_word' id='word_1_101' title='bbox 1210 1032 1287 1067; x_wconf 70' lang='lat' dir='ltr'>viri</span> <span class='ocrx_word' id='word_1_102' title='bbox 1308 1031 1540 1068; x_wconf 79' lang='lat' dir='ltr'>diviciarum</span> 
     </span>
     <span class='ocr_line' id='line_1_15' title="bbox 223 1085 1751 1138; baseline 0.003 -18"><span class='ocrx_word' id='word_1_103' title='bbox 223 1085 259 1120; x_wconf 86' lang='lat' dir='ltr'>in</span> <span class='ocrx_word' id='word_1_104' title='bbox 292 1086 466 1123; x_wconf 83' lang='lat' dir='ltr'>manibus</span> <span class='ocrx_word' id='word_1_105' title='bbox 496 1088 587 1124; x_wconf 86' lang='lat' dir='ltr'>suis.</span> <span class='ocrx_word' id='word_1_106' title='bbox 634 1090 788 1134; x_wconf 86' lang='lat' dir='ltr'>Quarto</span> <span class='ocrx_word' id='word_1_107' title='bbox 826 1088 1007 1125; x_wconf 90' lang='lat' dir='ltr'>ascendit</span> <span class='ocrx_word' id='word_1_108' title='bbox 1046 1089 1171 1126; x_wconf 90' lang='lat' dir='ltr'>alcius</span> <span class='ocrx_word' id='word_1_109' title='bbox 1204 1089 1272 1138; x_wconf 87' lang='lat' dir='ltr'>qui</span> <span class='ocrx_word' id='word_1_110' title='bbox 1305 1098 1425 1138; x_wconf 85' lang='lat' dir='ltr'>negat</span> <span class='ocrx_word' id='word_1_111' title='bbox 1458 1089 1568 1138; x_wconf 64' lang='lat' dir='ltr'>pal·⁴</span> <span class='ocrx_word' id='word_1_112' title='bbox 1620 1096 1751 1136; x_wconf 21' lang='grc' dir='ltr'>φηςι-οη]</span> 
     </span>
     <span class='ocr_line' id='line_1_16' title="bbox 223 1132 1826 1199; baseline 0.003 -20"><span class='ocrx_word' id='word_1_113' title='bbox 223 1143 356 1191; x_wconf 90' lang='lat' dir='ltr'>pebris</span> <span class='ocrx_word' id='word_1_114' title='bbox 389 1145 469 1182; x_wconf 90' lang='lat' dir='ltr'>suis</span> <span class='ocrx_word' id='word_1_115' title='bbox 503 1146 853 1193; x_wconf 87' lang='lat' dir='ltr'>dormitacionem,</span> <span class='ocrx_word' id='word_1_116' title='bbox 891 1148 966 1183; x_wconf 90' lang='lat' dir='ltr'>hoc</span> <span class='ocrx_word' id='word_1_117' title='bbox 1000 1155 1070 1193; x_wconf 86' lang='lat' dir='ltr'>est,</span> <span class='ocrx_word' id='word_1_118' title='bbox 1110 1160 1159 1184; x_wconf 90' lang='lat' dir='ltr'>ne</span> <span class='ocrx_word' id='word_1_119' title='bbox 1191 1148 1250 1185; x_wconf 81' lang='lat' dir='ltr'>vel</span> <span class='ocrx_word' id='word_1_120' title='bbox 1285 1147 1360 1185; x_wconf 87' lang='lat' dir='ltr'>levi</span> <span class='ocrx_word' id='word_1_121' title='bbox 1394 1147 1541 1184; x_wconf 87' lang='lat' dir='ltr'>affectu</span> <span class='ocrx_word' id='word_1_122' title='bbox 1562 1132 1826 1199; x_wconf 45' lang='grc' dir='ltr'>Ῑῃοζέᾟέἑῗῃζῗη</span> 
     </span>
     <span class='ocr_line' id='line_1_17' title="bbox 170 1200 1541 1254; baseline 0.003 -17"><span class='ocrx_word' id='word_1_123' title='bbox 170 1200 263 1238; x_wconf 78' lang='lat' dir='ltr'>15in</span> <span class='ocrx_word' id='word_1_124' title='bbox 307 1203 557 1251; x_wconf 84' lang='lat' dir='ltr'>proprietate</span> <span class='ocrx_word' id='word_1_125' title='bbox 601 1204 832 1242; x_wconf 86' lang='lat' dir='ltr'>inordinata</span> <span class='ocrx_word' id='word_1_126' title='bbox 876 1205 1163 1253; x_wconf 78' lang='lat' dir='ltr'>temporalium</span> <span class='ocrx_word' id='word_1_127' title='bbox 1210 1205 1447 1254; x_wconf 86' lang='lat' dir='ltr'>requiescat.</span> <span class='ocrx_word' id='word_1_128' title='bbox 1493 1207 1541 1241; x_wconf 87' lang='lat' dir='ltr'>Et</span> 
     </span>
     <span class='ocr_line' id='line_1_18' title="bbox 223 1259 1540 1312; baseline 0.005 -18"><span class='ocrx_word' id='word_1_129' title='bbox 223 1259 298 1296; x_wconf 88' lang='lat' dir='ltr'>ista</span> <span class='ocrx_word' id='word_1_130' title='bbox 333 1269 390 1297; x_wconf 90' lang='lat' dir='ltr'>est</span> <span class='ocrx_word' id='word_1_131' title='bbox 413 1264 591 1300; x_wconf 86' lang='lat' dir='ltr'>notanda</span> <span class='ocrx_word' id='word_1_132' title='bbox 623 1263 856 1312; x_wconf 84' lang='lat' dir='ltr'>prudencia,</span> <span class='ocrx_word' id='word_1_133' title='bbox 892 1276 982 1300; x_wconf 89' lang='lat' dir='ltr'>cum</span> <span class='ocrx_word' id='word_1_134' title='bbox 1007 1265 1121 1302; x_wconf 71' lang='lat' dir='ltr'>Prov.</span> <span class='ocrx_word' id='word_1_135' title='bbox 1146 1266 1231 1311; x_wconf 84' lang='lat' dir='ltr'><strong>IV0,</strong></span> <span class='ocrx_word' id='word_1_136' title='bbox 1258 1265 1305 1301; x_wconf 82' lang='lat'>25</span> <span class='ocrx_word' id='word_1_137' title='bbox 1334 1263 1540 1300; x_wconf 86' lang='lat' dir='ltr'>scribitur:</span> 
     </span>
     <span class='ocr_line' id='line_1_19' title="bbox 224 1317 1812 1371; baseline 0.003 -19"><span class='ocrx_word' id='word_1_138' title='bbox 224 1317 416 1367; x_wconf 81' lang='lat' dir='ltr'>Palpebre</span> <span class='ocrx_word' id='word_1_139' title='bbox 459 1328 522 1356; x_wconf 85' lang='lat' dir='ltr'>tue</span> <span class='ocrx_word' id='word_1_140' title='bbox 560 1322 776 1371; x_wconf 80' lang='lat' dir='ltr'>precedant</span> <span class='ocrx_word' id='word_1_141' title='bbox 819 1333 937 1371; x_wconf 73' lang='lat' dir='ltr'>opera</span> <span class='ocrx_word' id='word_1_142' title='bbox 982 1329 1058 1358; x_wconf 79' lang='lat' dir='ltr'>tua.</span> <span class='ocrx_word' id='word_1_143' title='bbox 1114 1323 1191 1359; x_wconf 88' lang='lat' dir='ltr'>Sed</span> <span class='ocrx_word' id='word_1_144' title='bbox 1236 1322 1378 1371; x_wconf 88' lang='lat' dir='ltr'>quinto</span> <span class='ocrx_word' id='word_1_145' title='bbox 1425 1330 1541 1370; x_wconf 88' lang='lat' dir='ltr'>parat</span> <span class='ocrx_word' id='word_1_146' title='bbox 1572 1328 1596 1356; x_wconf 78' lang='lat'>5.</span> <span class='ocrx_word' id='word_1_147' title='bbox 1618 1330 1699 1357; x_wconf 83' lang='lat' dir='ltr'>from</span> <span class='ocrx_word' id='word_1_148' title='bbox 1722 1330 1812 1357; x_wconf 73' lang='lat' dir='ltr'>sloth.</span> 
     </span>
     <span class='ocr_line' id='line_1_20' title="bbox 224 1375 1539 1428; baseline 0.002 -16"><span class='ocrx_word' id='word_1_149' title='bbox 224 1375 527 1423; x_wconf 80' lang='lat' dir='ltr'>vigilantissime</span> <span class='ocrx_word' id='word_1_150' title='bbox 577 1380 711 1416; x_wconf 90' lang='lat' dir='ltr'>locum</span> <span class='ocrx_word' id='word_1_151' title='bbox 758 1381 842 1416; x_wconf 92' lang='lat' dir='ltr'>Deo</span> <span class='ocrx_word' id='word_1_152' title='bbox 895 1379 961 1428; x_wconf 90' lang='lat' dir='ltr'>qui</span> <span class='ocrx_word' id='word_1_153' title='bbox 1013 1379 1193 1417; x_wconf 88' lang='lat' dir='ltr'>senciens</span> <span class='ocrx_word' id='word_1_154' title='bbox 1244 1379 1539 1428; x_wconf 90' lang='lat' dir='ltr'>reposicionem</span> 
     </span>
     <span class='ocr_line' id='line_1_21' title="bbox 223 1434 1537 1486; baseline 0.005 -17"><span class='ocrx_word' id='word_1_155' title='bbox 223 1434 382 1482; x_wconf 86' lang='lat' dir='ltr'>sompni</span> <span class='ocrx_word' id='word_1_156' title='bbox 420 1436 638 1484; x_wconf 88' lang='lat' dir='ltr'>spiritualis</span> <span class='ocrx_word' id='word_1_157' title='bbox 677 1450 748 1486; x_wconf 89' lang='lat' dir='ltr'>per</span> <span class='ocrx_word' id='word_1_158' title='bbox 780 1447 966 1486; x_wconf 89' lang='lat' dir='ltr'>tempora</span> <span class='ocrx_word' id='word_1_159' title='bbox 999 1438 1244 1475; x_wconf 83' lang='lat' dir='ltr'>excuciendo</span> <span class='ocrx_word' id='word_1_160' title='bbox 1278 1438 1537 1486; x_wconf 81' lang='lat' dir='ltr'>gravedinem</span> 
     </span>
     <span class='ocr_line' id='line_1_22' title="bbox 167 1493 1541 1544; baseline 0.003 -16"><span class='ocrx_word' id='word_1_161' title='bbox 167 1511 209 1532; x_wconf 86' lang='lat'>20</span> <span class='ocrx_word' id='word_1_162' title='bbox 224 1493 498 1541; x_wconf 88' lang='lat' dir='ltr'>occupacione</span> <span class='ocrx_word' id='word_1_163' title='bbox 538 1496 732 1532; x_wconf 86' lang='lat' dir='ltr'>laudabili</span> <span class='ocrx_word' id='word_1_164' title='bbox 773 1497 840 1533; x_wconf 92' lang='lat' dir='ltr'>sed</span> <span class='ocrx_word' id='word_1_165' title='bbox 875 1508 1018 1544; x_wconf 88' lang='lat' dir='ltr'>aspera</span> <span class='ocrx_word' id='word_1_166' title='bbox 1051 1496 1168 1533; x_wconf 82' lang='lat' dir='ltr'>fricat</span> <span class='ocrx_word' id='word_1_167' title='bbox 1200 1497 1395 1543; x_wconf 79' lang='lat' dir='ltr'>frontem3</span> <span class='ocrx_word' id='word_1_168' title='bbox 1428 1497 1541 1542; x_wconf 85' lang='lat' dir='ltr'>tales,</span> 
     </span>
     <span class='ocr_line' id='line_1_23' title="bbox 224 1549 1540 1603; baseline 0.005 -18"><span class='ocrx_word' id='word_1_169' title='bbox 224 1549 406 1599; x_wconf 84' lang='lat' dir='ltr'>inquam,</span> <span class='ocrx_word' id='word_1_170' title='bbox 440 1562 608 1601; x_wconf 89' lang='lat' dir='ltr'>possunt</span> <span class='ocrx_word' id='word_1_171' title='bbox 641 1554 843 1591; x_wconf 89' lang='lat' dir='ltr'>confidere</span> <span class='ocrx_word' id='word_1_172' title='bbox 876 1555 985 1603; x_wconf 91' lang='lat' dir='ltr'>quod</span> <span class='ocrx_word' id='word_1_173' title='bbox 1009 1554 1208 1592; x_wconf 85' lang='lat' dir='ltr'>Dominus</span> <span class='ocrx_word' id='word_1_174' title='bbox 1241 1555 1291 1592; x_wconf 90' lang='lat' dir='ltr'>sit</span> <span class='ocrx_word' id='word_1_175' title='bbox 1325 1568 1415 1592; x_wconf 91' lang='lat' dir='ltr'>cum</span> <span class='ocrx_word' id='word_1_176' title='bbox 1450 1554 1540 1591; x_wconf 79' lang='lat' dir='ltr'>illis.</span> 
     </span>
     <span class='ocr_line' id='line_1_24' title="bbox 222 1609 1539 1661; baseline 0.003 -16"><span class='ocrx_word' id='word_1_177' title='bbox 222 1610 277 1644; x_wconf 86' lang='lat' dir='ltr'>Ex</span> <span class='ocrx_word' id='word_1_178' title='bbox 335 1609 420 1647; x_wconf 89' lang='lat' dir='ltr'>istis</span> <span class='ocrx_word' id='word_1_179' title='bbox 481 1612 682 1660; x_wconf 80' lang='lat' dir='ltr'>colligitur</span> <span class='ocrx_word' id='word_1_180' title='bbox 735 1614 843 1661; x_wconf 91' lang='lat' dir='ltr'>quod</span> <span class='ocrx_word' id='word_1_181' title='bbox 897 1614 1118 1649; x_wconf 88' lang='lat' dir='ltr'>secundum</span> <span class='ocrx_word' id='word_1_182' title='bbox 1181 1613 1385 1651; x_wconf 84' lang='lat' dir='ltr'>racionem</span> <span class='ocrx_word' id='word_1_183' title='bbox 1450 1625 1539 1649; x_wconf 86' lang='lat' dir='ltr'>ora-</span> 
     </span>
     <span class='ocr_line' id='line_1_25' title="bbox 222 1666 1539 1719; baseline 0.005 -17"><span class='ocrx_word' id='word_1_184' title='bbox 222 1666 361 1714; x_wconf 85' lang='lat' dir='ltr'>cionis,</span> <span class='ocrx_word' id='word_1_185' title='bbox 394 1671 614 1706; x_wconf 87' lang='lat' dir='ltr'>secundum</span> <span class='ocrx_word' id='word_1_186' title='bbox 648 1670 854 1708; x_wconf 88' lang='lat' dir='ltr'>racionem</span> <span class='ocrx_word' id='word_1_187' title='bbox 887 1670 1196 1719; x_wconf 88' lang='lat' dir='ltr'>imprecacionis</span> <span class='ocrx_word' id='word_1_188' title='bbox 1230 1681 1267 1708; x_wconf 92' lang='lat' dir='ltr'>et</span> <span class='ocrx_word' id='word_1_189' title='bbox 1294 1671 1340 1717; x_wconf 90' lang='lat' dir='ltr'>(si</span> <span class='ocrx_word' id='word_1_190' title='bbox 1365 1671 1539 1708; x_wconf 90' lang='lat' dir='ltr'>Domino</span> 
     </span>
     <span class='ocr_line' id='line_1_26' title="bbox 220 1723 1540 1779; baseline 0.005 -19"><span class='ocrx_word' id='word_1_191' title='bbox 220 1723 270 1760; x_wconf 91' lang='lat' dir='ltr'>sit</span> <span class='ocrx_word' id='word_1_192' title='bbox 293 1726 503 1773; x_wconf 89' lang='lat' dir='ltr'>placitum)</span> <span class='ocrx_word' id='word_1_193' title='bbox 534 1730 755 1765; x_wconf 88' lang='lat' dir='ltr'>seeundum</span> <span class='ocrx_word' id='word_1_194' title='bbox 789 1729 993 1767; x_wconf 86' lang='lat' dir='ltr'>racionem</span> <span class='ocrx_word' id='word_1_195' title='bbox 1028 1729 1387 1778; x_wconf 87' lang='lat' dir='ltr'>prenosticacionis</span> <span class='ocrx_word' id='word_1_196' title='bbox 1420 1729 1540 1779; x_wconf 88' lang='lat' dir='ltr'>perti-</span> 
     </span>
     <span class='ocr_line' id='line_1_27' title="bbox 165 1785 1535 1836; baseline 0.004 -19"><span class='ocrx_word' id='word_1_197' title='bbox 165 1792 204 1825; x_wconf 75' lang='lat'>25</span> <span class='ocrx_word' id='word_1_198' title='bbox 221 1791 362 1820; x_wconf 83' lang='lat' dir='ltr'>neuter</span> <span class='ocrx_word' id='word_1_199' title='bbox 385 1785 549 1823; x_wconf 84' lang='lat' dir='ltr'>dixerim</span> <span class='ocrx_word' id='word_1_200' title='bbox 572 1788 737 1823; x_wconf 90' lang='lat' dir='ltr'>verbum</span> <span class='ocrx_word' id='word_1_201' title='bbox 762 1796 1086 1836; x_wconf 87' lang='lat' dir='ltr'>preassumptum</span> <span class='ocrx_word' id='word_1_202' title='bbox 1114 1789 1304 1825; x_wconf 79' lang='lat' dir='ltr'>Dominus</span> <span class='ocrx_word' id='word_1_203' title='bbox 1332 1788 1535 1824; x_wconf 82' lang='lat' dir='ltr'>vobiscum.</span> 
     </span>
    </p>

    <p class='ocr_par' dir='ltr' id='par_1_4' title="bbox 222 1842 1789 2070">
     <span class='ocr_line' id='line_1_28' title="bbox 282 1842 1789 1894; baseline 0.001 -16"><span class='ocrx_word' id='word_1_204' title='bbox 282 1842 361 1878; x_wconf 86' lang='lat' dir='ltr'>Sed</span> <span class='ocrx_word' id='word_1_205' title='bbox 393 1844 569 1881; x_wconf 88' lang='lat' dir='ltr'>dubitari</span> <span class='ocrx_word' id='word_1_206' title='bbox 601 1846 703 1882; x_wconf 90' lang='lat' dir='ltr'>solet</span> <span class='ocrx_word' id='word_1_207' title='bbox 736 1847 943 1894; x_wconf 90' lang='lat' dir='ltr'>quomodo</span> <span class='ocrx_word' id='word_1_208' title='bbox 977 1846 1210 1883; x_wconf 88' lang='lat' dir='ltr'>benediccio</span> <span class='ocrx_word' id='word_1_209' title='bbox 1244 1847 1422 1883; x_wconf 85' lang='lat' dir='ltr'>humana</span> <span class='ocrx_word' id='word_1_210' title='bbox 1454 1858 1538 1883; x_wconf 90' lang='lat' dir='ltr'>ver-</span> <span class='ocrx_word' id='word_1_211' title='bbox 1599 1850 1735 1892; x_wconf 62' lang='lat' dir='ltr'>Esticaqy</span> <span class='ocrx_word' id='word_1_212' title='bbox 1755 1853 1789 1880; x_wconf 77' lang='lat' dir='ltr'>Of</span> 
     </span>
     <span class='ocr_line' id='line_1_29' title="bbox 223 1888 1763 1941; baseline 0.004 -6"><span class='ocrx_word' id='word_1_213' title='bbox 223 1898 324 1936; x_wconf 90' lang='lat' dir='ltr'>balis</span> <span class='ocrx_word' id='word_1_214' title='bbox 356 1903 476 1940; x_wconf 84' lang='lat' dir='ltr'>habet</span> <span class='ocrx_word' id='word_1_215' title='bbox 509 1903 733 1940; x_wconf 84' lang='lat' dir='ltr'>efficaciam</span> <span class='ocrx_word' id='word_1_216' title='bbox 766 1913 810 1941; x_wconf 90' lang='lat' dir='ltr'>ut</span> <span class='ocrx_word' id='word_1_217' title='bbox 843 1905 958 1941; x_wconf 82' lang='lat' dir='ltr'>cedat</span> <span class='ocrx_word' id='word_1_218' title='bbox 990 1904 1051 1941; x_wconf 87' lang='lat' dir='ltr'>vel</span> <span class='ocrx_word' id='word_1_219' title='bbox 1090 1904 1342 1941; x_wconf 87' lang='lat' dir='ltr'>benedicenti</span> <span class='ocrx_word' id='word_1_220' title='bbox 1374 1904 1435 1941; x_wconf 83' lang='lat' dir='ltr'>vel</span> <span class='ocrx_word' id='word_1_221' title='bbox 1473 1903 1540 1941; x_wconf 88' lang='lat' dir='ltr'>alii</span> <span class='ocrx_word' id='word_1_222' title='bbox 1618 1888 1763 1923; x_wconf 76' lang='lat' dir='ltr'>blessmg.</span> 
     </span>
     <span class='ocr_line' id='line_1_30' title="bbox 223 1957 1541 2012; baseline 0.001 -15"><span class='ocrx_word' id='word_1_223' title='bbox 223 1957 273 1993; x_wconf 82' lang='lat' dir='ltr'>ad</span> <span class='ocrx_word' id='word_1_224' title='bbox 306 1961 547 2006; x_wconf 88' lang='lat' dir='ltr'>profectum.</span> <span class='ocrx_word' id='word_1_225' title='bbox 595 1963 674 1998; x_wconf 90' lang='lat' dir='ltr'>Sed</span> <span class='ocrx_word' id='word_1_226' title='bbox 715 1971 873 1999; x_wconf 90' lang='lat' dir='ltr'>constat</span> <span class='ocrx_word' id='word_1_227' title='bbox 914 1975 957 1999; x_wconf 86' lang='lat' dir='ltr'>ex</span> <span class='ocrx_word' id='word_1_228' title='bbox 997 1962 1074 1999; x_wconf 89' lang='lat' dir='ltr'>fide</span> <span class='ocrx_word' id='word_1_229' title='bbox 1115 1962 1313 2012; x_wconf 89' lang='lat' dir='ltr'>scripture</span> <span class='ocrx_word' id='word_1_230' title='bbox 1359 1964 1467 2011; x_wconf 89' lang='lat' dir='ltr'>quod</span> <span class='ocrx_word' id='word_1_231' title='bbox 1501 1962 1541 1998; x_wconf 89' lang='lat' dir='ltr'>in</span> 
     </span>
     <span class='ocr_line' id='line_1_31' title="bbox 222 2019 1541 2070; baseline 0 -13"><span class='ocrx_word' id='word_1_232' title='bbox 222 2019 352 2057; x_wconf 84' lang='lat' dir='ltr'>verbis</span> <span class='ocrx_word' id='word_1_233' title='bbox 402 2019 589 2056; x_wconf 89' lang='lat' dir='ltr'>humanis</span> <span class='ocrx_word' id='word_1_234' title='bbox 637 2019 712 2057; x_wconf 89' lang='lat' dir='ltr'>rite</span> <span class='ocrx_word' id='word_1_235' title='bbox 759 2020 928 2069; x_wconf 88' lang='lat' dir='ltr'>prolatis</span> <span class='ocrx_word' id='word_1_236' title='bbox 977 2021 1074 2057; x_wconf 92' lang='lat' dir='ltr'>latet</span> <span class='ocrx_word' id='word_1_237' title='bbox 1120 2021 1311 2070; x_wconf 88' lang='lat' dir='ltr'>precipue</span> <span class='ocrx_word' id='word_1_238' title='bbox 1360 2020 1541 2058; x_wconf 88' lang='lat' dir='ltr'>efficacia</span> 
     </span>
    </p>

    <p class='ocr_par' dir='ltr' id='par_1_5' title="bbox 166 2077 1541 2361">
     <span class='ocr_line' id='line_1_32' title="bbox 166 2077 1541 2128; baseline -0.001 -12"><span class='ocrx_word' id='word_1_239' title='bbox 166 2093 208 2116; x_wconf 58' lang='lat' dir='ltr'>so</span> <span class='ocrx_word' id='word_1_240' title='bbox 224 2077 345 2116; x_wconf 90' lang='lat' dir='ltr'>divini</span> <span class='ocrx_word' id='word_1_241' title='bbox 378 2077 576 2126; x_wconf 78' lang='lat' dir='ltr'>numinis3</span> <span class='ocrx_word' id='word_1_242' title='bbox 610 2078 726 2115; x_wconf 86' lang='lat' dir='ltr'>aliter</span> <span class='ocrx_word' id='word_1_243' title='bbox 759 2079 864 2116; x_wconf 89' lang='lat' dir='ltr'>enim</span> <span class='ocrx_word' id='word_1_244' title='bbox 889 2092 971 2116; x_wconf 90' lang='lat' dir='ltr'>non</span> <span class='ocrx_word' id='word_1_245' title='bbox 994 2079 1278 2116; x_wconf 86' lang='lat' dir='ltr'>benedicerent</span> <span class='ocrx_word' id='word_1_246' title='bbox 1310 2079 1541 2128; x_wconf 83' lang='lat' dir='ltr'>patriarche</span> 
     </span>
     <span class='ocr_line' id='line_1_33' title="bbox 223 2136 1541 2186; baseline 0 -13"><span class='ocrx_word' id='word_1_247' title='bbox 223 2146 304 2174; x_wconf 88' lang='lat' dir='ltr'>tam</span> <span class='ocrx_word' id='word_1_248' title='bbox 352 2137 493 2174; x_wconf 89' lang='lat' dir='ltr'>crebro</span> <span class='ocrx_word' id='word_1_249' title='bbox 539 2136 630 2173; x_wconf 89' lang='lat' dir='ltr'>filiis</span> <span class='ocrx_word' id='word_1_250' title='bbox 665 2145 701 2174; x_wconf 91' lang='lat' dir='ltr'>et</span> <span class='ocrx_word' id='word_1_251' title='bbox 741 2137 896 2183; x_wconf 82' lang='lat' dir='ltr'>amicis,</span> <span class='ocrx_word' id='word_1_252' title='bbox 942 2145 985 2174; x_wconf 90' lang='lat' dir='ltr'>ut</span> <span class='ocrx_word' id='word_1_253' title='bbox 1024 2146 1133 2186; x_wconf 86' lang='lat' dir='ltr'>patet</span> <span class='ocrx_word' id='word_1_254' title='bbox 1166 2139 1263 2175; x_wconf 91' lang='lat' dir='ltr'>Gen.</span> <span class='ocrx_word' id='word_1_255' title='bbox 1296 2138 1458 2174; x_wconf 78' lang='lat' dir='ltr'>XXVIIO</span> <span class='ocrx_word' id='word_1_256' title='bbox 1493 2138 1541 2174; x_wconf 90' lang='lat' dir='ltr'>de</span> 
     </span>
     <span class='ocr_line' id='line_1_34' title="bbox 223 2194 1541 2244; baseline 0 -13"><span class='ocrx_word' id='word_1_257' title='bbox 223 2194 511 2232; x_wconf 88' lang='lat' dir='ltr'>benediccione</span> <span class='ocrx_word' id='word_1_258' title='bbox 549 2197 677 2232; x_wconf 80' lang='lat' dir='ltr'>Ysaac</span> <span class='ocrx_word' id='word_1_259' title='bbox 722 2209 800 2244; x_wconf 89' lang='lat' dir='ltr'>qua</span> <span class='ocrx_word' id='word_1_260' title='bbox 845 2195 1045 2232; x_wconf 82' lang='lat' dir='ltr'>benedixit</span> <span class='ocrx_word' id='word_1_261' title='bbox 1082 2197 1206 2233; x_wconf 88' lang='lat' dir='ltr'>Jacob</span> <span class='ocrx_word' id='word_1_262' title='bbox 1252 2205 1288 2233; x_wconf 92' lang='lat' dir='ltr'>et</span> <span class='ocrx_word' id='word_1_263' title='bbox 1328 2198 1446 2242; x_wconf 88' lang='lat' dir='ltr'>Esau,</span> <span class='ocrx_word' id='word_1_264' title='bbox 1493 2196 1541 2231; x_wconf 92' lang='lat' dir='ltr'>de</span> 
     </span>
     <span class='ocr_line' id='line_1_35' title="bbox 226 2253 1540 2303; baseline 0 -14"><span class='ocrx_word' id='word_1_265' title='bbox 226 2253 512 2290; x_wconf 90' lang='lat' dir='ltr'>benediccione</span> <span class='ocrx_word' id='word_1_266' title='bbox 533 2255 657 2291; x_wconf 88' lang='lat' dir='ltr'>Jacob</span> <span class='ocrx_word' id='word_1_267' title='bbox 691 2266 771 2302; x_wconf 89' lang='lat' dir='ltr'>qua</span> <span class='ocrx_word' id='word_1_268' title='bbox 804 2253 1007 2291; x_wconf 88' lang='lat' dir='ltr'>benedixit</span> <span class='ocrx_word' id='word_1_269' title='bbox 1041 2254 1253 2291; x_wconf 90' lang='lat' dir='ltr'>duodecim</span> <span class='ocrx_word' id='word_1_270' title='bbox 1288 2253 1540 2303; x_wconf 86' lang='lat' dir='ltr'>patriarchas</span> 
     </span>
     <span class='ocr_line' id='line_1_36' title="bbox 224 2311 1541 2361; baseline 0 -13"><span class='ocrx_word' id='word_1_271' title='bbox 224 2312 321 2348; x_wconf 87' lang='lat' dir='ltr'>Gen.</span> <span class='ocrx_word' id='word_1_272' title='bbox 346 2313 502 2358; x_wconf 89' lang='lat' dir='ltr'>XLIX0‚</span> <span class='ocrx_word' id='word_1_273' title='bbox 535 2321 572 2348; x_wconf 92' lang='lat' dir='ltr'>et</span> <span class='ocrx_word' id='word_1_274' title='bbox 596 2313 643 2348; x_wconf 90' lang='lat' dir='ltr'>de</span> <span class='ocrx_word' id='word_1_275' title='bbox 677 2311 965 2349; x_wconf 90' lang='lat' dir='ltr'>benediccione</span> <span class='ocrx_word' id='word_1_276' title='bbox 989 2312 1111 2348; x_wconf 87' lang='lat' dir='ltr'>trium</span> <span class='ocrx_word' id='word_1_277' title='bbox 1147 2325 1365 2361; x_wconf 87' lang='lat' dir='ltr'>puerorum</span> <span class='ocrx_word' id='word_1_278' title='bbox 1399 2311 1439 2348; x_wconf 88' lang='lat' dir='ltr'>in</span> <span class='ocrx_word' id='word_1_279' title='bbox 1462 2324 1541 2360; x_wconf 88' lang='lat' dir='ltr'>qua</span> 
     </span>
    </p>
   </div>
   <div class='ocr_carea' id='block_1_4' title="bbox 222 2467 1542 2950">
    <p class='ocr_par' dir='ltr' id='par_1_6' title="bbox 222 2467 1542 2950">
     <span class='ocr_line' id='line_1_37' title="bbox 293 2467 1542 2505; baseline 0 -9"><span class='ocrx_word' id='word_1_280' title='bbox 293 2476 319 2500; x_wconf 79' lang='lat'>2,</span> <span class='ocrx_word' id='word_1_281' title='bbox 341 2467 365 2496; x_wconf 77' lang='lat'>3.</span> <span class='ocrx_word' id='word_1_282' title='bbox 386 2469 416 2496; x_wconf 92' lang='lat'>1:</span> <span class='ocrx_word' id='word_1_283' title='bbox 437 2469 602 2497; x_wconf 81' lang='lat' dir='ltr'>secundum</span> <span class='ocrx_word' id='word_1_284' title='bbox 621 2470 849 2505; x_wconf 68' lang='lat' dir='ltr'>aposioposz&#39;ms</span> <span class='ocrx_word' id='word_1_285' title='bbox 875 2469 943 2497; x_wconf 79' lang='lat' dir='ltr'>KL:</span> <span class='ocrx_word' id='word_1_286' title='bbox 965 2469 1198 2505; x_wconf 69' lang='lat' dir='ltr'>aposiapasim:</span> <span class='ocrx_word' id='word_1_287' title='bbox 1225 2469 1265 2497; x_wconf 87' lang='lat' dir='ltr'>ib.</span> <span class='ocrx_word' id='word_1_288' title='bbox 1288 2469 1356 2497; x_wconf 81' lang='lat' dir='ltr'>DE:</span> <span class='ocrx_word' id='word_1_289' title='bbox 1377 2469 1542 2497; x_wconf 81' lang='lat' dir='ltr'>secundum</span> 
     </span>
     <span class='ocr_line' id='line_1_38' title="bbox 222 2504 1540 2539; baseline 0.002 -9"><span class='ocrx_word' id='word_1_290' title='bbox 222 2504 411 2539; x_wconf 81' lang='lat' dir='ltr'>Apostolum.</span> <span class='ocrx_word' id='word_1_291' title='bbox 484 2513 513 2538; x_wconf 79' lang='lat'>4.</span> <span class='ocrx_word' id='word_1_292' title='bbox 538 2504 621 2532; x_wconf 82' lang='lat' dir='ltr'>DEI:</span> <span class='ocrx_word' id='word_1_293' title='bbox 643 2505 822 2532; x_wconf 75' lang='lat' dir='ltr'>huiusmodi</span> <span class='ocrx_word' id='word_1_294' title='bbox 839 2505 939 2534; x_wconf 72' lang='lat' dir='ltr'>deest:</span> <span class='ocrx_word' id='word_1_295' title='bbox 961 2505 1001 2531; x_wconf 87' lang='lat' dir='ltr'>ib.</span> <span class='ocrx_word' id='word_1_296' title='bbox 1020 2505 1137 2532; x_wconf 83' lang='lat' dir='ltr'>Codd.:</span> <span class='ocrx_word' id='word_1_297' title='bbox 1159 2505 1190 2532; x_wconf 92' lang='lat' dir='ltr'>II</span> <span class='ocrx_word' id='word_1_298' title='bbox 1208 2504 1341 2532; x_wconf 61' lang='lat' dir='ltr'>Petzill.</span> <span class='ocrx_word' id='word_1_299' title='bbox 1418 2505 1445 2532; x_wconf 74' lang='lat' dir='ltr'>o.</span> <span class='ocrx_word' id='word_1_300' title='bbox 1466 2505 1490 2532; x_wconf 90' lang='lat' dir='ltr'>E</span> <span class='ocrx_word' id='word_1_301' title='bbox 1511 2506 1540 2532; x_wconf 83' lang='lat' dir='ltr'>in</span> 
     </span>
     <span class='ocr_line' id='line_1_39' title="bbox 224 2538 1541 2574; baseline -0.001 -7"><span class='ocrx_word' id='word_1_302' title='bbox 224 2546 337 2573; x_wconf 51' lang='lat' dir='ltr'>marg:</span> <span class='ocrx_word' id='word_1_303' title='bbox 361 2546 387 2565; x_wconf 83' lang='lat'>2.</span> <span class='ocrx_word' id='word_1_304' title='bbox 461 2538 488 2566; x_wconf 80' lang='lat'>8.</span> <span class='ocrx_word' id='word_1_305' title='bbox 510 2539 533 2566; x_wconf 90' lang='lat' dir='ltr'>E</span> <span class='ocrx_word' id='word_1_306' title='bbox 553 2539 582 2566; x_wconf 84' lang='lat' dir='ltr'>in</span> <span class='ocrx_word' id='word_1_307' title='bbox 606 2548 718 2574; x_wconf 61' lang='lat' dir='ltr'>marg:</span> <span class='ocrx_word' id='word_1_308' title='bbox 740 2548 783 2574; x_wconf 69' lang='grc'>3,·</span> <span class='ocrx_word' id='word_1_309' title='bbox 808 2539 848 2566; x_wconf 86' lang='lat' dir='ltr'>ib.</span> <span class='ocrx_word' id='word_1_310' title='bbox 870 2540 938 2566; x_wconf 76' lang='lat' dir='ltr'>KL:</span> <span class='ocrx_word' id='word_1_311' title='bbox 964 2548 1131 2574; x_wconf 72' lang='lat' dir='ltr'>sompnum.</span> <span class='ocrx_word' id='word_1_312' title='bbox 1206 2547 1235 2574; x_wconf 66' lang='grc' dir='ltr'>ς).</span> <span class='ocrx_word' id='word_1_313' title='bbox 1257 2539 1296 2567; x_wconf 90' lang='lat' dir='ltr'>L:</span> <span class='ocrx_word' id='word_1_314' title='bbox 1324 2539 1541 2567; x_wconf 73' lang='lat' dir='ltr'>dclcucionem.</span> 
     </span>
     <span class='ocr_line' id='line_1_40' title="bbox 226 2573 1542 2610; baseline 0.001 -10"><span class='ocrx_word' id='word_1_315' title='bbox 226 2583 265 2601; x_wconf 91' lang='lat'>10.</span> <span class='ocrx_word' id='word_1_316' title='bbox 287 2573 329 2600; x_wconf 74' lang='lat' dir='ltr'>K:</span> <span class='ocrx_word' id='word_1_317' title='bbox 350 2574 471 2609; x_wconf 73' lang='lat' dir='ltr'>sopru&#39;a.</span> <span class='ocrx_word' id='word_1_318' title='bbox 546 2573 583 2601; x_wconf 85' lang='lat'>13.</span> <span class='ocrx_word' id='word_1_319' title='bbox 605 2574 629 2601; x_wconf 87' lang='lat' dir='ltr'>E</span> <span class='ocrx_word' id='word_1_320' title='bbox 650 2575 678 2601; x_wconf 83' lang='lat' dir='ltr'>iu</span> <span class='ocrx_word' id='word_1_321' title='bbox 703 2582 816 2609; x_wconf 60' lang='lat' dir='ltr'>marg:</span> <span class='ocrx_word' id='word_1_322' title='bbox 844 2581 886 2607; x_wconf 71' lang='lat'>4:</span> <span class='ocrx_word' id='word_1_323' title='bbox 911 2575 950 2601; x_wconf 84' lang='lat' dir='ltr'>ib.</span> <span class='ocrx_word' id='word_1_324' title='bbox 973 2574 1056 2601; x_wconf 77' lang='lat' dir='ltr'>DEI:</span> <span class='ocrx_word' id='word_1_325' title='bbox 1074 2574 1240 2610; x_wconf 62' lang='lat' dir='ltr'>ascendat.</span> <span class='ocrx_word' id='word_1_326' title='bbox 1315 2574 1357 2602; x_wconf 80' lang='lat'>16.</span> <span class='ocrx_word' id='word_1_327' title='bbox 1380 2574 1447 2601; x_wconf 78' lang='lat' dir='ltr'>DE:</span> <span class='ocrx_word' id='word_1_328' title='bbox 1477 2583 1542 2602; x_wconf 87' lang='lat' dir='ltr'>cum</span> 
     </span>
     <span class='ocr_line' id='line_1_41' title="bbox 224 2608 1540 2644; baseline 0 -8"><span class='ocrx_word' id='word_1_329' title='bbox 224 2609 320 2636; x_wconf 81' lang='lat' dir='ltr'>deest.</span> <span class='ocrx_word' id='word_1_330' title='bbox 393 2617 431 2643; x_wconf 82' lang='lat'>17.</span> <span class='ocrx_word' id='word_1_331' title='bbox 453 2609 476 2635; x_wconf 84' lang='lat' dir='ltr'>E</span> <span class='ocrx_word' id='word_1_332' title='bbox 497 2609 526 2636; x_wconf 88' lang='lat' dir='ltr'>in</span> <span class='ocrx_word' id='word_1_333' title='bbox 549 2617 662 2644; x_wconf 42' lang='lat' dir='ltr'>marga</span> <span class='ocrx_word' id='word_1_334' title='bbox 683 2611 723 2639; x_wconf 73' lang='lat'>5:</span> <span class='ocrx_word' id='word_1_335' title='bbox 742 2609 782 2636; x_wconf 82' lang='lat' dir='ltr'>ib.</span> <span class='ocrx_word' id='word_1_336' title='bbox 798 2609 837 2636; x_wconf 88' lang='lat' dir='ltr'>L:</span> <span class='ocrx_word' id='word_1_337' title='bbox 861 2609 981 2637; x_wconf 56' lang='lat' dir='ltr'>Paline.</span> <span class='ocrx_word' id='word_1_338' title='bbox 1057 2610 1096 2637; x_wconf 66' lang='grc' dir='ltr'>ιδ.</span> <span class='ocrx_word' id='word_1_339' title='bbox 1119 2609 1361 2644; x_wconf 75' lang='lat' dir='ltr'>reposicionem‚·</span> <span class='ocrx_word' id='word_1_340' title='bbox 1381 2608 1421 2636; x_wconf 82' lang='lat' dir='ltr'>ib.</span> <span class='ocrx_word' id='word_1_341' title='bbox 1438 2609 1490 2636; x_wconf 88' lang='lat' dir='ltr'>DE</span> <span class='ocrx_word' id='word_1_342' title='bbox 1512 2610 1540 2636; x_wconf 83' lang='lat' dir='ltr'>in</span> 
     </span>
     <span class='ocr_line' id='line_1_42' title="bbox 225 2644 1541 2679; baseline 0.001 -9"><span class='ocrx_word' id='word_1_343' title='bbox 225 2651 339 2678; x_wconf 70' lang='lat' dir='ltr'>marg:</span> <span class='ocrx_word' id='word_1_344' title='bbox 368 2644 552 2678; x_wconf 72' lang='lat' dir='ltr'>repcionem.</span> <span class='ocrx_word' id='word_1_345' title='bbox 627 2652 668 2678; x_wconf 60' lang='grc' dir='ltr'>ις).</span> <span class='ocrx_word' id='word_1_346' title='bbox 692 2644 731 2670; x_wconf 78' lang='lat' dir='ltr'>K:</span> <span class='ocrx_word' id='word_1_347' title='bbox 752 2645 853 2678; x_wconf 60' lang='lat' dir='ltr'>sorni.</span> <span class='ocrx_word' id='word_1_348' title='bbox 927 2651 969 2671; x_wconf 72' lang='lat'>22.</span> <span class='ocrx_word' id='word_1_349' title='bbox 992 2644 1087 2671; x_wconf 55' lang='lat' dir='ltr'>cod:</span> <span class='ocrx_word' id='word_1_350' title='bbox 1116 2644 1273 2671; x_wconf 72' lang='lat' dir='ltr'>racionem</span> <span class='ocrx_word' id='word_1_351' title='bbox 1294 2644 1541 2679; x_wconf 72' lang='lat' dir='ltr'>imprecacionis.</span> 
     </span>
     <span class='ocr_line' id='line_1_43' title="bbox 225 2678 1541 2714; baseline 0 -9"><span class='ocrx_word' id='word_1_352' title='bbox 225 2678 363 2705; x_wconf 76' lang='lat' dir='ltr'>correxi.</span> <span class='ocrx_word' id='word_1_353' title='bbox 478 2678 520 2706; x_wconf 80' lang='lat'>23.</span> <span class='ocrx_word' id='word_1_354' title='bbox 548 2678 617 2706; x_wconf 79' lang='lat' dir='ltr'>KL:</span> <span class='ocrx_word' id='word_1_355' title='bbox 644 2678 898 2713; x_wconf 68' lang='lat' dir='ltr'>deprecacionis;</span> <span class='ocrx_word' id='word_1_356' title='bbox 924 2680 964 2706; x_wconf 86' lang='lat' dir='ltr'>ib.</span> <span class='ocrx_word' id='word_1_357' title='bbox 986 2679 1055 2706; x_wconf 77' lang='lat' dir='ltr'>DE:</span> <span class='ocrx_word' id='word_1_358' title='bbox 1084 2683 1114 2706; x_wconf 85' lang='lat' dir='ltr'>et</span> <span class='ocrx_word' id='word_1_359' title='bbox 1132 2694 1165 2697; x_wconf 86' lang='lat'>—</span> <span class='ocrx_word' id='word_1_360' title='bbox 1184 2679 1420 2714; x_wconf 71' lang='lat' dir='ltr'>imprecacionix</span> <span class='ocrx_word' id='word_1_361' title='bbox 1447 2680 1541 2706; x_wconf 82' lang='lat' dir='ltr'>deest.</span> 
     </span>
     <span class='ocr_line' id='line_1_44' title="bbox 224 2712 1541 2749; baseline 0.001 -10"><span class='ocrx_word' id='word_1_362' title='bbox 224 2720 270 2747; x_wconf 81' lang='lat'>24.</span> <span class='ocrx_word' id='word_1_363' title='bbox 304 2712 372 2740; x_wconf 82' lang='lat' dir='ltr'>KL:</span> <span class='ocrx_word' id='word_1_364' title='bbox 409 2713 573 2741; x_wconf 76' lang='lat' dir='ltr'>secundum</span> <span class='ocrx_word' id='word_1_365' title='bbox 608 2714 764 2740; x_wconf 71' lang='lat' dir='ltr'>racionem</span> <span class='ocrx_word' id='word_1_366' title='bbox 797 2713 892 2741; x_wconf 80' lang='lat' dir='ltr'>deest.</span> <span class='ocrx_word' id='word_1_367' title='bbox 1027 2714 1069 2741; x_wconf 79' lang='lat'>25.</span> <span class='ocrx_word' id='word_1_368' title='bbox 1102 2713 1186 2740; x_wconf 78' lang='lat' dir='ltr'>IKL:</span> <span class='ocrx_word' id='word_1_369' title='bbox 1224 2714 1313 2749; x_wconf 76' lang='lat' dir='ltr'>prius</span> <span class='ocrx_word' id='word_1_370' title='bbox 1345 2716 1541 2749; x_wconf 75' lang='lat' dir='ltr'>assumptum.</span> 
     </span>
     <span class='ocr_line' id='line_1_45' title="bbox 237 2747 1542 2785; baseline 0.002 -11"><span class='ocrx_word' id='word_1_371' title='bbox 237 2769 241 2773; x_wconf 93' lang='lat'>.</span> <span class='ocrx_word' id='word_1_372' title='bbox 298 2747 322 2774; x_wconf 90' lang='lat' dir='ltr'>D</span> <span class='ocrx_word' id='word_1_373' title='bbox 344 2748 373 2774; x_wconf 85' lang='lat' dir='ltr'>in</span> <span class='ocrx_word' id='word_1_374' title='bbox 395 2755 491 2781; x_wconf 70' lang='lat' dir='ltr'>marg.</span> <span class='ocrx_word' id='word_1_375' title='bbox 513 2749 583 2775; x_wconf 79' lang='lat' dir='ltr'>inf.:</span> <span class='ocrx_word' id='word_1_376' title='bbox 611 2748 794 2775; x_wconf 63' lang='lat' dir='ltr'>Benedz&#39;ccso</span> <span class='ocrx_word' id='word_1_377' title='bbox 815 2748 947 2776; x_wconf 74' lang='lat' dir='ltr'>humana</span> <span class='ocrx_word' id='word_1_378' title='bbox 968 2756 1005 2775; x_wconf 73' lang='lat' dir='ltr'>ex</span> <span class='ocrx_word' id='word_1_379' title='bbox 1023 2748 1138 2785; x_wconf 80' lang='lat' dir='ltr'>affectu</span> <span class='ocrx_word' id='word_1_380' title='bbox 1157 2748 1248 2776; x_wconf 73' lang='lat' dir='ltr'>hahet</span> <span class='ocrx_word' id='word_1_381' title='bbox 1267 2756 1413 2781; x_wconf 71' lang='lat' dir='ltr'>magnam</span> <span class='ocrx_word' id='word_1_382' title='bbox 1435 2748 1542 2784; x_wconf 66' lang='lat' dir='ltr'>effica-</span> 
     </span>
     <span class='ocr_line' id='line_1_46' title="bbox 225 2782 1540 2818; baseline 0 -8"><span class='ocrx_word' id='word_1_383' title='bbox 225 2782 312 2816; x_wconf 79' lang='lat' dir='ltr'>ciam,</span> <span class='ocrx_word' id='word_1_384' title='bbox 334 2790 398 2809; x_wconf 84' lang='lat' dir='ltr'>cum</span> <span class='ocrx_word' id='word_1_385' title='bbox 419 2784 449 2809; x_wconf 83' lang='lat' dir='ltr'>in</span> <span class='ocrx_word' id='word_1_386' title='bbox 470 2791 505 2810; x_wconf 70' lang='lat' dir='ltr'>est</span> <span class='ocrx_word' id='word_1_387' title='bbox 526 2784 600 2810; x_wconf 75' lang='lat' dir='ltr'>latet</span> <span class='ocrx_word' id='word_1_388' title='bbox 619 2782 761 2817; x_wconf 57' lang='lat' dir='ltr'>efficacia</span> <span class='ocrx_word' id='word_1_389' title='bbox 782 2783 882 2811; x_wconf 71' lang='lat' dir='ltr'>divini</span> <span class='ocrx_word' id='word_1_390' title='bbox 898 2784 1031 2810; x_wconf 73' lang='lat' dir='ltr'>numinis</span> <span class='ocrx_word' id='word_1_391' title='bbox 1041 2793 1052 2816; x_wconf 90' lang='lat'><em>;</em></span> <span class='ocrx_word' id='word_1_392' title='bbox 1078 2783 1090 2810; x_wconf 95' lang='lat' dir='ltr'>I</span> <span class='ocrx_word' id='word_1_393' title='bbox 1111 2784 1141 2809; x_wconf 84' lang='lat' dir='ltr'>in</span> <span class='ocrx_word' id='word_1_394' title='bbox 1164 2791 1277 2818; x_wconf 44' lang='lat' dir='ltr'>marga</span> <span class='ocrx_word' id='word_1_395' title='bbox 1308 2783 1443 2818; x_wconf 77' lang='lat' dir='ltr'>Queslio.</span> <span class='ocrx_word' id='word_1_396' title='bbox 1466 2783 1490 2810; x_wconf 88' lang='lat' dir='ltr'>E</span> <span class='ocrx_word' id='word_1_397' title='bbox 1511 2784 1540 2810; x_wconf 84' lang='lat' dir='ltr'>in</span> 
     </span>
     <span class='ocr_line' id='line_1_47' title="bbox 225 2817 1539 2853; baseline 0.001 -9"><span class='ocrx_word' id='word_1_398' title='bbox 225 2825 339 2852; x_wconf 61' lang='lat' dir='ltr'>marg:</span> <span class='ocrx_word' id='word_1_399' title='bbox 377 2817 457 2844; x_wconf 66' lang='lat' dir='ltr'>Nota</span> <span class='ocrx_word' id='word_1_400' title='bbox 496 2818 646 2853; x_wconf 68' lang='lat' dir='ltr'>quomodo</span> <span class='ocrx_word' id='word_1_401' title='bbox 685 2818 860 2845; x_wconf 64' lang='lat' dir='ltr'>benediccio</span> <span class='ocrx_word' id='word_1_402' title='bbox 899 2819 1031 2845; x_wconf 76' lang='lat' dir='ltr'>humana</span> <span class='ocrx_word' id='word_1_403' title='bbox 1069 2818 1202 2845; x_wconf 73' lang='lat' dir='ltr'>verbalis</span> <span class='ocrx_word' id='word_1_404' title='bbox 1233 2818 1325 2845; x_wconf 72' lang='lat' dir='ltr'>habet</span> <span class='ocrx_word' id='word_1_405' title='bbox 1354 2817 1539 2853; x_wconf 70' lang='lat' dir='ltr'>efficaciam.</span> 
     </span>
     <span class='ocr_line' id='line_1_48' title="bbox 224 2851 1540 2887; baseline 0.001 -9"><span class='ocrx_word' id='word_1_406' title='bbox 224 2859 268 2883; x_wconf 85' lang='lat'>27.</span> <span class='ocrx_word' id='word_1_407' title='bbox 290 2852 328 2878; x_wconf 90' lang='lat' dir='ltr'>L:</span> <span class='ocrx_word' id='word_1_408' title='bbox 357 2851 530 2887; x_wconf 61' lang='lat' dir='ltr'>elficaciam</span> <span class='ocrx_word' id='word_1_409' title='bbox 551 2854 582 2880; x_wconf 84' lang='lat' dir='ltr'>in</span> <span class='ocrx_word' id='word_1_410' title='bbox 603 2853 786 2881; x_wconf 49' lang='lat' dir='ltr'>benedictis.-</span> <span class='ocrx_word' id='word_1_411' title='bbox 812 2853 852 2879; x_wconf 86' lang='lat' dir='ltr'>ib.</span> <span class='ocrx_word' id='word_1_412' title='bbox 875 2853 913 2880; x_wconf 51' lang='lat'>12:</span> <span class='ocrx_word' id='word_1_413' title='bbox 940 2854 1000 2880; x_wconf 71' lang='lat' dir='ltr'>alii</span> <span class='ocrx_word' id='word_1_414' title='bbox 1024 2853 1125 2880; x_wconf 74' lang='lat' dir='ltr'>deest:</span> <span class='ocrx_word' id='word_1_415' title='bbox 1154 2853 1193 2879; x_wconf 87' lang='lat' dir='ltr'>ib.</span> <span class='ocrx_word' id='word_1_416' title='bbox 1216 2853 1241 2880; x_wconf 84' lang='grc' dir='ltr'><strong>Κ</strong></span> <span class='ocrx_word' id='word_1_417' title='bbox 1262 2853 1291 2880; x_wconf 83' lang='lat' dir='ltr'>in</span> <span class='ocrx_word' id='word_1_418' title='bbox 1314 2861 1401 2887; x_wconf 81' lang='lat' dir='ltr'>marg</span> <span class='ocrx_word' id='word_1_419' title='bbox 1433 2853 1510 2879; x_wconf 83' lang='lat' dir='ltr'>infer</span> <span class='ocrx_word' id='word_1_420' title='bbox 1535 2862 1540 2879; x_wconf 92' lang='lat'>:</span> 
     </span>
     <span class='ocr_line' id='line_1_49' title="bbox 227 2886 1540 2921; baseline 0 -7"><span class='ocrx_word' id='word_1_421' title='bbox 227 2886 386 2921; x_wconf 75' lang='lat' dir='ltr'>Quomodo</span> <span class='ocrx_word' id='word_1_422' title='bbox 416 2887 590 2914; x_wconf 69' lang='lat' dir='ltr'>benediccio</span> <span class='ocrx_word' id='word_1_423' title='bbox 624 2888 758 2914; x_wconf 71' lang='lat' dir='ltr'>lzunuma</span> <span class='ocrx_word' id='word_1_424' title='bbox 791 2888 925 2915; x_wconf 67' lang='lat' dir='ltr'>verbalis</span> <span class='ocrx_word' id='word_1_425' title='bbox 957 2888 1046 2915; x_wconf 69' lang='lat' dir='ltr'>habel</span> <span class='ocrx_word' id='word_1_426' title='bbox 1084 2896 1099 2914; x_wconf 83' lang='lat' dir='ltr'>e</span> <span class='ocrx_word' id='word_1_427' title='bbox 1116 2887 1258 2916; x_wconf 60' lang='lat' dir='ltr'>&#39;ficticium</span> <span class='ocrx_word' id='word_1_428' title='bbox 1297 2888 1327 2914; x_wconf 84' lang='lat' dir='ltr'>iu</span> <span class='ocrx_word' id='word_1_429' title='bbox 1366 2887 1540 2915; x_wconf 74' lang='lat' dir='ltr'>benedictis.</span> 
     </span>
     <span class='ocr_line' id='line_1_50' title="bbox 224 2919 1353 2950; baseline 0 -2"><span class='ocrx_word' id='word_1_430' title='bbox 224 2919 272 2949; x_wconf 78' lang='lat'>30.</span> <span class='ocrx_word' id='word_1_431' title='bbox 291 2921 330 2949; x_wconf 90' lang='lat' dir='ltr'>L:</span> <span class='ocrx_word' id='word_1_432' title='bbox 353 2930 412 2948; x_wconf 82' lang='lat' dir='ltr'>non</span> <span class='ocrx_word' id='word_1_433' title='bbox 434 2922 529 2949; x_wconf 78' lang='lat' dir='ltr'>deest.</span> <span class='ocrx_word' id='word_1_434' title='bbox 602 2921 645 2949; x_wconf 81' lang='lat'>32.</span> <span class='ocrx_word' id='word_1_435' title='bbox 668 2922 735 2949; x_wconf 76' lang='lat' dir='ltr'>KL:</span> <span class='ocrx_word' id='word_1_436' title='bbox 756 2922 794 2949; x_wconf 75' lang='lat' dir='ltr'>de</span> <span class='ocrx_word' id='word_1_437' title='bbox 814 2923 908 2949; x_wconf 79' lang='lat' dir='ltr'>deest.</span> <span class='ocrx_word' id='word_1_438' title='bbox 981 2922 1024 2950; x_wconf 81' lang='lat'>33.</span> <span class='ocrx_word' id='word_1_439' title='bbox 1045 2922 1085 2949; x_wconf 71' lang='lat'>11&lt;</span> <span class='ocrx_word' id='word_1_440' title='bbox 1122 2932 1127 2950; x_wconf 92' lang='lat'>:</span> <span class='ocrx_word' id='word_1_441' title='bbox 1155 2925 1230 2950; x_wconf 75' lang='lat' dir='ltr'>teste</span> <span class='ocrx_word' id='word_1_442' title='bbox 1247 2922 1353 2949; x_wconf 77' lang='lat' dir='ltr'>Jacob.</span> 
     </span>
    </p>
   </div>
   <div class='ocr_carea' id='block_1_5' title="bbox 1363 2972 1402 3004">
    <p class='ocr_par' dir='ltr' id='par_1_7' title="bbox 1363 2972 1402 3004">
     <span class='ocr_line' id='line_1_51' title="bbox 1363 2972 1402 3004; baseline 0.026 -1"><span class='ocrx_word' id='word_1_443' title='bbox 1363 2972 1402 3004; x_wconf 69' lang='lat'>33</span> 
     </span>
    </p>
   </div>
  </div>
 </body>
</html>
