2062 3276
150 1022 226 1054 Fol.

242 236 378 267 semro
401 226 487 284 xv.]
721 238 913 278 QUARTA
942 238 1068 269 PARS.
1772 237 1845 274 127

241 345 432 394 separari,
478 344 533 381 sic
566 345 782 393 prandium
816 345 875 381 vel
908 344 1100 392 quicquid
1134 343 1240 380 aliud
1275 343 1457 380 Christus
1490 356 1553 379 ac-

241 404 389 452 ceperit
437 405 486 440 ab
532 403 692 440 homine
737 416 816 439 non
850 402 982 450 potuit
1015 415 1037 438 a
1070 401 1229 438 racione
1263 414 1333 438 sue
1373 400 1555 437 domina-

241 462 365 498 cionis
398 471 435 498 et
468 461 694 498 reverencie
724 460 915 508 separari,
946 469 983 496 et
1007 460 1060 496 ita
1083 472 1290 507 nunquam
1318 459 1556 495 mendicavit

241 521 290 556 ab
324 519 484 556 homine
519 518 818 555 mendicacione
853 530 1035 566 expressa
1071 518 1296 554 clamorosa
1340 515 1401 569 (ut
1445 525 1557 564 patet

209 574 368 630 5alibi).
422 576 724 614 Mendicacione
768 585 902 613 autem
956 575 1198 612 insinuativa
1252 574 1491 611 mendicavit
1537 587 1559 610 a

243 638 371 682 Patre,
406 644 448 671 ut
481 648 523 672 ex
557 634 768 671 declaratis
801 634 895 671 alibi
930 634 992 670 hic
1026 646 1222 682 suppono.

300 696 346 730 Et
379 702 488 741 patet
530 694 636 741 quod
671 692 838 738 decime,
872 692 1102 729 oblaciones
1136 700 1173 728 et
1213 700 1430 739 proventus
1472 702 1559 739 pre-
1618 696 1728 736 Times
1749 698 1807 724 and

241 752 413 788 latorum
447 760 539 787 sunt
571 750 800 796 elemosine,
835 759 1013 787 carentes
1058 750 1218 786 racione
1263 748 1558 785 dominacionis
1621 733 1806 801 &222¹ssssthss

241 822 317 858 que
341 809 499 846 Christo
532 818 590 845 est
624 808 801 857 propria.
835 809 1003 844 Videtur
1035 817 1169 844 tamen
1204 807 1323 855 ipsas,
1358 807 1449 843 licet
1482 807 1559 843 sint
1601 802 1829 865 {TfflJQ'lffix’r

189 882 226 902 10
241 869 369 904 solum
395 867 623 913 elemosine,
655 867 800 903 habere
823 867 1025 903 racionem
1050 866 1185 912 debiti,
1219 865 1428 913 supposito
1451 866 1559 913 quod
1588 845 1626 911 lie.
1644 867 1841 898 dues‘oftfie

241 925 526 962 elemosinatus
571 934 676 962 recte
720 924 877 961 edificet
910 925 1104 972 populum
1151 923 1213 960 cui
1259 933 1401 971 preest.
1449 925 1560 959 Patet
1583 907 1844 977 ἓᾎξζῐιζζςὴὲυἳζς

242 984 372 1032 prima
417 986 508 1020 Cor.
556 985 616 1020 IX.
671 985 718 1019 Et
771 995 814 1019 ex
867 982 942 1018 isto
987 982 1143 1018 videtur
1186 983 1293 1030 quod
1340 981 1560 1017 discolante

214 1051 381 1083 bcurato
413 1054 485 1078 nec
519 1043 666 1078 habent
699 1040 852 1078 decime
881 1039 885 1093 Ι
916 1053 987 1077 nec
1020 1040 1249 1076 oblaciones
1282 1053 1381 1088 quas
1421 1039 1561 1087 recipit

243 1100 442 1137 racionem
477 1099 691 1136 elemosine
725 1111 796 1135 nec
821 1098 943 1135 debiti
967 1100 1101 1147 quoad
1126 1101 1269 1144 Deum,
1293 1111 1372 1134 non
1397 1097 1560 1145 quidem

190 1158 444 1195 13racionem
479 1157 707 1203 elemosine,
749 1170 839 1193 cum
874 1158 971 1193 dans
1004 1156 1077 1192 sibi
1112 1157 1183 1193 hec
1219 1155 1459 1204 temporalia
1492 1168 1562 1203 per

243 1216 428 1253 accidens
461 1215 535 1252 sibi
577 1225 713 1261 nocet3
759 1224 796 1252 et
840 1214 894 1251 sic
939 1228 1020 1251 non
1065 1215 1212 1251 relevat
1257 1214 1388 1262 ipsum
1429 1227 1450 1250 a
1490 1226 1560 1250 sua

245 1274 417 1320 miseria,
467 1273 561 1322 quia
606 1274 646 1310 in
692 1273 859 1310 crimine
906 1272 1032 1321 magis
1065 1281 1216 1321 gravat.
1270 1275 1318 1308 Et
1352 1285 1422 1320 per
1455 1271 1561 1307 idem

244 1346 323 1369 non
369 1341 426 1369 est
472 1332 652 1368 debitum
699 1331 903 1368 hominem
950 1331 1004 1368 sic
1049 1343 1217 1367 onerare
1262 1330 1470 1367 ecclesiam
1525 1338 1561 1366 et

243 1391 487 1427 deteriorare
520 1403 747 1438 personam,
783 1402 874 1426 cum
908 1402 1027 1426 nemo
1062 1390 1180 1425 habet
1204 1397 1443 1437 potestatem
1469 1401 1562 1424 con—

187 1449 408 1486 20trariam
448 1447 698 1485 edificacioni
743 1447 919 1493 ecclesie,
965 1447 1056 1484 licet
1100 1448 1345 1495 quandoque
1389 1448 1561 1483 errando

243 1521 314 1544 sua
359 1506 539 1544 abutitur
582 1515 792 1554 potestate.
839 1505 879 1542 Si
923 1515 1056 1542 autem
1102 1505 1177 1542 ista
1222 1504 1424 1542 sentencia
1470 1517 1560 1540 cum

244 1565 324 1602 suis
357 1565 616 1614 sequentibus
649 1563 922 1601 contrariatur
953 1563 1245 1600 tradicionibus
1279 1563 1489 1599 hominum
1515 1564 1562 1598 de

245 1623 410 1660 decimis
435 1633 472 1660 et
495 1622 786 1669 oblacionibus,
822 1623 961 1658 donate
994 1623 1088 1658 mihi
1119 1622 1217 1658 hanc
1239 1622 1434 1667 iniuriam,
1467 1620 1562 1669 quia

245 1695 325 1718 non
358 1683 447 1730 plus
479 1681 661 1729 sequitur
693 1680 768 1716 nisi
802 1681 910 1729 quod
944 1680 1018 1716 iste
1050 1679 1293 1717 tradiciones
1326 1689 1419 1716 sunt
1464 1678 1563 1715 irra-

188 1745 226 1778 25
246 1739 464 1777 cionabiles
499 1749 536 1776 et
569 1739 696 1775 eciam
730 1738 889 1775 iniuste.

302 1799 380 1835 Sed
414 1797 580 1834 ulterius
613 1797 822 1833 dubitatur
854 1806 989 1832 utrum
1030 1796 1104 1833 alie
1150 1805 1228 1833 tres
1274 1795 1455 1832 raciones
1501 1808 1563 1832 ac-
1578 1801 1644 1829 The
1689 1799 1855 1840 1-actiee0f

245 1856 444 1904 cepcionis
477 1865 514 1892 et
546 1854 843 1891 distribucionis
865 1854 1149 1902 temporalium
1174 1854 1412 1891 conveniant
1436 1837 1851 1906 sacer-thffoeccgyff'gfgsm

245 1914 342 1961 doti,
376 1923 413 1950 et
445 1914 601 1950 videtur
634 1915 742 1962 quod
786 1912 854 1959 sic,
900 1912 994 1960 quia
1040 1925 1158 1949 nemo
1203 1911 1457 1949 communius
1502 1912 1563 1948 vel
1601 1905 1835 1968 tytssffsestlffssegf

244 1972 399 2009 laucius
443 1972 627 2008 convivat
671 1971 874 2019 proximos
918 1983 1038 2019 quam
1086 1970 1252 2007 clericus
1297 1969 1353 2006 sic
1387 1971 1560 2006 dotatus.
1671 1976 1759 2003 alnis,

189 2038 230 2069 '30
247 2033 294 2067 Et
346 2030 386 2066 in
438 2029 603 2067 introitu
656 2042 728 2066 suo
780 2030 830 2066 ad
875 2029 1151 2077 episcopatum
1197 2028 1277 2065 sive
1321 2028 1560 2064 beneficium

245 2088 523 2137 sollempniter
574 2087 756 2125 convivat
809 2087 993 2123 dominos
1046 2086 1168 2124 seculi
1220 2087 1308 2135 plus
1361 2095 1559 2134 potentes,

244 2160 380 2196 ymmo
412 2146 444 2183 si
477 2159 556 2183 non
591 2147 754 2183 haberet
787 2145 1043 2182 commixtam
1080 2145 1282 2182 racionem
1317 2144 1484 2181 convivii
1509 2145 1560 2181 ad

245 2207 523 2253 prandendum
558 2204 759 2252 proximos
792 2205 1012 2240 secundum
1047 2203 1248 2240 racionem
1282 2202 1462 2239 amicicie
1501 2203 1562 2238 vel

246 2263 424 2300 caritatis
457 2263 728 2299 continuande
760 2262 800 2298 in
833 2262 997 2310 populo,
1042 2262 1198 2298 videtur
1242 2262 1349 2310 quod
1394 2260 1562 2297 omnino

189 2327 228 2360 35
245 2321 328 2357 sine
362 2334 481 2358 causa
513 2322 574 2357 vel
606 2320 767 2357 racione
801 2321 901 2356 foret
933 2320 973 2356 in
996 2319 1287 2368 temporalibus
1310 2319 1365 2355 sic
1388 2320 1563 2356 dotatus.

246 2379 320 2416 Hic
351 2379 508 2415 videtur
541 2379 637 2415 mihi
671 2380 779 2427 quod
812 2378 919 2415 racio
952 2378 1042 2414 talis
1075 2377 1244 2414 convivii
1276 2390 1356 2414 non
1380 2376 1565 2413 convenit

246 2437 444 2474 sacerdoti
477 2437 639 2484 Christi,
674 2450 766 2473 cum
799 2437 915 2472 debet
950 2449 1032 2472 esse
1066 2448 1221 2484 pauper
1254 2445 1291 2472 et
1324 2435 1461 2472 omnia
1493 2447 1565 2471 sua

146 1070 211 1109 304

318 2580 338 2606 ι,
361 2579 386 2599 2.
408 2571 476 2599 DE:
503 2571 630 2610 accepit.
709 2580 736 2605 4.
758 2571 802 2598 A:
830 2571 878 2598 vel
896 2571 1080 2598 clamorosa.
1153 2579 1180 2606 7.
1202 2570 1226 2597 D
1248 2570 1278 2598 in
1300 2578 1416 2605 marg.:
1444 2569 1566 2596 Decime

247 2610 319 2634 sunt
330 2607 512 2639 elemosina*
532 2606 556 2633 E
569 2615 598 2633 in
615 2615 710 2641 marg.
723 2616 728 2633 :
746 2606 866 2634 Decime
881 2609 911 2633 et
922 2606 1096 2633 oblaciones
1111 2608 1289 2632 curatorum
1304 2608 1376 2632 sunt
1387 2605 1565 2631 elemosina.

248 2650 277 2680 9.
298 2641 338 2669 E:
365 2645 444 2669 sunt.
519 2641 556 2669 13.
578 2642 622 2668 A:
651 2641 804 2668 decimeet.
887 2649 926 2676 17.
948 2641 993 2667 A:
1020 2640 1075 2667 sed
1093 2641 1124 2667 in
1145 2641 1279 2667 maxima
1298 2640 1424 2666 miseria
1447 2639 1567 2672 magis,-

249 2677 289 2703 1b.
311 2677 335 2704 E
354 2677 384 2703 in
406 2683 520 2711 marga
542 2676 675 2711 Populus
696 2677 775 2703 dans
788 2676 913 2710 prelato
934 2675 1098 2702 criminoso
1118 2675 1301 2710 temporalia
1321 2677 1438 2710 gravat
1457 2674 1563 2709 ipsum.

250 2712 291 2738 18.
313 2712 357 2739 A:
385 2712 429 2738 sic
448 2711 616 2737 honorare.
689 2718 735 2744 24.
757 2711 827 2738 DE:
855 2713 927 2737 sunt
946 2710 1040 2737 deest.
1114 2710 1160 2737 26.
1183 2710 1207 2736 l)
1229 2710 1258 2737 in
1281 2717 1348 2736 mar
1372 2719 1396 2736 .:
1424 2708 1564 2735 Dubium.

249 2744 295 2773 30.
318 2746 342 2773 l)
364 2747 393 2773 in
416 2754 512 2780 marg.
534 2745 605 2773 inf.:
639 2745 811 2773 Com'imre
836 2745 968 2780 hospites
992 2745 1021 2771 si
1045 2745 1115 2772 licet
1140 2744 1316 2776 sacerdot&
1343 2717 1368 2771 ἕ
1394 2744 1424 2771 in
1451 2751 1564 2778 marga

250 2781 416 2809 Dubitacio
437 2780 580 2808 secunda.

322 2866 375 2899 23.
402 2865 440 2897 ΙΙ.
468 2865 546 2897 Cor.
572 2865 642 2906 XII,
668 2865 718 2899 13,
