2062 3276
285 262 421 291 SERMO
443 252 522 310 xc]
765 265 957 305 QUARTA
985 264 1111 296 PARS.

287 372 369 408 eius
401 373 664 413 voluntatem,
699 384 912 420 peccamus
937 370 1144 415 continue;
1179 372 1286 419 quod
1311 370 1341 406 si
1366 370 1596 406 finxerimus

287 431 395 478 quod
427 430 598 467 facimus
631 429 768 466 omnia
801 441 925 478 opera
957 437 1097 464 nostra
1120 427 1398 476 principaliter
1430 437 1596 476 propter

287 490 429 530 Deum,
475 489 612 535 regula
653 487 852 536 scripture
893 486 1094 523 convincit
1133 495 1314 522 nostram
1361 486 1594 531 stulticiam,

288 559 378 582 cum
418 547 611 583 debemus
650 545 750 582 scire
789 546 897 593 quod
943 545 1084 581 crebro
1122 544 1307 580 faciendo
1348 543 1597 580 contrarium

255 604 390 641 5foret
412 604 528 640 nobis
561 604 716 640 facilius
744 612 787 639 ut
819 602 993 651 amplius
1017 615 1277 639 mereremur.
1311 604 1404 638 Ideo
1437 614 1599 638 necesse

289 672 346 699 est
378 662 494 698 nobis
518 664 626 710 quod
657 661 930 698 examinemus
955 661 1124 697 discrete
1158 660 1295 697 onmia
1318 661 1423 697 facta
1446 669 1598 706 nostra,

289 721 344 757 sic
378 722 486 769 quod
519 721 627 768 apud
659 720 809 756 iustum
843 719 1017 755 iudicem
1047 719 1230 756 videatur
1263 720 1371 767 quod
1405 719 1598 767 quicquid

289 778 457 815 facimus
491 778 589 814 illud
613 780 662 814 ad
697 780 891 815 honorem
913 777 985 813 Dei
1019 778 1185 825 provide
1209 778 1418 814 faciamus.
1453 779 1494 813 In
1518 789 1598 825 quo

289 837 382 885 quia
415 849 629 885 peccamus
662 837 863 881 continue,
898 835 1128 872 necessitati
1162 848 1299 871 sumus
1323 848 1440 871 orare
1465 837 1594 871 Deum

234 908 447 943 »osemper
481 895 519 931 in
552 895 614 931 via
648 896 772 930 debita
806 902 938 930 nostra
972 894 1078 930 nobis
1111 895 1314 930 dimittere.

347 955 425 990 Sed
449 953 543 1002 quia
567 952 742 989 avaricia
765 953 859 988 facit
875 965 1014 999 graves
1039 952 1146 988 iuxta
1170 951 1268 987 illud
1285 951 1433 987 Psalmi
1458 953 1528 987 IV0
1556 951 1596 987 3:

287 1012 381 1047 Filii
417 1012 612 1047 hominum
653 1023 769 1059 usqne
806 1023 878 1059 qno
916 1010 1038 1060 gravi
1074 1011 1205 1055 corde,
1239 1017 1279 1045 ut
1312 1010 1403 1058 qnid
1435 1010 1598 1060 diligitis

291 1071 494 1105 vanitatem
529 1077 562 1106 et
592 1070 750 1118 queritis
784 1068 1054 1105 mendacium?
1087 1068 1176 1104 ideo
1200 1067 1428 1104 necessitati
1461 1080 1598 1103 sumus

291 1140 431 1164 cavere
470 1127 687 1164 avariciam
738 1136 774 1163 et
820 1126 1011 1174 amplecti
1057 1135 1338 1174 paupertatem
1388 1127 1597 1162 honestam

238 1188 274 1220 15
290 1186 364 1222 sibi
387 1186 631 1234 oppositam,
667 1187 773 1234 quod
802 1185 969 1232 intelligi
994 1193 1126 1232 potest
1149 1184 1189 1220 in
1212 1184 1281 1220 illo
1305 1186 1427 1220 verbo
1451 1184 1599 1221 Christi

290 1245 500 1292 pendentis
523 1244 562 1280 in
587 1257 704 1280 cruce
725 1243 918 1280 Johannis
943 1244 1064 1287 XIXO,
1093 1243 1160 1279 30:
1191 1243 1507 1278 Consunzmatnnz
1532 1250 1598 1278 est.

288 1303 472 1339 Avaricia
506 1302 609 1339 enim
644 1302 770 1338 nescit
794 1301 1190 1338 consummacionem
1216 1306 1273 1337 (ut
1296 1300 1442 1336 dicitur
1466 1301 1600 1337 Eccle-

288 1360 428 1397 siastes
451 1363 534 1406 VO),
569 1362 637 1396 sed
670 1361 937 1409 profundatus
969 1359 1009 1394 in
1042 1359 1230 1404 avaricia,
1264 1359 1358 1407 quia
1387 1359 1601 1395 frustratur

289 1432 311 1456 a
345 1419 556 1467 proposito
590 1428 626 1454 et
659 1418 863 1467 appetitus
897 1417 1054 1454 acuitur
1086 1419 1133 1453 de
1166 1426 1279 1453 tanto
1313 1417 1440 1465 magis
1474 1426 1601 1453 atten—

232 1490 273 1511 20
290 1477 408 1513 ditur.
445 1479 559 1514 Unde
583 1478 851 1513 recoleremus
887 1478 934 1511 de
959 1475 1098 1524 quinta
1123 1475 1360 1512 condicione
1384 1488 1599 1523 corporum

291 1545 544 1572 mortuorum
571 1536 777 1583 quomodo
800 1533 980 1570 iacencia
1003 1534 1157 1581 integra
1181 1543 1317 1570 carent
1340 1546 1457 1569 sensu
1480 1543 1601 1581 atque

193 1584 274 1654 3533
291 1594 368 1630 divi
398 1591 402 1647 Ι
432 1594 516 1631 ciis.
568 1596 737 1630 Necesse
783 1602 840 1629 est
885 1592 989 1629 enim
1037 1591 1220 1628 homines
1266 1592 1305 1628 in
1346 1604 1506 1639 egressu
1552 1593 1601 1627 de

291 1662 418 1689 matre
452 1652 602 1689 carnali
637 1661 674 1688 et
707 1652 887 1699 ingressu
919 1650 959 1686 in
993 1659 1161 1687 matrem
1196 1659 1302 1686 terre
1335 1662 1474 1698 sapere
1508 1662 1601 1686 con-

290 1710 487 1747 dicionem
522 1710 772 1758 paupertatis
806 1711 984 1753 honeste,
1019 1708 1148 1757 qualis
1182 1708 1254 1744 fuit
1287 1709 1327 1744 in
1359 1717 1465 1744 statu
1489 1707 1601 1744 inno-

233 1771 271 1804 25
289 1770 424 1805 cencie
457 1778 494 1805 et
530 1768 604 1805 erit
638 1768 678 1804 in
710 1777 816 1804 statu
839 1780 919 1815 quo
944 1778 1151 1815 properas.
1189 1768 1281 1803 Ideo
1307 1775 1468 1814 oportet
1493 1768 1600 1814 quod

289 1837 415 1863 status
449 1827 602 1863 medius
636 1825 847 1862 conveniat
881 1838 970 1861 cum
1006 1824 1204 1870 extremis,
1245 1825 1474 1873 specialiter
1509 1837 1598 1860 cum

288 1898 369 1921 non
402 1885 451 1920 sit
484 1885 558 1920 nisi
596 1884 772 1921 medium
808 1885 858 1920 ad
891 1892 1038 1919 statum
1075 1884 1267 1919 futurum.
1303 1884 1395 1918 Ideo
1429 1896 1510 1919 non
1544 1892 1600 1919 est

289 1943 397 1979 utilis
429 1943 504 1979 nisi
539 1945 587 1979 de
620 1951 771 1991 quanto
806 1941 1003 1978 direccius
1027 1940 1181 1977 duxerit
1215 1942 1264 1977 ad
1299 1942 1403 1977 hunc
1437 1949 1599 1976 statum.

291 2003 382 2038 Ideo
417 2001 513 2037 dicit
546 2001 763 2049 Apostolus
796 2002 822 2036 I.
845 2000 950 2037 Tim.
972 2001 1058 2045 V10,
1092 2012 1128 2046 7,
1160 2000 1202 2035 8:
1243 1997 1374 2034 Niclzil
1406 1999 1603 2034 intulimus

233 2064 274 2094 30
290 2060 325 2095 in
358 2060 456 2095 hunc
490 2061 687 2098 mnndum,
721 2059 825 2095 haud
857 2058 1011 2093 dubium
1046 2070 1113 2093 nec
1145 2057 1291 2105 aliquid
1322 2057 1483 2105 auferre
1510 2069 1600 2106 pos-

289 2130 441 2153 sumus:
481 2119 659 2153 habentes
692 2117 817 2167 igitur
848 2116 1029 2152 alimenta
1064 2123 1099 2151 et
1132 2115 1265 2164 quihus
1297 2123 1492 2165 tegamur,
1532 2115 1603 2150 hiis

290 2177 454 2212 contenti
491 2189 634 2213 sumus.
683 2177 765 2211 Hec
811 2183 867 2211 est
907 2173 986 2210 vita
1032 2173 1272 2222 apostolica,
1317 2173 1397 2209 vita
1442 2186 1601 2215 secura:

290 2234 410 2270 aliam
451 2243 585 2270 autem
625 2233 747 2269 vitam
790 2234 1036 2269 mundanam
1078 2232 1347 2280 periculosam
1388 2233 1602 2268 observant

290 2293 489 2329 seculares
529 2301 566 2329 et
604 2291 696 2328 laici
742 2291 782 2327 in
821 2291 965 2339 quibus
1006 2291 1230 2339 periculum
1271 2299 1329 2326 est
1369 2289 1409 2325 in
1448 2299 1603 2338 tempo-

233 2352 273 2385 35
290 2350 435 2387 salium
474 2350 765 2399 adquisicione,
806 2348 1027 2397 periculum
1064 2348 1104 2384 in
1145 2361 1285 2385 eorum
1319 2348 1603 2385 observacione

291 2418 327 2444 et
372 2408 597 2456 periculum
644 2407 683 2444 in
729 2421 869 2444 eorum
915 2406 1146 2443 amissione.
1194 2406 1422 2443 Periculum
1468 2415 1601 2443 autem

292 2479 479 2514 magnum
530 2476 602 2513 est,
647 2479 695 2502 ne
741 2465 992 2514 adquirendo
1038 2464 1202 2501 divicias
1253 2465 1341 2512 quis
1392 2464 1604 2501 iniurietur

291 2524 486 2574 proximo,
533 2527 600 2561 sed
642 2524 768 2572 magis
813 2523 1035 2572 periculum
1077 2532 1133 2559 est
1178 2535 1227 2559 ne
1265 2535 1383 2559 avare
1429 2522 1604 2559 detineat

360 2704 385 2723 ¹2.
412 2695 453 2723 D:
475 2695 647 2732 ἱῘῖτσῐαηιιιε.
790 2694 815 2722 3.
844 2696 890 2722 A:
918 2694 1073 2729 scriplure
1098 2693 1192 2720 deest.
1347 2702 1372 2728 7.
1399 2695 1442 2721 A:
1474 2694 1604 2721 videtur.

290 2731 317 2758 8.
345 2731 386 2758 D:
428 2731 589 2758 'ecci-imus.
715 2738 754 2757 10.
783 2730 856 2757 DG:
882 2730 1004 2756 dimitti.
1131 2737 1164 2755 11.
1193 2728 1217 2755 l)
1247 2728 1276 2755 in
1304 2737 1420 2762 marg:
1446 2729 1604 2756 .›11¹ni·1'c1'n.

290 2766 326 2794 13.
354 2768 382 2794 A
423 2775 429 2792 τ
457 2769 486 2793 et
511 2781 544 2784 -—
568 2765 757 2792 mendacium
784 2765 878 2792 deest.
1006 2772 1046 2795 1!-
1071 2767 1307 2799 paupertatem:
1333 2765 1376 2791 H:
1405 2764 1605 2791 honestatem.

289 2809 334 2828 20.
356 2801 399 2828 G:
426 2801 603 2828 recolemus.
677 2801 721 2826 28.
743 2800 784 2827 D:
811 2800 939 2827 directe.
1013 2806 1060 2832 29.
1082 2798 1123 2825 H:
1152 2798 1315 2833 Apostolus
1340 2799 1383 2825 nti
1406 2799 1604 2825 Timotheum.

288 2836 327 2864 31.
350 2836 394 2863 H:
416 2843 497 2869 erqo.
572 2834 614 2862 32.
637 2835 741 2862 DGH:
761 2835 874 2867 simus;
900 2834 939 2860 ib.
961 2833 1005 2860 H:
1027 2834 1089 2859 in'ln
1110 2833 1204 2860 deest.
1277 2833 1319 2861 35.
1341 2833 1447 2860 AMG:
1468 2834 1605 2869 adquisi-

290 2871 380 2898 cione
400 2871 430 2898 in
452 2878 578 2901 eorum:
601 2870 770 2905 periculum
791 2870 891 2903 dcest;
919 2869 959 2896 ib.
982 2867 1026 2894 G:
1053 2868 1303 2896 conversacione.
1377 2867 1422 2896 36.
1446 2868 1549 2895 lJGH:
1578 2871 1606 2894 e!

290 2906 391 2939 dcem
419 2906 459 2932 ib.
481 2905 523 2933 D:
544 2908 645 2932 autem
666 2905 760 2932 deest.

1807 254 1882 290 335

1646 958 1670 986 5.
1693 958 1753 986 We
1773 963 1856 986 must

1667 994 1786 1020 beware
1806 994 1841 1020 of

1624 1028 1754 1061 avarice,
1776 1028 1878 1055 which

1672 1064 1777 1090 makes
1798 1072 1833 1090 us

1614 1099 1728 1135 always
1746 1099 1776 1125 in
1796 1102 1888 1125 want.
