2062 3276
201 899 239 919 10

200 1178 236 1211 15

193 1758 234 1790 25

257 258 392 286 §linito
411 248 593 305 xxxvia]
738 263 928 303 QUARTA
959 264 1082 295 PARS

258 365 523 413 indigenciam
567 368 835 405 relevandam.
878 370 924 404 Et
965 369 1055 405 hinc
1089 370 1271 406 Christus
1310 384 1390 406 non
1431 372 1567 408 habuit

258 423 495 460 famulatum
521 426 798 474 pompaticum
822 427 883 462 vel
916 435 1176 475 sumptuosos
1209 437 1441 475 apparatus,
1478 442 1566 466 cum

257 494 337 517 non
380 481 435 518 eis
480 482 668 531 indiguit:
715 483 754 520 in
800 485 956 521 deserto
1006 484 1111 521 enim
1166 486 1274 534 pavit
1327 486 1567 523 miraculose

257 539 463 579 familiam.
511 542 683 589 Ipsemet
722 542 817 578 dixit
855 542 1021 578 Gracias
1061 552 1098 579 et
1139 543 1413 592 multipliciter
1453 545 1568 581 mini-

256 597 414 637 stravit:
450 599 629 635 ascendit
662 599 815 636 asinam
851 599 935 636 sine
968 601 1078 637 sella.

314 657 458 701 Quoad
482 657 649 693 tercium
675 659 815 694 eadem
841 667 897 695 est
922 657 1131 696 instancia.
1163 661 1264 696 Nam
1291 660 1565 696 membrorum

255 713 458 761 elegancia
502 714 582 751 sive
620 715 864 762 formositas,
906 717 1029 752 robur
1068 717 1250 766 corporis
1289 718 1370 754 sive
1409 717 1567 766 agilitas

255 780 291 807 et
325 771 516 820 quicquid
555 774 605 809 ad
639 773 798 810 laudem
833 775 882 811 de
914 775 1165 812 naturalibus
1210 777 1404 812 donatum
1448 776 1567 813 fuerit

254 831 303 865 ad
344 830 419 866 hoc
459 831 631 867 donatur
664 840 706 868 ut
740 833 823 869 Deo
864 832 1070 869 humiliter
1102 833 1312 870 serviatur.
1357 835 1503 871 Ymmo
1536 834 1566 871 si

255 888 377 923 robur
423 888 656 934 attenditur,
703 898 784 926 tam
833 902 957 939 equus
1002 903 1122 940 quam
1175 893 1353 929 camelus
1404 905 1565 929 omnem

254 945 458 982 hominem
506 946 658 983 excedit
703 947 742 984 in
788 950 946 985 robore.
993 949 1033 985 Si
1077 950 1322 995 formositas,
1363 962 1454 987 ecce
1494 951 1567 988 flos

254 1003 337 1051 agri
394 1016 556 1041 omnem
608 1005 839 1042 sensitivam
892 1007 1165 1044 substanciam
1227 1008 1267 1044 in
1312 1008 1566 1045 lineamentis

255 1071 464 1110 exsuperat
510 1071 546 1099 et
592 1064 739 1100 colore.
786 1065 878 1101 Ideo
917 1064 992 1101 nisi
1031 1065 1155 1102 virtus
1196 1066 1360 1103 moralis
1394 1066 1566 1114 affuerit,

256 1121 392 1167 quoad
426 1121 502 1157 hoc
534 1121 682 1169 peioris
722 1122 972 1160 condicionis
1013 1132 1070 1160 est
1109 1125 1231 1161 homo
1264 1137 1385 1173 quam
1426 1125 1565 1171 bestia,

254 1177 347 1225 quia
380 1177 420 1214 in
444 1179 716 1217 delectacione
748 1180 936 1218 sensitiva
969 1182 1160 1219 excelsior
1192 1191 1229 1219 et
1262 1184 1310 1220 ad
1344 1196 1488 1232 penam
1524 1196 1567 1220 ex

254 1235 369 1271 donis
421 1237 605 1284 gratuitis
658 1238 894 1287 obligacior.
949 1240 1170 1277 Considera
1224 1253 1317 1289 ergo
1369 1241 1563 1278 vilitatem

253 1293 502 1331 condicionis
536 1296 724 1343 humane,
759 1296 999 1334 intrinsecus
1032 1300 1239 1347 quomodo
1278 1299 1409 1336 omnis
1442 1300 1565 1336 homo

252 1360 309 1388 est
335 1364 475 1389 saccus
508 1362 744 1400 stercorum,
780 1355 1025 1393 extrinsecus
1057 1358 1279 1403 dealbatus,
1315 1366 1351 1394 et
1384 1359 1492 1406 quod
1526 1357 1565 1394 in

252 1410 431 1458 quolibet
466 1413 647 1448 membro
672 1413 849 1450 Kalende
884 1415 1025 1451 mortis
1050 1414 1269 1452 distancius
1293 1416 1353 1452 vel
1377 1416 1565 1464 proprius

252 1467 523 1516 assignantur3
558 1479 594 1506 et
618 1470 778 1519 applica
811 1471 894 1508 istis
928 1474 1081 1509 duabus
1115 1473 1321 1522 premissis
1355 1475 1565 1511 horrorem

252 1535 289 1563 et
340 1527 543 1564 feditatem
598 1529 752 1577 mortis,
805 1538 846 1566 ut
896 1531 956 1567 vel
1000 1531 1056 1568 sic
1101 1544 1335 1580 compescas
1379 1532 1562 1569 fallacem

252 1584 566 1633 pulcritudinem
600 1595 666 1623 tue
700 1587 843 1625 carnis,

310 1644 453 1688 Quoad
498 1654 685 1692 quartum
733 1655 843 1694 patet
887 1648 995 1695 quod
1041 1657 1237 1696 repugnat
1291 1647 1465 1697 aliquem
1520 1661 1562 1686 ex

250 1701 395 1737 virtute
431 1702 574 1739 morali
598 1705 771 1752 superbe
794 1713 1031 1751 tumescere,
1067 1705 1161 1754 quia
1194 1705 1227 1742 si
1251 1706 1376 1743 fastus
1401 1706 1563 1743 infuerit

250 1760 362 1796 abest
385 1759 524 1806 virtus,
549 1763 657 1809 quod
680 1761 711 1798 si
734 1762 823 1810 quis
846 1775 888 1799 ex
913 1763 1087 1800 sciencia
1111 1773 1167 1801 est
1190 1764 1352 1801 inflatus
1382 1767 1561 1801 nondum

251 1818 455 1865 cognoscit
500 1821 707 1867 quomodo
752 1830 938 1868 oporteat
983 1821 1113 1870 ipsum
1158 1822 1278 1864 scire:
1324 1835 1366 1859 ex
1411 1824 1563 1860 habun-

250 1875 431 1912 danciori
480 1877 584 1913 enim
630 1878 802 1915 sciencia
848 1888 905 1915 est
950 1880 1072 1916 homo
1119 1882 1202 1917 Deo
1254 1880 1476 1928 obligacior
1520 1891 1563 1918 ut

251 1933 437 1981 proficiat
476 1935 642 1972 ecclesie
683 1936 884 1973 militanti.
927 1939 1020 1974 Ideo
1059 1937 1091 1974 si
1125 1940 1237 1975 adest
1270 1939 1341 1975 tibi
1375 1938 1561 1987 sciencia,

249 1991 331 2027 noli
372 1992 519 2038 extolli,
560 1995 628 2030 sed
669 2006 763 2031 cave
801 2007 850 2031 ne
891 1994 931 2031 in
968 2008 1139 2032 vacuum
1180 1996 1350 2045 recipias
1384 1997 1561 2045 graciam

251 2049 321 2085 Dei
359 2049 430 2096 tui,
471 2052 539 2087 sed
584 2053 634 2088 da
679 2053 911 2089 thesaurum
949 2053 1111 2090 Domini
1156 2054 1228 2091 tibi
1269 2054 1466 2092 creditum
1513 2057 1562 2092 ad

248 2120 426 2155 usuram,
466 2121 516 2145 ne
554 2121 597 2146 ex
635 2111 840 2159 superfluo
880 2111 1073 2160 sapientis
1104 2112 1268 2149 nomine
1300 2114 1445 2150 stultus
1478 2114 1561 2150 fias.

249 2167 406 2203 Moveat
451 2167 577 2204 eciam
623 2170 730 2216 quod
775 2170 1073 2217 quantumlibet
1112 2170 1271 2219 sapiens
1318 2171 1381 2208 hic
1421 2171 1462 2208 in
1500 2172 1562 2209 via

249 2223 621 2273 incomparabiliter
644 2227 759 2275 plura
793 2227 950 2275 ignorat
973 2241 1094 2276 quam
1121 2229 1307 2266 distincte
1337 2230 1561 2278 cognoscin

248 2281 339 2318 ideo
384 2283 415 2319 si
455 2283 539 2331 ipse
579 2285 749 2321 attendit
787 2286 889 2322 sicut
927 2286 995 2322 alii
1040 2289 1241 2335 portando
1286 2287 1560 2336 ignoranciam

191 2343 224 2375 Γ.
248 2339 302 2376 ita
335 2353 509 2388 gravem,
543 2342 757 2380 scienciam
792 2352 925 2380 autem
961 2357 1132 2392 paucam
1167 2354 1203 2382 et
1232 2346 1409 2392 labilem,
1444 2348 1563 2383 habet

249 2407 462 2445 cognatam
488 2400 701 2437 materiam
725 2402 1039 2439 occasionaliter
1054 2403 1299 2451 reprimendi
1316 2405 1560 2454 superbiam.

306 2457 448 2501 Quoad
495 2460 676 2507 exempla
714 2459 802 2497 vide
843 2460 1126 2508 responsiones
1161 2461 1308 2498 Christi
1354 2465 1562 2510 quomodo

248 2514 461 2563 utrobique
495 2517 656 2553 retorsit
690 2518 884 2555 honorem
919 2528 955 2555 et
990 2519 1149 2556 laudem
1184 2520 1316 2568 operis
1341 2523 1425 2557 Deo
1455 2521 1562 2558 Patri

248 2682 256 2686 -
317 2657 336 2675 1.
358 2649 571 2683 relevandam:
595 2651 638 2679 H:
658 2653 854 2688 plenmzdam.
929 2662 954 2681 2.
978 2654 1020 2681 H:
1042 2658 1105 2682 azct.
1179 2664 1207 2689 4.
1230 2655 1445 2691 H:f61mil1'am
1464 2665 1558 2684 suam.

246 2690 269 2710 3.
291 2684 334 2710 A:
362 2685 447 2712 cella.
548 2686 575 2713 6.
597 2686 621 2713 D
643 2687 673 2714 in
695 2696 809 2722 marg:
828 2697 862 2723 3.
892 2689 979 2716 Bona
1000 2690 1169 2717 naturalia.
1267 2699 1307 2725 xo,
1330 2699 1363 2718 11.
1388 2692 1430 2718 H:
1458 2700 1561 2719 omncs

245 2719 388 2746 homines.
462 2728 500 2747 12.
522 2720 565 2748 H:
585 2721 787 2750 substanciam
807 2726 855 2756 et,·
875 2723 915 2750 ib.
932 2724 1040 2751 codd.:
1061 2725 1257 2752 liviamentis.
1331 2725 1368 2753 12³.
1384 2727 1428 2754 A:
1450 2728 1559 2754 colere.

247 2752 282 2780 15.
304 2754 348 2780 A:
370 2753 561 2785 deleccione:
585 2756 625 2782 ib.
647 2757 691 2784 A:
717 2765 777 2785 non
799 2759 971 2787 excelsior:
997 2759 1041 2786 H:
1070 2760 1282 2787 arcellencz'or.
1357 2762 1397 2788 113.
1420 2762 1463 2788 A:
1485 2762 1558 2788 ohli-

245 2789 405 2825 gatirimy·
430 2789 470 2816 ib.
493 2790 533 2817 1):
561 2791 670 2825 igitur.
804 2799 845 2825 10.
866 2795 911 2820 A:
940 2794 1094 2821 kalt-ndns.
1226 2802 1270 2821 20.
1292 2796 1337 2823 A:
1364 2797 1555 2832 assignatur.

246 2821 288 2849 21³.
312 2823 334 2849 Ι)
357 2823 384 2850 in
408 2832 521 2857 marg:
549 2832 580 2858 4.
655 2834 701 2859 21.
724 2826 797 2854 DC:
823 2828 974 2862 superbie.
1048 2829 1089 2856 25.
1113 2828 1156 2856 G:
1179 2838 1216 2857 ex
1236 2831 1337 2861 deest:
1366 2831 1407 2857 H:
1428 2839 1483 2858 ,vua
1504 2835 1556 2857 ατί.

246 2857 291 2884 243.
309 2857 351 2884 G:
373 2867 438 2885 eum
452 2860 541 2886 scire.
597 2867 640 2893 27.
658 2861 700 2888 H:
722 2862 802 2888 enim
822 2862 922 2893 deest:
945 2863 983 2890 ib.
1000 2863 1042 2890 H:
1065 2864 1147 2899 quod
1166 2868 1210 2891 ext
1229 2866 1329 2891 lnmm.
1387 2874 1432 2896 21).
1456 2866 1499 2892 H:
1521 2874 1558 2892 ne

245 2892 340 2918 deest.
397 2892 441 2920 30.
465 2894 508 2920 H:
530 2895 577 2921 lui
595 2895 694 2927 deest:
717 2896 755 2923 ib.
773 2897 847 2924 AG:
870 2898 982 2924 domim
1003 2899 1076 2927 libi.-
1096 2899 1138 2925 l›:
1160 2900 1207 2926 tui
1270 2899 1308 2926 31.
1330 2901 1374 2927 A:
1396 2901 1557 2935 sapienta.

1634 668 1658 696 3.
1680 669 1807 698 Natural

1613 705 1716 741 bodily
1738 707 1819 741 gil'ts.

1627 739 1743 773 (These
1764 750 1813 769 are

1613 783 1690 809 poor
1711 781 1739 802 at
1762 777 1825 804 best

1609 810 1667 836 and
1690 819 1740 838 are
1761 813 1832 847 only

1595 844 1655 871 lent
1676 846 1724 873 sor
1745 847 1844 874 God's

1647 881 1785 915 service).

1596 1660 1625 1685 4.
1647 1651 1754 1679 virtue
1776 1651 1834 1678 and

1621 1687 1812 1721 knowledge.

1593 1721 1712 1755 (Virtne
1732 1722 1800 1748 sails
1821 1721 1846 1748 it'

1597 1765 1642 1783 wc
1662 1765 1712 1783 are
1734 1757 1833 1790 prond

1596 1792 1630 1818 of
1647 1791 1679 1824 it,
1700 1791 1758 1818 and
1781 1799 1837 1818 our

1606 1827 1786 1860 knowledge
1806 1826 1831 1852 is

1613 1869 1685 1897 very
1707 1862 1818 1894 small).
