2062 3276
255 266 390 294 SERMt)
411 257 565 313 xxxxi}
737 272 925 310 QUARTA
957 273 1080 304 PARS.

255 388 297 411 ex
332 376 406 412 hoc
440 377 548 424 quod
583 378 697 413 beata
731 377 841 425 virgo
875 390 917 414 ex
943 377 1168 414 humilitate
1202 388 1243 414 ut
1277 392 1346 427 per
1379 392 1419 415 se
1444 392 1567 416 causa

254 432 399 469 meruit
445 434 657 482 concipere
698 435 902 471 Christum
950 435 1184 481 carnaliter3
1230 436 1318 472 ideo
1362 438 1568 474 servancia

252 491 360 527 verbi
395 491 541 528 Christi
576 493 622 528 de
657 492 884 529 humilitate
917 502 975 529 est
999 493 1178 541 gestione
1202 494 1352 530 carnali
1386 504 1566 542 prestan-

254 548 351 594 cior,
387 561 477 586 cum
502 549 646 586 virtute
679 550 799 598 primi
824 559 1041 599 conceptus
1066 551 1214 588 Christi
1248 551 1288 587 in
1313 562 1442 589 mente
1476 565 1567 589 con-

253 606 356 655 cepit
397 607 598 644 Christum
635 603 639 660 Ι
675 607 714 644 in
763 621 894 648 carne,
943 609 1034 646 ideo
1069 619 1286 658 conceptus
1332 610 1567 658 spiritualis,

250 664 396 701 virtute
438 665 549 701 cuius
583 678 652 714 per
691 678 731 702 se
771 666 998 715 adquiritur
1038 667 1245 704 beatitudo
1285 676 1322 704 et
1360 677 1419 704 est
1453 668 1569 705 meri·

251 722 377 759 torius
401 733 619 772 conceptus
643 724 827 769 carnalis,
853 733 910 761 est
934 724 1148 773 posteriori
1172 725 1439 774 prestancior.
1465 727 1568 763 Con-

252 780 435 817 firmatur
468 793 511 818 ex
559 782 633 818 hoc
666 783 773 831 quod
819 795 909 818 cum
944 783 1190 831 cognacione
1233 783 1385 820 carnali
1420 784 1567 821 Christi

250 847 327 875 stat
360 839 616 887 dampnacio‚
650 853 731 877 non
765 849 897 877 autem
942 853 1032 877 cum
1067 841 1313 889 cognacione
1352 841 1566 890 spirituali,

198 895 340 933 ioideo
372 896 474 933 sicut
507 897 643 934 anima
675 907 732 935 est
766 911 934 947 corpore
968 899 1231 948 prestancior,
1267 900 1323 937 sic
1347 899 1567 948 spiritualis

251 954 446 1003 cognacio
480 955 698 1004 corporali.

307 1015 355 1049 Et
388 1013 462 1050 hoc
495 1014 611 1050 docet
644 1013 827 1051 Christus
859 1015 1028 1052 Matthei
1060 1017 1164 1063 X110,
1198 1028 1265 1063 47,
1306 1017 1467 1064 quando
1501 1029 1566 1052 oc-

161 586 236 617 Fol.

155 633 234 663 '’123“

1781 267 1855 313 307

1609 1022 1742 1049 Christ's
1763 1027 1829 1050 true

1614 1057 1755 1085 brethren
1777 1065 1827 1084 are

251 1080 396 1119 cupato
430 1071 536 1108 circa
568 1072 889 1120 predicacionem
924 1072 1033 1109 verbi
1065 1073 1136 1110 Dei
1157 1073 1272 1110 Judei
1305 1072 1669 1122 inproperanttllose
1690 1093 1760 1119 who
1781 1093 1859 1119 obex·

250 1129 446 1166 dicentes:
479 1130 581 1166 Ecce
612 1138 738 1166 mater
769 1138 833 1166 tua
867 1138 902 1167 et
930 1132 1090 1180 fratres
1121 1132 1178 1167 tui
1197 1131 1309 1181 soris
1342 1139 1444 1168 stant
1477 1144 1565 1181 que-

197 1190 233 1223 15
250 1195 377 1224 rentes
419 1195 465 1224 te.
513 1187 668 1234 Quibus
712 1187 796 1237 ipse
843 1188 1050 1237 signanter
1095 1189 1304 1238 respondit
1349 1191 1566 1226 extendens

250 1258 391 1282 manus
437 1245 476 1282 in
515 1246 732 1295 discipulos
778 1246 931 1283 dicens:
983 1248 1206 1297 Quicunque
1233 1248 1380 1297 fecerit
1432 1248 1565 1284 volun-

249 1310 364 1340 tatem
384 1304 513 1354 patris
535 1305 611 1340 mei
631 1305 695 1353 qui
723 1305 758 1340 in
782 1305 872 1341 celis
905 1312 972 1351 est,
1005 1305 1084 1355 ipse
1117 1318 1222 1342 meus
1233 1307 1374 1355 frater
1396 1314 1430 1342 et
1451 1318 1568 1342 soror

249 1368 284 1397 et
316 1369 442 1398 mater
473 1370 539 1398 est.
577 1364 679 1399 Ecce
711 1364 917 1411 quomodo
951 1363 1094 1411 triplex
1128 1363 1410 1400 confederacio
1450 1363 1568 1412 spiri-

249 1419 367 1456 tualis
391 1433 476 1457 sese
501 1432 750 1469 consequens
775 1430 833 1457 est
858 1421 1103 1469 cognacione
1128 1421 1278 1458 carnali
1302 1422 1566 1470 prestancior.

192 1476 375 1514 20A1iter
420 1478 524 1514 enim
572 1478 754 1515 Christus
804 1479 894 1527 plus
938 1480 988 1515 ad
1023 1480 1225 1516 carnalem
1261 1481 1486 1516 attenderet
1531 1488 1568 1516 et

249 1547 320 1584 per
354 1548 604 1585 consequens
648 1537 790 1573 fratres
838 1537 1019 1574 carnales
1063 1537 1206 1586 pocius
1252 1538 1419 1574 heredes
1457 1537 1567 1585 regni

248 1593 307 1630 sui
341 1602 546 1640 statueret,
586 1596 694 1643 quod
733 1595 913 1632 noscitur
952 1608 1036 1632 esse
1073 1595 1232 1642 falsum,
1270 1597 1358 1633 Joh.
1392 1598 1494 1642 V110‚
1533 1596 1566 1641 5,

248 1651 316 1688 ubi
363 1661 472 1700 patet
516 1653 658 1689 fratres
704 1654 883 1690 carnales
928 1653 1004 1690 nisi
1049 1653 1339 1703 adquisiverint
1383 1654 1568 1691 fraterni-

249 1718 373 1747 tatem
407 1709 660 1759 spiritualem
707 1724 791 1748 esse
825 1712 1120 1760 dampnandos.
1167 1713 1236 1748 Ille
1271 1724 1365 1760 ergo
1406 1725 1450 1748 ex
1483 1714 1566 1748 Deo

191 1771 232 1804 25
249 1776 306 1805 est
340 1768 407 1817 qui
440 1768 592 1805 semine
626 1769 718 1805 fidei
752 1778 789 1806 et
811 1769 947 1817 gracia
971 1770 1119 1807 Christi
1149 1770 1336 1819 gignente
1370 1782 1414 1807 ex
1438 1779 1566 1807 matre

249 1826 417 1863 ecclesia
452 1826 494 1863 fit
528 1826 599 1863 Dei
633 1827 737 1863 filius
770 1827 998 1876 adoptivus.

306 1885 384 1921 Sed
422 1886 556 1933 quoad
590 1884 759 1921 tercium
794 1887 1019 1922 notandum
1059 1887 1167 1934 quod
1202 1888 1322 1922 verba
1368 1885 1564 1934 scripture

248 1954 359 1979 sacre
392 1951 429 1979 et
462 1942 690 1990 specialiter
723 1944 860 1980 decem
896 1944 1086 1980 mandata
1116 1944 1297 1992 decalogi
1330 1953 1421 1980 sunt
1444 1945 1564 1981 verba

248 1999 320 2036 Dei
361 2008 398 2037 et
437 2000 632 2037 falsitates
679 2000 733 2037 eis
774 2001 975 2038 contrarie
1014 2010 1106 2038 sunt
1149 2003 1270 2038 verba
1312 2001 1476 2047 diaboli,
1522 2011 1564 2038 ut

191 2062 232 2094 30
247 2060 353 2094 Deus
392 2058 489 2094 dicit
528 2058 569 2094 in
607 2058 740 2107 primo
783 2063 974 2096 mandato
1014 2059 1143 2108 prime
1176 2061 1309 2097 tabule
1343 2061 1450 2108 quod
1492 2072 1564 2096 non

246 2116 429 2152 adorabis
468 2116 529 2152 vel
560 2117 701 2167 diliges
722 2118 856 2166 falsos
888 2118 994 2154 Deos
1025 2119 1094 2154 sed
1127 2118 1257 2155 solum
1291 2130 1331 2155 se
1363 2118 1424 2154 vel
1456 2117 1565 2154 aliud

247 2173 286 2210 in
318 2174 458 2210 ordine
491 2175 540 2211 ad
573 2174 699 2211 illum.
734 2175 929 2212 Diabolus
962 2184 1095 2212 autem
1131 2184 1295 2213 econtra
1329 2175 1425 2212 dicit
1457 2177 1566 2224 quod

246 2232 435 2269 adorabis
468 2244 556 2268 eum
582 2241 619 2269 et
652 2232 793 2281 diliges
817 2233 1039 2270 mundialia
1073 2246 1149 2283 que
1171 2233 1280 2271 vides
1313 2235 1364 2270 ad
1388 2234 1565 2279 oculum,

247 2302 337 2326 cum
382 2290 422 2326 in
467 2290 564 2338 ipsis
597 2290 780 2327 consistit
813 2293 962 2328 bonum
1004 2291 1226 2341 palpabile;
1266 2291 1332 2328 ille
1371 2304 1464 2340 ergo
1498 2291 1566 2340 qui

190 2350 229 2383 35
247 2347 509 2397 principalius
554 2357 591 2385 et
630 2348 847 2386 sollicicius
893 2351 1050 2387 laborat
1096 2350 1202 2387 circa
1235 2349 1489 2398 temporalia,
1524 2358 1566 2385 ut

316 2513 340 2532 2.
362 2505 406 2532 H:
433 2505 644 2533 observancia.
717 2505 742 2533 3.
764 2506 808 2533 H:
830 2514 868 2534 ex
886 2507 1030 2542 gestione
1050 2510 1110 2539 esu
1132 2507 1256 2534 carnali
1273 2507 1367 2535 deest.
1442 2515 1467 2541 7.
1490 2508 1563 2535 Ab:

241 2540 417 2575 posteriori
435 2540 529 2567 deest.
612 2549 652 2567 io.
674 2540 719 2568 H:
740 2549 797 2576 que
816 2549 950 2576 corpore
970 2545 1021 2569 est.
1103 2550 1136 2569 ιι,
1158 2541 1232 2569 DG:
1260 2543 1399 2574 carnali:
1426 2542 1466 2569 ib.
1490 2542 1513 2568 Ι)
1535 2542 1563 2569 in

247 2583 333 2609 marg
354 2585 360 2602 ε
394 2574 553 2612 Cognacio
578 2575 754 2610 spiritualis
780 2579 824 2603 est
847 2577 972 2604 carnali
985 2577 1185 2611 prestancior
1203 2577 1281 2604 sicut
1299 2577 1402 2604 anima
1423 2585 1476 2604 cor
1490 2585 1564 2604 ore.

247 2617 286 2644 12,
308 2609 345 2638 13.
370 2609 412 2636 G:
441 2610 617 2644 occupacio.
692 2618 730 2645 ¹7-
751 2610 795 2637 H:
814 2610 926 2646 frater
944 2619 1047 2638 soror.
1121 2619 1163 2645 ιι).
1186 2611 1229 2638 G:
1256 2620 1322 2639 sese
1341 2612 1442 2644 deest;
1483 2615 1512 2638 J:
1533 2620 1566 2638 se

244 2652 383 2680 sequens.
475 2651 518 2671 22.
540 2644 613 2672 I)G:
639 2648 795 2676 statueret,
817 2646 866 2672 vel
884 2646 968 2681 quod
985 2653 1045 2673 non
1066 2649 1112 2673 est
1130 2654 1244 2677 verum,
1265 2650 1298 2673 ut
1312 2649 1399 2682 patet
1417 2647 1484 2674 Jolz.
1509 2646 1564 2677 ῑ·ἸΙ,

245 2680 329 2714 quod
347 2679 485 2706 noscitur
503 2687 587 2711 esse;
607 2679 646 2706 ib.
668 2679 710 2707 D:
732 2688 796 2707 ess-e
806 2679 920 2715 filium.
983 2687 1029 2715 29.
1051 2681 1094 2707 A:
1117 2681 1147 2708 in
1168 2682 1336 2708 contrarie.
1399 2680 1444 2708 30.
1467 2682 1511 2708 A:
1533 2681 1564 2708 in

246 2715 347 2775 Eleos&
382 2714 478 2775 itudl)
508 2714 538 2741 in
569 2722 682 2749 marg:
715 2714 797 2749 Quid
824 2719 869 2742 est
898 2716 1019 2742 verbum
1049 2715 1108 2742 Dei
1133 2719 1162 2743 et
1186 2715 1261 2750 quid
1287 2716 1407 2743 verbum
1437 2716 1563 2743 dllilvoli.

267 2757 286 2776 1.
347 2758 352 2775 ε
374 2757 407 2775 se
450 2753 522 2776 cest.

322 2843 370 2875 113.
403 2843 521 2875 Matth.
547 2844 617 2883 XII,
646 2843 698 2875 50.
809 2846 861 2877 30.
890 2846 1009 2887 Vulg:
1048 2846 1125 2877 Non
1154 2845 1291 2878 habetis
1317 2846 1402 2878 deos
1428 2846 1564 2878 allenos

248 2900 371 2922 coram
403 2901 465 2922 me.
495 2891 602 2921 Exod.
629 2891 699 2929 XX,
728 2892 757 2922 3.

1362 2951 1432 2980 20³4

1677 1127 1760 1155 Him.

1586 1889 1653 1917 The
1673 1890 1855 1917 command-

1657 1929 1774 1952 ments:

1615 1967 1636 1986 1.
1656 1959 1705 1987 To
1726 1960 1820 1987 adore

1632 1994 1701 2022 God
1724 1995 1806 2030 only.
