2062 3276
199 251 334 279 scano
356 240 478 297 xcix]
675 253 867 292 QUARTA
895 253 1021 284 PARs.

201 360 452 396 inordinatas
504 359 636 396 anime
694 359 913 408 passiones,
975 358 1069 406 quia
1122 359 1238 394 dolor
1289 358 1516 395 amissionis

201 418 486 466 temporalium
521 430 715 466 superans
749 418 929 453 dolorem
964 415 1087 452 alium
1124 416 1332 452 manifeste
1367 415 1518 453 indicat

201 477 308 524 quod
347 475 468 512 trium
510 477 707 512 bonorum
747 474 899 511 scilicet
931 474 1105 520 fortune,
1141 483 1283 510 nature
1316 483 1353 510 et
1385 474 1518 521 gracie

202 535 288 582 plus
321 547 518 572 amamus.

168 595 184 627 5
259 593 460 628 Debemus
499 600 632 628 autem
673 603 716 627 ex
748 590 784 627 vi
817 589 937 638 primi
970 589 1150 638 precepti
1189 589 1389 625 infinitum
1431 590 1520 638 plus

201 663 336 687 amare
376 652 504 686 Deum
546 658 582 686 et
622 661 693 697 per
731 661 981 697 consequens
1021 649 1126 684 bona
1165 647 1357 684 virtutum
1398 660 1518 696 quam

200 707 336 744 omnia
362 713 465 745 bona
487 706 729 755 temporalia
751 707 811 743 vel
834 706 1035 743 naturalia
1058 706 1121 742 hic
1145 718 1218 754 pro
1242 705 1316 742 via.
1349 707 1520 751 Quando

202 779 295 814 ergo
340 767 427 814 plus
472 766 656 802 dolemus
701 778 774 813 pro
820 764 1039 801 amissione
1076 763 1363 812 temporalium
1397 776 1517 812 quam

201 837 273 872 pro
319 823 534 860 amissione
575 825 774 859 bonorum
814 822 959 870 gracie,
996 822 1204 859 manifeste
1244 821 1519 859 convincimus

149 882 469 930 1onosmetipsos
508 894 644 918 amare
682 881 924 929 temporalia
957 881 1045 929 plus
1078 893 1198 929 quam
1235 882 1377 927 Deum,
1412 881 1519 928 quod

203 950 260 977 est
293 949 502 988 peccatum
538 939 833 988 gravissimum.

261 999 404 1044 Quoad
428 999 648 1034 secundum
673 1006 783 1046 patet
807 998 1013 1045 quomodo
1037 998 1229 1033 debemus
1262 997 1351 1044 plus
1385 996 1521 1032 dolere

203 1058 250 1093 de
300 1057 415 1104 lapsu
467 1055 637 1104 proximi
683 1055 721 1091 in
767 1064 976 1104 peccatum
1028 1067 1149 1103 quam
1196 1056 1244 1090 de
1288 1053 1520 1102 perdicione

203 1114 384 1151 omnium
431 1123 661 1151 nostrorum
709 1113 1012 1162 temporalium.
1066 1115 1154 1149 Hoc
1194 1112 1297 1148 enim
1340 1112 1521 1149 Christus

150 1175 187 1207 15
204 1172 455 1221 exemplavit,
491 1181 527 1209 et
561 1172 819 1209 conservacio
852 1173 1051 1208 bonorum
1085 1170 1242 1207 virtutis
1275 1170 1316 1206 in
1339 1170 1521 1218 proximo

203 1232 305 1267 foret
348 1230 465 1267 nobis
511 1230 648 1267 utilius
692 1239 728 1266 et
767 1231 856 1278 plus
892 1229 1252 1274 commodiferum;
1292 1237 1329 1265 et
1367 1228 1407 1264 in
1446 1228 1522 1264 isto

205 1297 373 1337 peccato
407 1289 588 1337 quamvis
622 1288 724 1336 lapsi
748 1288 825 1324 sint
848 1287 952 1333 laici,
987 1296 1122 1323 tamen
1146 1286 1280 1324 clerici
1312 1296 1349 1323 et
1372 1286 1524 1335 specia-

166 1394 169 1398 Α
204 1347 296 1384 liter
328 1347 472 1395 prelati
497 1355 589 1383 sunt
612 1359 633 1383 a
657 1348 741 1382 Deo
766 1355 802 1383 et
827 1345 989 1382 homine
1013 1346 1100 1393 plus
1131 1345 1334 1393 culpandi.
1368 1346 1524 1381 Debent

206 1405 311 1442 enirn
353 1405 486 1442 clerici
526 1404 733 1452 invigilare
773 1406 822 1440 ad
862 1404 1141 1440 instruendum
1176 1403 1357 1440 subditos
1389 1403 1430 1439 in
1461 1402 1524 1439 via

151 1463 399 1500 zovirtutum
440 1472 477 1500 et
515 1464 565 1499 ad
605 1464 834 1499 docendum
876 1475 942 1498 eos
981 1461 1106 1498 vitare
1146 1463 1194 1498 de
1231 1461 1294 1498 via
1326 1461 1522 1498 viciorum

207 1521 334 1559 eciam
380 1521 579 1557 infinitum
624 1521 713 1569 plus
757 1533 878 1569 quam
925 1521 974 1556 ad
1014 1521 1275 1556 commodum
1315 1519 1523 1568 proprium

207 1579 448 1628 temporalia
493 1578 788 1627 adquirendum
836 1587 873 1614 et
916 1590 987 1626 per
1031 1590 1282 1626 consequens
1322 1577 1523 1613 infinitum

207 1640 296 1687 plus
329 1637 523 1686 castigare
557 1646 593 1674 et
626 1637 769 1685 punire
792 1636 974 1673 subditos
998 1649 1071 1684 pro
1095 1638 1201 1672 bono
1225 1635 1382 1672 virtutis
1407 1635 1446 1671 in
1470 1635 1524 1671 eis

208 1696 447 1733 stabiliendo
478 1704 515 1732 et
546 1696 651 1732 malo
674 1694 765 1732 vicii
796 1694 1021 1743 effugando,
1056 1707 1176 1743 quam
1207 1708 1280 1743 pro
1310 1693 1524 1742 temporali

151 1756 191 1789 25
209 1755 425 1792 commodo
444 1753 713 1803 adquirendo3
738 1754 846 1802 quod
865 1753 895 1789 si
911 1752 1194 1801 postponimus
1214 1754 1317 1789 hunc
1341 1752 1524 1788 ordinem

208 1813 378 1850 fovendo
411 1812 512 1849 vicia
555 1824 627 1860 pro
661 1811 832 1860 pecunia
871 1823 991 1859 quam
1031 1811 1119 1859 plus
1158 1810 1359 1858 diligimus
1404 1823 1524 1858 quam

208 1871 387 1916 virtutes,
420 1870 520 1906 nulli
553 1878 644 1906 sunt
668 1882 882 1918 regnorum
907 1868 1032 1916 magis
1056 1868 1270 1917 periculosi
1300 1868 1526 1917 proditores

208 1930 270 1966 vel
309 1930 414 1978 apud
454 1931 581 1964 Deum
622 1936 658 1964 et
697 1927 881 1964 homines
921 1927 1046 1975 magis
1093 1926 1274 1963 odibiles.
1328 1928 1370 1962 In
1415 1926 1526 1962 cuius

210 1987 367 2036 signum
392 1987 574 2023 Christus
597 1987 758 2035 quando
786 1985 893 2022 flevit
922 1994 1088 2033 peccata
1109 1985 1343 2031 Jerusalem,
1378 1986 1525 2021 docens

138 2046 318 2094 mm'quod
368 2044 504 2081 omnia
558 2044 624 2081 illa
658 2041 662 2094 Ι
698 2052 902 2080 traxerunt
949 2043 1144 2091 originem
1196 2044 1244 2079 ab
1295 2043 1527 2079 inordinata

210 2103 428 2140 affeccione
466 2102 751 2151 temporalium
791 2103 1047 2138 sacerdotum
1087 2101 1222 2137 statim
1263 2110 1353 2149 post
1387 2101 1525 2137 fletum

211 2161 377 2199 accessit
412 2163 461 2198 ad
496 2161 693 2209 templum
734 2170 770 2196 et
810 2159 992 2196 eiciendo
1024 2160 1241 2196 vendentes
1281 2168 1318 2195 et
1351 2168 1527 2195 ementes

212 2220 251 2256 in
280 2220 430 2268 templo
466 2219 619 2256 dicens:
653 2220 805 2255 Domus
838 2231 919 2254 mea
954 2219 1091 2254 domus
1123 2218 1314 2254 oracionis
1346 2225 1413 2255 est.
1455 2218 1529 2253 Vos

211 2286 336 2314 autem
365 2278 522 2327 fecistis
559 2290 641 2314 eam
680 2277 901 2326 speluncam
935 2277 1144 2319 latronum,
1183 2289 1228 2312 ac
1269 2276 1299 2311 si
1342 2275 1381 2311 in
1422 2276 1527 2312 facto

154 2338 194 2371 35
212 2336 360 2372 diceret
393 2337 612 2372 secundum
648 2336 1004 2383 Cbrysostornum:
1038 2335 1118 2370 Vos
1158 2335 1386 2371 sacerdotes
1426 2346 1527 2370 mer-

214 2403 349 2430 cantes
383 2393 597 2442 dignitates
639 2393 804 2430 ecclesie
839 2392 1118 2441 empcionibus
1157 2401 1193 2429 et
1225 2391 1527 2428 vendicionibus

213 2451 444 2489 simoniacis
485 2461 521 2488 et
561 2453 737 2488 secundo
777 2450 1034 2499 negociantes
1076 2463 1149 2498 pro
1189 2460 1332 2499 questu
1372 2459 1529 2498 tempo-

281 2598 304 2625 5.
321 2598 364 2625 H:
384 2601 485 2625 aulem
500 2614 528 2617 —
542 2599 613 2633 plus
633 2597 733 2626 deest:
755 2598 794 2625 ib.
817 2597 987 2632 infinitum:
1007 2598 1052 2624 A:
1075 2598 1104 2624 in
1116 2596 1230 2631 filium.
1300 2597 1326 2624 ὁ.
1344 2598 1387 2624 A:
1409 2597 1527 2624 bonum.

213 2642 237 2667 7.
253 2633 294 2659 I):
310 2633 387 2660 bona
403 2633 503 2662 deest:
518 2632 558 2659 ib.
572 2632 645 2659 DG:
663 2633 692 2659 in
708 2633 767 2659 via.
825 2632 983 2660 10.AI›G:
1000 2641 1056 2659 nos
1069 2640 1185 2658 amare.
1242 2639 1279 2658 12.
1294 2631 1336 2658 l-l:
1362 2632 1419 2658 ’lus
1433 2632 1526 2659 deest.

213 2667 250 2695 13.
273 2669 316 2694 A:
338 2668 425 2703 lapsu
445 2667 543 2694 twice.
601 2675 640 2694 17.
656 2667 698 2694 D:
719 2670 798 2694 sunt.
857 2667 1019 2701 19.1)GH:
1042 2667 1120 2694 enim
1140 2666 1234 2693 deest.
1291 2674 1333 2693 22.
1388 2677 1393 2693 :
1415 2670 1528 2702 tempo-

213 2702 337 2730 mltum.
405 2701 448 2730 23.
469 2703 514 2729 A:
534 2702 671 2729 subdizos
692 2702 786 2730 deest.
854 2701 898 2737 37.
920 2702 993 2729 DG:
1016 2705 1044 2729 et
1064 2701 1179 2734 te1·ci0,·
1200 2701 1244 2728 H:
1266 2702 1363 2728 eciam
1383 2702 1527 2729 secundo.

285 2788 337 2820 33.
365 2785 483 2817 Matth.
509 2787 596 2825 XXI,
620 2787 676 2825 133
706 2787 819 2818 Lucae
845 2786 933 2826 XIX,
959 2785 1014 2827 46.
1113 2784 1166 2818 35.
1194 2785 1469 2828 Chrysostomus
1495 2786 1528 2816 in

215 2832 334 2922 INlagtE)
368 2833 472 2864 Hom.
506 2833 640 2864 LXVII.
673 2833 766 2874 Opp.
794 2840 879 2864 tom.
898 2833 970 2872 Vll,
1006 2842 1083 2874 pag.
1110 2831 1174 2874 745
1195 2830 1254 2873 (?);
1282 2832 1338 2871 VI,
1365 2831 1443 2875 898.
1477 2831 1529 2863 Cf.

1727 242 1801 288 395

1578 1003 1638 1032 &Vc
1659 1004 1770 1032 should

1535 1039 1637 1075 grieve
1659 1047 1746 1066 more
1766 1039 1815 1066 for

1563 1074 1719 1101 another's
1740 1074 1788 1101 sin

1564 1110 1637 1136 thau
1659 1109 1707 1136 sor
1727 1117 1786 1144 any

1555 1144 1705 1178 tempora}
1728 1144 1802 1170 loss.
