2062 3276
193 261 274 294 400
775 254 999 287 JOHANNIS
1018 252 1203 284 WYCLIF
1222 251 1479 284 SERMONUM
1586 236 1737 294 [SERMO
1758 238 1793 266 12-

483 362 565 398 eius
610 374 744 397 veram
789 359 1131 405 humiliacionem,
1179 358 1328 395 nolicio
1372 356 1529 393 levandi
1574 357 1711 392 oculos
1745 356 1793 391 ad
2028 355 2050 399 35

484 421 612 457 celum
644 419 774 467 signat
807 418 890 454 eius
923 419 1224 454 erubescentem
1270 415 1558 452 contricionem
1593 423 1630 450 et
1662 413 1794 450 tunsio
2035 403 2037 405 ¹

483 476 657 526 pectoris
690 477 819 525 signat
852 476 935 513 eius
968 477 1127 524 plenam
1163 473 1453 511 contricionem
1478 481 1514 509 et
1547 473 1793 508 fructuosam

485 536 545 573 sui
581 535 889 572 confessionem.

246 603 363 640 LessQn
384 600 418 626 of
541 593 685 630 Tercio
708 602 818 641 patet
842 605 885 629 ex
908 592 1017 629 finali
1052 590 1308 628 conclusione
1332 588 1576 638 principium
1601 585 1794 634 evangelii
1813 590 1829 622 5

256 637 406 671 hunumy.
486 652 751 689 concludente
783 650 872 700 quis
904 651 1055 687 fructus
1089 658 1146 686 est
1186 650 1233 685 de
1276 660 1475 696 pomposa
1519 644 1717 683 iactancia
1761 653 1798 680 et

485 711 689 747 fructuosa
733 708 976 757 penitencia,
1024 709 1118 744 dum
1152 707 1321 743 infertur
1364 706 1471 754 quod
1511 704 1632 740 omnis
1665 703 1798 751 quise

485 770 635 805 exaltat
658 767 924 804 humiliabitur
946 774 981 802 et
1003 767 1067 814 qui
1087 778 1127 802 se
1150 765 1327 801 humiliat
1349 763 1600 800 exaltabitur.
1627 762 1799 809 Oportet

486 827 590 863 enim
623 826 799 862 viantem
842 836 1019 861 crescere
1060 823 1247 860 continue
1291 831 1496 870 tamquam
1538 822 1723 857 arborem
1759 818 1798 854 in

484 885 643 931 virtute,
678 895 887 932 quousque
911 882 1186 918 summitatem
1211 880 1283 917 celi
1308 879 1532 927 contigerit,
1566 878 1656 914 ideo
1680 890 1800 924 opor·
1819 891 1857 911 10

485 952 541 979 tet
573 942 703 991 ipsum
744 941 943 990 profunde
982 939 1182 977 radicibus
1227 937 1465 974 humilitatis
1509 936 1612 972 infra
1651 944 1799 971 terram

487 999 782 1037 humiliacionis
821 1000 996 1035 humane
1036 1006 1175 1035 contra
1215 997 1333 1033 flatus
1365 995 1471 1032 venti
1504 993 1689 1042 superbie
1722 1001 1799 1029 sta-

486 1058 604 1106 biliri,
651 1057 944 1095 considerando
989 1057 1195 1105 quomodo
1240 1063 1348 1091 terra
1393 1061 1447 1090 est
1486 1060 1521 1089 et
1558 1053 1593 1087 in
1634 1051 1798 1087 cinerem

487 1124 707 1154 revertetur
740 1125 777 1152 et
810 1116 1018 1164 quomodo
1064 1113 1257 1163 quicquid
1302 1111 1397 1148 boni
1444 1109 1627 1147 habuerit
1666 1121 1709 1145 ex
1742 1108 1799 1144 in-

487 1174 657 1211 fluencia
703 1173 775 1210 celi
820 1172 1039 1221 spiritualis
1085 1170 1292 1209 descendit
1336 1171 1520 1217 desuper,
1566 1169 1688 1204 modo
1722 1169 1856 1215 quo15

487 1233 702 1270 fructificat
748 1244 864 1280 spera
907 1240 1024 1276 terre,
1072 1239 1109 1267 et
1152 1230 1207 1266 sic
1252 1237 1411 1277 oportet
1455 1227 1610 1263 foveam
1656 1223 1801 1261 radicis

489 1291 605 1328 huius
650 1289 804 1327 arboris
853 1288 1091 1325 humilitatis
1131 1287 1137 1339 l
1176 1287 1448 1336 penetralibus
1496 1284 1675 1332 undique
1709 1295 1802 1319 con·
1817 1262 1899 1349 {051⁰
2043 1278 2059 1340 ς’

490 1348 635 1395 cavari,
684 1348 777 1397 quia
825 1346 1053 1384 concavitas
1100 1346 1288 1383 vallosior
1338 1353 1394 1381 est
1443 1342 1622 1380 humoris
1669 1337 1850 1389 gracie*

490 1407 678 1456 capacior
711 1415 748 1443 et
780 1406 861 1442 vita
901 1417 1075 1442 convexa
1108 1417 1152 1441 ex
1185 1403 1378 1440 curvitate
1418 1399 1669 1438 rectitudinis
1708 1397 1802 1435 facit
2047 1376 2062 1450 I

490 1467 677 1502 arborem
712 1477 755 1501 ex
789 1464 947 1500 defectu
978 1463 1161 1499 humoris
1194 1473 1387 1498 arescere.
1820 1469 1861 1490 20
2050 1454 2060 1497 -j

548 1525 662 1560 Unde
696 1530 856 1571 oportet
900 1521 1114 1569 imaginari
1158 1519 1363 1557 hominem
1410 1516 1723 1565 multiplicatum
1764 1513 1803 1550 in

490 1591 661 1630 utroque
694 1580 858 1617 brachio
893 1579 1095 1628 equelibre
1119 1579 1338 1615 secundum
1364 1576 1565 1624 disparem
1599 1573 1803 1610 racionem

491 1653 569 1689 qua
599 1639 794 1688 presumit
826 1639 996 1687 superbe
1029 1649 1114 1674 sese
1149 1636 1337 1672 extollere
1372 1635 1410 1670 in
1444 1632 1609 1670 brachio
1643 1630 1804 1668 sinistro

492 1697 696 1747 equelibre
741 1696 932 1746 positum,
986 1696 1206 1732 secundum
1251 1693 1456 1730 racionem
1502 1703 1595 1728 vero
1641 1701 1720 1738 qua
1765 1699 1805 1723 se

490 1756 666 1793 virtuose
706 1754 892 1791 humiliat
924 1753 964 1790 in
998 1753 1163 1790 brachio
1204 1753 1341 1788 dextro
1376 1749 1579 1799 equelibre
1613 1746 1862 1796 positum,25

493 1823 529 1851 et
567 1814 728 1862 utrique
773 1814 948 1849 humana
994 1820 1138 1848 natura
1186 1808 1473 1853 substernitur3
1526 1816 1620 1843 tunc
1668 1804 1804 1852 regula

492 1871 741 1910 inmutabilis
764 1870 919 1907 iusticie
944 1868 1131 1917 deprimit
1165 1877 1352 1904 naturam
1375 1866 1415 1903 in
1439 1864 1604 1902 brachio
1628 1863 1804 1907 sinistro,

493 1930 533 1966 in
576 1929 741 1967 brachio
785 1941 878 1965 vero
923 1929 1060 1964 dextro
1106 1927 1251 1963 exaltat
1297 1934 1499 1968 naturam,
1550 1923 1655 1958 unde
1704 1919 1805 1956 mira

493 1988 714 2025 subtilitate
747 1987 892 2023 dicitur
925 1985 1200 2022 universaliter
1233 1985 1340 2033 quod
1369 1982 1491 2019 omnis
1513 1981 1635 2030 quise
1657 1979 1807 2015 exaltat

493 2046 771 2090 humiliabitur,
815 2045 883 2081 sed
922 2043 1137 2080 indiffinite
1176 2043 1308 2091 quise
1341 2040 1516 2077 humiliat
1554 2037 1804 2075 exaltabitur.
1824 2048 1866 2071 ,πο

495 2103 693 2141 Prescitus
734 2103 838 2140 enim
872 2103 922 2139 ad
961 2111 1119 2150 tempus
1151 2113 1191 2136 se
1225 2099 1351 2136 eciam
1390 2098 1567 2135 virtuose
1606 2093 1806 2139 humiliat,

494 2164 562 2199 sed
587 2170 721 2199 manet
743 2169 910 2209 peccato
933 2158 1201 2196 irremissibili
1234 2159 1443 2206 depressus
1478 2153 1679 2195 continue,
1714 2151 1807 2200 quia

495 2221 590 2257 false
634 2233 674 2256 se
714 2218 900 2255 humiliat
945 2227 981 2253 et
1019 2216 1094 2253 nisi
1140 2215 1332 2264 equivoce
1376 2214 1571 2251 virtuose:
1626 2209 1806 2247 bravium

495 2278 631 2327 itaque
664 2279 714 2314 ad
748 2277 858 2314 cuius
892 2275 1093 2323 fastigium
1129 2272 1328 2310 exaltandi
1362 2284 1498 2308 sumus
1538 2269 1718 2306 alliceret
1758 2268 1807 2303 ad

494 2348 629 2373 veram
663 2335 933 2372 humilitatem
968 2346 1057 2370 cum
1083 2332 1164 2369 eius
1197 2330 1349 2368 familia
1384 2336 1667 2377 consequente,
1702 2325 1808 2374 quod
1826 2327 1866 2360 35

496 2394 611 2431 nobis
645 2394 841 2430 concedat
876 2392 1058 2429 Christus
1091 2392 1216 2426 Jesus.
1250 2390 1390 2426 Amen.

567 2571 591 2590 2.
612 2563 655 2590 A:
678 2561 929 2589 erubescencimn.
1003 2568 1032 2593 4.
1049 2558 1121 2585 DG:
1142 2558 1214 2585 soni
1231 2556 1466 2592 cotis'eSSI'fflwm.
1541 2554 1569 2581 (3.
1587 2554 1629 2580 G:
1651 2553 1687 2579 de
1707 2552 1811 2587 damp-

497 2606 582 2625 nosa.
675 2598 701 2624 8.
725 2596 797 2623 DG:
825 2599 854 2623 et
872 2595 927 2630 qui
944 2610 976 2614 —
997 2593 1183 2621 exaltabitur
1203 2592 1296 2619 deest.
1392 2598 1419 2624 9.
1442 2589 1515 2617 DG:
1545 2589 1693 2615 viatorem
1716 2587 1809 2613 deest.

498 2641 535 2660 12.
559 2632 602 2659 G:
624 2635 738 2659 ventus.
812 2630 848 2657 15.
870 2632 914 2657 A:
941 2628 1099 2656 descendit
1116 2635 1245 2663 semper.
1314 2627 1354 2653 16.
1378 2625 1420 2652 G:
1442 2625 1486 2651 sic
1506 2626 1638 2659 oportet.
1706 2622 1744 2648 ιδ’.
1765 2622 1810 2648 A:

498 2667 674 2694 vallacz'oni.
754 2673 795 2695 10.
816 2665 861 2692 A:
888 2672 926 2691 ex
945 2663 1084 2690 circuitu.
1164 2669 1207 2688 22.
1230 2660 1303 2688 DG:
1333 2660 1495 2687 conclihre.
1575 2656 1618 2685 23.
1641 2656 1714 2683 DG:
1742 2663 1809 2691 que.

498 2709 544 2734 24.
567 2701 639 2728 DG:
662 2701 754 2736 quia:
769 2697 813 2726 ib.
830 2701 871 2726 A:
896 2701 1006 2726 contra
1026 2706 1069 2725 se.
1134 2696 1175 2724 25.
1198 2696 1271 2723 DG:
1294 2695 1475 2731 equelibere.
1538 2693 1584 2720 26.
1606 2692 1648 2718 D:
1671 2694 1810 2729 utraque.

498 2736 541 2763 32.
564 2736 606 2763 D:
629 2736 657 2762 in
674 2738 825 2771 peccam,-
850 2735 890 2761 ib.
912 2735 956 2761 A:
979 2740 1047 2768 qua.
1127 2730 1172 2765 34.
1196 2731 1268 2757 DG:
1290 2730 1435 2757 abiceret.
1509 2727 1556 2755 36.
1576 2727 1648 2754 DG:
1673 2726 1812 2752 Clzrzstus

497 2770 584 2798 Jesus
604 2770 696 2797 Amen
719 2769 812 2796 deest.

570 2887 600 2919 7.
629 2877 742 2907 Lucae
768 2875 884 2914 XVIII,
911 2885 959 2915 14.
