2062 3276
259 259 394 288 SERMO
416 249 569 306 xxxin]
741 264 929 303 QUARTA
961 263 1086 295 pARs,

261 371 308 406 de
341 370 432 406 fune
466 371 516 406 ad
561 370 710 406 collum
751 382 966 418 pompare3
1013 383 1092 418 quo
1126 371 1218 406 fune
1252 370 1367 406 debet
1408 382 1575 418 cognos-

261 440 349 465 cere
382 440 422 464 se
456 427 659 476 suspendi.
695 430 783 464 Non
816 427 922 464 enim
969 427 1037 476 qui
1070 440 1110 464 se
1148 427 1281 476 ipsum
1316 430 1575 465 commendat

259 486 324 522 ille
370 486 563 534 probatus
609 495 668 522 est
712 487 779 522 sed
826 498 946 534 quem
981 488 1086 522 Deus
1132 487 1404 523 commendat.
1468 488 1575 523 Deus

260 553 392 581 autem
442 545 702 581 commendat
750 543 956 580 hominem
991 553 1159 592 propter
1195 543 1462 580 ministerium
1497 544 1576 581 sive

226 601 438 639 §officium
473 611 510 638 et
542 614 624 638 non
657 611 824 650 propter
856 601 1107 650 posicionem
1142 601 1182 638 in
1205 603 1331 650 gradu
1364 601 1456 647 alio,
1482 602 1576 650 quia

260 661 336 696 hoc
379 672 461 696 non
507 668 564 696 est
608 673 738 696 suum.
784 661 898 696 Vana
941 672 1034 696 vero
1080 659 1266 708 recepcio
1313 659 1575 696 carismatum

259 718 390 755 reddit
425 717 632 754 hominem
667 717 794 766 magis
828 718 1145 766 dampnabilem.
1193 718 1344 755 Omnia
1376 718 1452 754 ista
1485 731 1576 766 pec-

262 785 351 812 cata
384 785 576 824 expurgat
608 776 706 812 fides
740 785 777 812 et
809 776 1011 812 illuminat
1056 775 1234 812 animum
1277 777 1326 813 ad
1359 776 1576 812 videndum

259 834 469 871 veritatem
516 835 759 871 credendam
806 843 842 871 et
887 833 1033 871 abhinc
1077 834 1232 871 inducit
1276 836 1325 871 ad
1358 834 1575 871 videndum

207 902 245 922 10
260 892 412 929 directe
444 892 578 928 lucem
612 905 634 929 a
665 891 820 929 viatore
865 892 1198 938 inaccessibilem,
1244 893 1312 929 ubi
1358 893 1449 929 loco
1483 892 1575 929 fidei

259 952 446 987 succedet
485 951 594 987 clara
631 950 731 987 visio
777 960 813 987 et
862 950 1083 987 delectacio
1129 963 1380 999 consequens
1419 950 1575 987 infinita

260 1008 300 1044 in
334 1021 413 1057 qua
445 1010 573 1045 Deum
609 1008 931 1045 collaudabimus
955 1009 1206 1045 circulariter
1230 1009 1314 1045 sine
1338 1009 1428 1045 fine.
1460 1010 1576 1045 Unde

260 1066 392 1115 primo
417 1066 563 1103 dicitur
577 1067 753 1116 Respice,
775 1067 814 1103 id
837 1076 907 1113 est,
932 1066 1078 1103 iterum
1103 1067 1240 1111 videte,
1264 1076 1301 1104 et
1324 1079 1413 1103 cum
1439 1066 1488 1103 sit
1512 1067 1576 1103 ille

260 1124 328 1174 qui
353 1125 454 1161 dixit
476 1133 511 1161 et
531 1126 647 1174 facta
670 1133 771 1172 sunt,
796 1125 1006 1162 confestim
1030 1126 1167 1162 lumen
1191 1125 1283 1162 fidei
1306 1135 1363 1162 est
1385 1125 1575 1161 infusum.

207 1181 244 1213 15
260 1183 339 1219 Sed
371 1195 461 1220 cum
503 1182 634 1219 omnis
679 1184 805 1231 plebs,
852 1183 891 1219 id
925 1193 996 1229 est,
1042 1183 1281 1220 universitas
1328 1183 1492 1220 micium
1541 1192 1578 1220 et

261 1241 474 1277 humilium
509 1242 702 1278 salvanda
734 1241 841 1278 videt
874 1241 1057 1279 intuitive
1091 1243 1194 1278 hanc
1227 1241 1405 1290 graciam
1453 1243 1577 1290 (quod

260 1300 394 1348 primo
440 1299 514 1336 erit
557 1299 599 1336 in
643 1299 706 1336 die
751 1299 920 1347 iudicii),
966 1300 1212 1337 unanimiter
1258 1301 1397 1337 laudat
1431 1302 1575 1336 Deum.

711 1425 905 1465 SERMO
937 1425 1125 1465 XXXIII.

318 1509 528 1544 Dominum
574 1509 699 1543 Deum
745 1515 850 1544 tuum
896 1509 1081 1544 adorabis
1125 1517 1161 1544 et
1204 1509 1263 1544 illi
1303 1509 1379 1545 soli
1415 1509 1574 1546 servies.

204 1575 245 1596 20
260 1566 427 1603 Matthei
459 1568 546 1613 ΝΟ,
587 1579 645 1604 10.

319 1624 524 1673 Superiori
558 1624 760 1661 dominica
794 1625 944 1661 dictum
980 1633 1037 1661 est
1071 1626 1275 1672 quomodo
1316 1638 1432 1662 cecus
1466 1625 1577 1662 resti-

259 1692 367 1719 tutus
391 1691 449 1719 est
470 1682 613 1719 visioni
636 1682 744 1719 iuxta
766 1683 908 1729 Jerico,
943 1683 1022 1719 iam
1047 1683 1262 1719 videndum
1289 1693 1345 1720 est
1374 1685 1578 1732 quomodo

260 1741 389 1778 dictus
422 1753 537 1778 cecus
569 1741 828 1777 instruendus
862 1750 919 1778 est
942 1742 991 1778 ad
1015 1742 1308 1778 observandam
1342 1741 1576 1790 religionem

261 1799 421 1843 Christi,
471 1801 579 1848 quod
618 1800 735 1847 plene
781 1801 925 1836 docent
962 1801 1082 1836 verba
1123 1799 1325 1836 thematis,
1372 1799 1436 1836 Sic
1470 1800 1577 1836 enim

203 1856 418 1905 25oportet
441 1857 642 1906 paulative
674 1859 892 1905 procedere
926 1867 963 1893 et
995 1857 1035 1894 in
1064 1857 1317 1905 rectitudine,
1351 1858 1579 1906 specialiter

260 1916 300 1951 in
341 1915 660 1964 Quadragesima
699 1928 896 1955 crescere:
942 1918 1048 1952 unde
1082 1917 1304 1952 secundum
1338 1916 1574 1964 Magistrum

169 2008 194 2038 F
223 2008 231 2039 1
261 1973 528 2010 Historiarum
566 1975 766 2010 desertum
800 1974 840 2009 in
864 1987 944 2022 quo
969 1983 1188 2021 temptatus
1218 1983 1275 2010 est
1298 1975 1481 2010 Christus
1505 1975 1577 2011 fuit

165 2018 245 2085 22⁰1ss
260 2032 362 2067 inter
383 2032 541 2068 Jericho
564 2041 600 2068 et
622 2033 861 2077 Jerusalem
895 2041 932 2068 et
954 2041 1121 2068 vocatur
1144 2034 1401 2078 Quarentena
1431 2030 1435 2084 Ι
1466 2064 1473 2070 .
1499 2034 1575 2069 Sed

261 2102 350 2126 cum
386 2102 496 2126 omne
529 2091 669 2126 donum
698 2091 917 2139 perfectum
959 2092 1161 2127 desursum
1201 2098 1257 2127 est
1290 2092 1522 2127 descendens
1553 2104 1574 2126 a

202 2148 371 2197 Bopatre
404 2149 589 2184 luminum
623 2150 778 2191 Jac.10,
810 2161 870 2196 17,
906 2148 1109 2196 religionis
1141 2161 1234 2185 vero
1258 2148 1407 2185 Christi
1441 2150 1575 2185 obser-

258 2205 400 2242 vancia
445 2215 502 2243 est
552 2208 702 2243 donum
755 2206 1106 2254 perfectissimum,
1166 2219 1327 2244 necesse
1380 2208 1573 2244 habemus

258 2263 454 2301 instanter
493 2274 626 2313 petere
666 2265 815 2301 dictum
856 2267 1004 2301 donum
1046 2278 1067 2301 a
1107 2265 1295 2302 Domino.
1342 2267 1440 2302 Cum
1482 2278 1576 2314 ergo

327 2386 350 2414 3.
368 2388 410 2415 H:
431 2388 628 2426 approbatus.
701 2387 727 2421 3,
742 2397 770 2421 4.
788 2388 829 2414 D:
853 2387 934 2414 Deus
947 2404 978 2406 —
993 2388 1187 2415 commendat
1198 2388 1292 2415 deest.
1365 2397 1394 2421 4.
1410 2388 1453 2416 H:
1477 2389 1575 2416 misle-

258 2423 348 2449 rium.
437 2427 466 2450 o.
487 2422 532 2449 G:
556 2423 743 2458 recepcione.
835 2431 861 2456 7.
884 2423 926 2449 H:
947 2423 1051 2450 omnia
1070 2423 1158 2450 enim.
1249 2431 1278 2457 9.
1300 2425 1344 2450 A:
1365 2424 1523 2451 veritatem
1545 2440 1572 2443 --

258 2456 418 2484 ridendum
430 2457 525 2484 deest.
581 2466 621 2485 10.
634 2457 708 2484 DG:
725 2457 828 2484 ducem
840 2460 1009 2484 amatorem
1021 2457 1267 2484 inaccessibilem.
1325 2466 1358 2486 11.
1373 2458 1415 2485 H:
1431 2459 1574 2486 succedit.

261 2492 298 2519 13.
320 2492 424 2518 ADG:
451 2495 481 2519 et
505 2492 636 2525 iterum,·
660 2492 701 2519 ib.
728 2492 834 2519 ADG:
869 2492 948 2519 Vide.
1052 2492 1093 2519 16.
1120 2493 1165 2519 A:
1194 2493 1340 2526 intutive;
1366 2493 1448 2520 videt
1474 2493 1574 2526 deest;

259 2526 301 2553 Η;
330 2526 451 2553 videbit.
525 2527 566 2554 ιδ.
587 2527 632 2554 H:
653 2527 762 2554 Sermo
785 2534 857 2554 uns,
932 2534 973 2561 ις).
995 2528 1039 2554 A:
1062 2530 1143 2554 tuum
1165 2527 1266 2561 deest;
1298 2528 1338 2555 ib.
1360 2527 1385 2554 l)
1407 2529 1437 2555 in
1460 2536 1573 2563 marg:

258 2562 289 2588 In
320 2561 578 2598 Quadragesima.
710 2570 750 2590 21.
780 2562 886 2589 ADG:
917 2565 961 2589 est
988 2562 1083 2589 deest.
1208 2569 1247 2589 21.
1280 2562 1322 2589 Η;
1353 2562 1466 2589 dictum
1495 2566 1572 2590 erat.

258 2596 299 2623 25.
316 2597 359 2623 A:
377 2596 549 2631 procedere
563 2596 661 2624 twice.
737 2597 782 2624 28.
798 2597 840 2624 D:
863 2598 906 2624 sic
920 2600 1056 2624 vocatur.
1130 2596 1175 2630 30,
1191 2595 1229 2624 31.
1246 2597 1331 2624 DGH
1345 2607 1350 2624 τ
1367 2598 1531 2633 religionis
1543 2615 1573 2616 j

253 2630 510 2667 panset-tissimum
525 2632 618 2658 deest.
680 2630 726 2658 30.
744 2633 786 2659 A:
801 2632 1055 2666 perfectissimum
1071 2631 1112 2659 la.
1130 2632 1165 2658 ll.
1228 2631 1270 2658 3'2.
1286 2632 1340 2659 DC
1354 2642 1360 2658 ε
1377 2632 1449 2658 Cum
1465 2634 1572 2668 igitur.

332 2713 380 2744 14.
408 2702 534 2733 Psalm.
560 2704 691 2743 XXXII,
720 2716 750 2746 (J.
854 2714 901 2746 ¹0·
930 2704 1057 2745 (lospel
1097 2704 1148 2734 1'01·
1180 2703 1237 2735 the
1271 2702 1343 2735 first
1370 2705 1512 2747 Sunday
1540 2706 1573 2735 in

258 2750 357 2781 [ent.
455 2758 508 2791 27.
536 2750 699 2791 Magister
717 2750 947 2781 Historiarum
976 2752 1003 2781 is
1027 2750 1086 2782 the
1113 2750 1382 2793 distinguishing
1408 2761 1510 2782 name
1537 2751 1577 2781 of

257 2797 376 2827 Petrus
416 2796 606 2827 Comestor.
647 2796 699 2827 Cf.
739 2797 825 2828 Hist.
865 2798 1075 2839 evangelica,
1115 2807 1189 2838 cap.
1223 2798 1363 2828 XXXV:
1401 2798 1572 2829 Jeiunavit

256 2849 370 2873 autem
389 2843 560 2873 Dominus
587 2843 620 2873 in
648 2843 784 2874 deserto
811 2844 905 2885 quod
934 2851 985 2875 est
1004 2845 1089 2874 inter
1110 2844 1325 2875 Hierusalem
1347 2850 1379 2875 et
1397 2843 1571 2877 Hiericho.

257 2891 308 2922 32.
336 2888 454 2920 Matth.
474 2889 529 2929 VJ,
557 2890 680 2932 o-13.

1593 1629 1671 1656 How
1688 1638 1733 1657 we
1753 1629 1864 1656 should

1592 1670 1722 1697 obscrve
1734 1669 1867 1698 Christ's

1664 1705 1803 1739 religion.
