2062 3276
244 220 379 249 suffito
400 210 482 267 κη]
723 225 914 264 QUARTA
942 227 1068 259 PARS.

243 337 415 365 eternum
454 342 526 365 non
562 330 752 379 peccabis,
786 330 879 378 quia
918 334 976 379 (ut
1015 332 1152 369 dicunt
1192 334 1391 381 doctores)
1435 334 1558 371 nichil

244 388 331 435 plus
364 388 466 424 valet
499 388 549 424 ad
582 388 784 424 domanda
824 389 954 425 carnis
1000 390 1196 427 desideria
1241 404 1362 439 quam
1409 401 1557 429 attente

244 457 410 492 pensare
463 445 590 494 qualis
643 445 717 481 erit
770 455 941 484 mortua.
994 449 1111 484 Tales
1165 461 1257 496 ergo
1306 450 1558 486 hortaciones

243 503 422 539 faciende
454 512 546 540 sunt
578 503 617 539 in
651 503 825 552 exequiis
858 514 1111 542 mortuorum
1137 515 1173 542 et
1197 520 1276 543 non
1299 520 1399 544 vane
1422 508 1559 544 laudes

211 562 303 599 §vel
334 570 444 609 gesta
476 561 654 598 infidelia
687 571 755 598 aut
800 575 923 610 opera
967 564 1197 601 machinata
1241 578 1312 613 per
1355 578 1432 613 que
1476 575 1558 602 tam

243 619 475 667 superstites
521 632 641 668 quam
688 620 836 656 mortui
881 630 972 658 sunt
1016 622 1181 670 gravati.
1227 625 1422 671 Aptemus
1467 636 1559 671 ergo

245 677 497 714 hortaciones
531 679 581 714 ad
615 677 752 713 fletum
787 691 860 726 pro
894 679 1108 717 commisso
1153 680 1320 718 crimine
1364 682 1559 730 populum

243 744 518 782 provocantes,
554 735 766 772 recolendo
800 739 1004 785 quomodo
1050 738 1238 775 dominus
1270 741 1381 775 Jesus
1426 748 1561 776 noster

243 792 282 828 in
306 793 572 830 suscitacione
597 793 735 830 Lazari
760 795 1030 842 quadriduani
1054 796 1093 832 in
1117 806 1380 834 monumento
1403 798 1560 834 fetentis

189 867 228 888 10
243 853 464 887 secundum
499 852 618 888 fidem
653 852 845 900 evangelii
871 853 999 890 fuerat
1022 854 1268 892 lacrimatus.
1304 857 1560 892 Attendendo

243 918 377 947 autem
412 909 681 946 communiter
713 912 762 947 ad
795 910 893 947 vitas
926 913 986 948 vel
1020 914 1159 949 modos
1204 923 1461 950 executorum
1500 915 1560 951 vel

243 967 465 1004 carnalium
499 968 737 1015 amicorum,
771 977 879 1017 patet
912 972 1021 1018 quod
1054 971 1143 1008 talis
1167 971 1275 1008 dives
1300 980 1356 1008 est
1380 985 1560 1009 commu-

242 1025 346 1062 niter
378 1026 614 1063 maledictus
648 1026 716 1075 qui
750 1027 916 1063 confidit
949 1027 989 1064 in
1023 1029 1091 1066 tali
1126 1029 1300 1077 homine,
1335 1043 1425 1067 cum
1462 1031 1559 1067 tales

243 1084 512 1121 communiter
554 1085 642 1133 plus
686 1094 832 1121 nocent
877 1087 1046 1123 mortuis
1091 1100 1134 1124 ex
1174 1088 1333 1125 malicia
1364 1088 1443 1125 vite
1476 1101 1558 1125 sue.

188 1142 334 1179 151deo
366 1151 607 1180 testamenta
640 1143 745 1179 facta
789 1143 907 1180 hodie
951 1145 1112 1193 sapiunt
1157 1146 1426 1183 communiter
1470 1160 1559 1196 pec·

244 1209 378 1236 catum
411 1209 493 1238 tam
528 1213 571 1237 ex
615 1210 728 1249 parte
774 1202 921 1238 mortui
965 1204 1147 1240 testantis
1192 1218 1313 1254 quam
1360 1217 1403 1241 ex
1446 1214 1559 1254 parte

243 1259 465 1306 superstitis
498 1260 625 1308 legem
659 1259 899 1296 testancium
939 1261 1182 1310 exequentis.
1236 1264 1328 1299 Ideo
1373 1276 1559 1300 securum

245 1316 346 1353 foret
378 1316 509 1354 vivere
543 1319 663 1354 modo
688 1331 768 1366 quo
792 1320 1016 1356 docuerunt
1040 1320 1221 1358 Christus
1244 1330 1281 1357 et
1305 1321 1365 1358 sui
1390 1321 1560 1370 apostoli

246 1383 282 1410 et
316 1375 542 1412 edificando
575 1376 797 1423 ecclesiam,
843 1386 1041 1425 quantum
1086 1379 1321 1426 sufficimus,
1368 1381 1561 1416 calcando

186 1447 228 1470 20
244 1433 483 1481 temporalia
516 1433 557 1470 in
595 1447 718 1483 parva
762 1434 987 1483 quantitate
1033 1446 1070 1473 et
1113 1450 1290 1486 paupere
1335 1437 1561 1475 ministrata

243 1490 327 1527 sine
360 1492 465 1528 facta
497 1492 857 1541 solempnisacione
890 1493 1119 1532 huiusmodi
1151 1495 1191 1532 in
1225 1496 1434 1532 celestibus
1469 1509 1561 1533 con-

242 1549 404 1586 versari.
440 1550 625 1599 Religiosi
649 1559 783 1588 autem
808 1551 934 1588 nostri
959 1552 1027 1600 qui
1052 1563 1296 1602 congregant
1319 1554 1560 1603 temporalia

243 1620 314 1644 sua
348 1608 522 1656 capitulo
557 1618 696 1645 contra
739 1610 867 1658 legem
912 1611 1174 1659 apostolicam
1221 1622 1461 1661 congregato
1505 1612 1560 1650 vi-

243 1667 388 1702 dentur
410 1667 681 1704 thesaurizare
705 1669 888 1716 dyabolo,
920 1681 968 1705 ne
998 1670 1239 1718 temporalia
1268 1671 1561 1708 distribuantur

186 1723 282 1761 25in
334 1725 481 1771 seculo,
535 1727 603 1761 sed
650 1727 700 1763 ad
752 1739 891 1763 eorum
945 1729 1301 1777 consumpcionem
1354 1730 1561 1778 dyabolice

242 1782 472 1830 putrefiant.
519 1785 731 1821 Servemus
776 1784 911 1834 itaque
962 1785 1085 1823 vitam
1123 1787 1394 1836 propinquam
1439 1787 1560 1824 statui

241 1839 476 1877 innocencie
508 1841 635 1879 instar
668 1843 827 1890 Christi,
875 1843 968 1892 quia
1013 1847 1234 1881 secundum
1269 1846 1559 1894 Augustinum:

243 1898 320 1943 Qui
340 1898 395 1935 sic
414 1912 539 1948 usque
559 1902 608 1937 ad
627 1900 747 1937 finem
767 1902 867 1938 bene
884 1901 1024 1939 vixerit
1043 1917 1123 1940 non
1146 1904 1293 1952 poterit
1317 1905 1419 1941 male
1444 1904 1559 1941 mori.

744 2028 940 2070 SERMO
973 2030 1065 2071 XII.

184 2101 226 2133 30
701 2095 832 2128 (Serm.
853 2096 964 2124 Mixti
984 2097 1106 2132 xvm.)

304 2153 586 2193 Convertimini
615 2158 667 2193 ad
699 2171 769 2194 me.
803 2159 952 2196 Johelis
987 2162 1054 2207 110,
1096 2170 1156 2197 12.

300 2213 410 2250 Sicut
444 2214 596 2251 dictum
630 2225 687 2252 est
721 2218 768 2253 de
801 2227 1054 2255 sacramento
1078 2218 1304 2255 Eukaristie
1337 2220 1557 2255 secundum

242 2270 361 2308 fidem
407 2273 601 2321 evangelii
646 2283 683 2311 et
727 2275 954 2312 sensibilem
1000 2277 1205 2314 racionem
1251 2290 1331 2314 non
1375 2279 1559 2314 obstante

241 2331 349 2377 quod
383 2331 548 2368 heretici
583 2332 697 2369 multi
731 2342 767 2369 et
802 2334 936 2382 magni
971 2344 1286 2381 remurmurant‚
1331 2335 1385 2372 ita
1426 2335 1560 2372 dicen-

184 2392 222 2424 35
242 2389 336 2424 dum
370 2388 527 2426 videtur
560 2391 606 2426 de
631 2391 872 2439 penitencia,
908 2405 955 2429 ne
981 2393 1116 2430 fideles
1142 2394 1305 2430 ecclesie
1328 2394 1367 2430 in
1393 2393 1559 2430 materia

242 2445 333 2482 fidei
366 2446 608 2495 illudantur;
642 2449 773 2497 primo
806 2458 941 2487 tamen
975 2451 1246 2499 premittenda
1280 2461 1337 2489 est
1364 2453 1559 2501 prophete

310 2568 335 2596 3.
364 2570 433 2597 DE:
464 2571 680 2601 L‘m'versales:
706 2572 745 2599 ib.
768 2572 791 2600 Ε
812 2573 841 2600 in
864 2581 977 2607 marg:
1010 2573 1100 2602 Nota.
1227 2585 1254 2608 4.
1284 2574 1352 2602 DE:
1380 2583 1439 2602 mm
1461 2575 1558 2602 varie.

240 2604 266 2630 ὃ.
294 2605 340 2631 A:
367 2605 518 2644 quomodo
541 2606 691 2633 Christus.
819 2608 854 2635 15.
884 2608 907 2635 Ε
933 2609 962 2636 in
993 2617 1107 2644 marg:
1138 2609 1251 2637 Modus
1277 2610 1400 2637 vivendi
1423 2618 1559 2637 securus,

240 2646 278 2666 21.
302 2640 346 2666 A:
368 2648 398 2667 m
420 2641 513 2667 deest.
588 2639 630 2668 23.
651 2643 695 2668 A:
717 2646 901 2679 aggregato
980 2644 1024 2671 25.
1045 2644 1114 2671 DE:
1136 2645 1351 2681 sumpcionem.
1420 2647 1466 2672 215.
1490 2645 1558 2672 lffl:

237 2673 416 2708 putrefiunt.
490 2676 534 2703 28.
557 2676 599 2703 D:
620 2677 702 2704 mori
720 2683 775 2705 etc.
797 2678 975 2713 Expliciunt
994 2679 1161 2714 evangelia
1176 2679 1214 2706 de
1227 2680 1362 2711 smzcll's‚·
1381 2680 1421 2706 ib.
1439 2680 1480 2707 l):
1502 2681 1560 2706 ulia

241 2716 351 2736 manu:
379 2709 485 2742 Vidi&
503 2713 594 2745 1530.
653 2719 698 2746 29.
721 2713 749 2740 A
769 2713 798 2739 in
822 2721 936 2748 marg.:
959 2714 1067 2740 Sermo
1089 2713 1161 2743 XII:
1188 2714 1211 2740 l)
1240 2715 1268 2741 in
1298 2723 1412 2749 marg:
1434 2714 1495 2747 IX‚·
1516 2715 1561 2741 De

236 2744 413 2778 penitencia
447 2754 557 2773 sermo.
630 2746 678 2780 34.
699 2747 727 2774 1:
755 2748 848 2783 φυλή
874 2748 913 2775 ib.
935 2748 1004 2775 DE:
1032 2752 1062 2775 et
1081 2749 1194 2784 magni
1211 2749 1304 2776 deest.

312 2804 365 2836 28.
394 2805 446 2837 Cf.
473 2806 521 2838 St.
548 2807 732 2847 Augustini
760 2809 869 2841 Serm.
897 2809 1074 2841 CCXXXI.
1103 2809 1139 2840 In
1167 2809 1289 2840 diebus
1317 2809 1438 2843 Pasch.
1467 2810 1558 2851 Opp.

239 2858 323 2883 tom.
342 2852 383 2891 V,
411 2852 489 2894 978.
590 2854 642 2886 31.
670 2854 801 2895 Epistle
829 2854 880 2885 for
906 2854 976 2886 Ash
997 2856 1234 2899 Vt'ednesday.

1586 864 1670 892 Ex‘ils
1691 865 1851 900 attending

1667 900 1760 927 wills.

1618 2225 1804 2253 Instruction

1602 2261 1715 2288 needed
1738 2270 1771 2287 as
1791 2267 1822 2288 to

1641 2304 1786 2331 penance.
