2062 3276
180 893 218 913 10

182 1172 217 1204 15

181 2046 195 2077 T
237 2042 343 2089 quod
373 2042 604 2091 publicanus
637 2040 887 2089 evangelicus
920 2041 984 2089 qui
1012 2040 1138 2076 stabat
1159 2053 1180 2075 a
1205 2040 1321 2090 longe
1343 2052 1409 2076 nec
1433 2040 1551 2075 voluit

233 246 368 274 salmo
392 235 440 292 ι..]
713 248 906 288 QUARTA
934 249 1060 280 PARS.
1757 241 1836 288 399

236 354 497 391 estimacione
521 364 651 403 potest
676 356 797 391 homo
822 367 998 391 asserere
1021 354 1245 390 veritatem.
1272 356 1364 390 Ideo
1389 364 1546 402 oportet

235 414 343 461 quod
376 413 425 449 sit
459 414 566 450 clara
612 413 816 450 evidencia
848 425 871 449 a
903 424 1021 448 sensu
1053 412 1113 448 vel
1147 412 1263 448 aliter
1307 411 1547 448 invincibilis

234 480 450 519 antequam
475 470 680 519 proximus
714 478 936 507 accusetur.
972 471 1065 506 Ideo
1089 471 1206 506 debet
1229 482 1313 506 esse
1337 470 1546 506 accusacio

234 529 282 565 de
316 528 520 577 preterito,
566 529 743 566 cavendo
777 530 824 565 de
857 536 970 565 reatu
1004 541 1076 576 pro
1111 527 1285 576 presenti
1319 528 1379 564 vel
1411 528 1546 564 futuro

235 586 420 635 proximo
454 587 712 635 imponendo.

291 646 393 682 Sunt
426 645 530 681 enim
566 644 640 681 tria
664 656 740 693 que
764 646 869 680 Deus
903 657 945 680 ex
978 643 1160 692 graciosa
1193 656 1313 680 causa
1346 643 1546 680 ordinavit
1562 650 1838 689 Godliashiddcn

233 703 349 739 nobis
374 716 457 740 esse
481 702 697 750 incognita,
732 701 885 739 scilicet
907 701 1203 750 predestinacio
1227 701 1412 750 proximi,
1447 702 1546 738 hora
1634 688 1712 712 “⁰¹¹¹
1735 694 1770 712 ¹¹⁵

235 760 374 797 mortis
409 770 445 797 et
480 761 561 797 dies
607 760 757 797 iudicii.
814 759 993 796 Primum
1040 769 1097 797 est
1141 769 1183 796 ut
1229 772 1410 796 amemus
1456 773 1546 808 pro·
1657 767 1778 805 urhe*

233 818 383 855 ximum
437 832 555 868 quem
609 827 968 867 quantumcunque
1022 817 1258 866 peccaverit,
1313 818 1546 866 ignoramus
1580 801 1822 869 prgiegttlrsssstsron

234 886 367 913 utrum
422 877 656 914 habebimus
702 877 741 913 in
787 878 872 914 celo
925 885 1155 925 patronum,
1209 885 1251 912 ut
1291 875 1459 924 contigit
1500 877 1546 912 de

233 936 390 972 duobus
424 935 618 984 apostolis
652 944 688 971 et
712 935 852 972 Maria.
887 935 1001 971 Diem
1035 947 1128 971 vero
1162 934 1300 971 iudicii
1334 943 1371 971 et
1405 936 1545 970 horam
1580 947 1605 967 2.
1627 941 1676 967 the
1698 941 1777 967 honr
1798 940 1833 967 of

235 993 375 1030 mortis
398 993 598 1030 ordinavit
622 995 726 1030 Deus
756 1005 840 1030 esse
873 993 986 1030 nobis
1019 992 1237 1040 incognita,
1274 1001 1314 1029 ut
1337 993 1547 1041 probando
1651 975 1752 1007 death,

233 1065 306 1088 nos
339 1051 487 1089 iudicio
522 1051 710 1088 continue
744 1051 972 1088 timeamus.
994 1042 1193 1088 ‘Tercium
1218 1063 1311 1087 vero
1341 1063 1549 1099 perneces—
1590 1055 1686 1095 321he
1708 1056 1766 1092 day
1787 1056 1822 1083 of

234 1110 383 1146 sarium
425 1112 474 1147 ad
515 1110 818 1146 rectificandum
866 1109 1059 1146 iudicium
1105 1118 1163 1145 est
1207 1118 1315 1145 recta
1360 1109 1547 1154 intencio,
1616 1091 1786 1125 Judguwnt.

236 1169 343 1217 quod
372 1177 664 1217 postponamus
688 1169 816 1204 zelum
839 1168 1014 1204 vindicte
1038 1177 1075 1204 et
1099 1180 1266 1203 munera
1289 1168 1349 1204 vel
1373 1167 1547 1204 favorem

236 1239 308 1274 pro
349 1226 537 1263 fratribus
581 1225 834 1272 accusandis,
889 1225 983 1274 quia
1028 1225 1165 1262 omnia
1210 1225 1284 1262 ista
1319 1234 1355 1262 et
1394 1225 1549 1273 singula

235 1285 407 1321 reddunt
440 1293 695 1321 accusatores
729 1285 898 1320 fratrum
933 1284 1226 1332 dampnabiles.
1261 1286 1432 1332 Oportet
1456 1296 1549 1332 ergo

236 1355 332 1390 pure
367 1344 475 1391 quod
508 1343 740 1379 intendatur
780 1343 908 1379 honor
942 1342 1027 1388 Dei,
1074 1341 1269 1390 purgacio
1315 1342 1479 1379 ecclesie
1514 1351 1550 1377 et

235 1401 471 1437 emendacio
516 1400 689 1449 proximi
734 1400 925 1437 accusati.
981 1403 1027 1436 Et
1061 1401 1193 1436 adhuc
1237 1409 1397 1448 oportet
1442 1401 1549 1448 quod

235 1460 467 1495 observetur
499 1460 599 1495 ordo
633 1458 801 1507 triplicis
846 1458 1118 1506 correpcionis
1157 1459 1345 1504 fraterne,
1386 1460 1433 1494 de
1473 1471 1551 1507 qua

236 1517 401 1554 Matthei
433 1518 590 1564 XV1110,
621 1529 687 1565 173
734 1526 770 1553 et
803 1518 965 1553 demum
1000 1518 1117 1552 debet
1156 1516 1381 1553 obstinatus
1422 1516 1548 1553 caveri

237 1583 276 1611 ut
309 1575 479 1612 ethnicus
512 1584 548 1612 et
579 1588 659 1612 non
704 1574 911 1611 annuatim
959 1583 1169 1623 peccatum
1216 1587 1332 1611 suum
1378 1574 1549 1623 pecunia

238 1633 380 1670 redimi
414 1643 451 1670 et
484 1635 534 1670 ad
569 1633 785 1670 maximam
822 1633 894 1669 Dei
927 1632 1206 1681 prodicionem
1242 1645 1284 1669 ex
1317 1633 1424 1681 turpi
1459 1645 1551 1669 con-

237 1705 354 1728 sensu
379 1691 678 1729 contaminator
712 1691 877 1728 ecclesie
910 1704 982 1739 pro
1006 1691 1171 1728 veritate
1195 1691 1367 1739 pecunia
1390 1690 1551 1728 vendita

236 1750 463 1787 sustentari.
513 1752 628 1787 Unde
672 1749 830 1787 videtur
875 1749 973 1786 mihi
1023 1752 1130 1798 quod
1175 1749 1278 1786 sicut
1325 1749 1551 1798 improvide

236 1821 428 1845 accusans
473 1808 699 1856 proximum
745 1813 802 1853 (ut
835 1807 985 1844 dictum
1033 1817 1090 1844 est
1134 1807 1331 1856 superius)
1379 1816 1436 1844 est
1471 1808 1550 1844 eul-

237 1868 406 1914 pandus,
440 1866 496 1903 sic
529 1867 662 1903 celans
696 1865 975 1914 prodicionem
1009 1865 1175 1902 ecclesie
1208 1879 1250 1903 ex
1274 1866 1551 1902 taciturnitate

237 1924 456 1972 proditoris
490 1934 547 1961 est
581 1925 877 1973 dampnandus.

295 1984 471 2019 Moveret
503 1991 635 2019 autem
671 1984 720 2019 ad
753 1982 817 2030 pie
852 1981 1185 2030 compaciendum
1221 1980 1425 2029 fragilitati
1448 1980 1548 2029 lapsi
1583 1984 1821 2054 jXHXQ'jff'Cmffiltqsspxt

238 2099 367 2135 oculos
399 2101 451 2135 ad
482 2100 605 2136 celum
645 2100 777 2136 levare
808 2099 877 2135 sed
902 2098 1150 2148 percuciebat
1184 2105 1320 2147 pectus
1351 2111 1461 2134 sumn
1495 2098 1551 2133 <ii-

237 2170 325 2193 cens
357 2157 561 2194 humiliter
593 2157 659 2205 pio
692 2156 816 2205 patri:
857 2157 966 2193 Deus
992 2157 1196 2206 propicius
1228 2163 1307 2192 esto
1343 2156 1438 2192 mihi
1462 2168 1552 2205 pec-

238 2216 382 2261 catori;
424 2215 464 2252 in
503 2224 711 2252 momento
757 2215 919 2264 quidem
966 2215 1163 2251 contritus
1202 2223 1260 2251 est
1298 2214 1390 2251 licet
1428 2214 1553 2250 laicus

239 2282 276 2310 et
309 2274 517 2310 descendit
539 2274 579 2310 in
604 2275 768 2310 domum
802 2287 916 2310 suam
950 2273 1189 2310 iustificatus
1213 2274 1262 2309 ab
1287 2272 1551 2309 accusacione

181 2335 196 2367 s*
239 2341 456 2380 apparente
504 2332 691 2380 religiosa
738 2345 913 2368 securus
968 2334 1041 2368 Per
1087 2333 1161 2368 hoc
1206 2331 1311 2368 enim
1361 2332 1553 2367 docemur

239 2391 349 2439 quod
372 2392 478 2427 Deus
511 2399 568 2426 est
601 2390 670 2439 qui
703 2389 894 2426 iustificat
927 2399 965 2426 et
997 2391 1219 2426 secundum
1254 2390 1403 2426 scolam
1438 2402 1550 2425 suam

239 2450 416 2485 cavendo
450 2457 633 2497 questum
672 2449 835 2484 deberet
868 2447 953 2484 eius
985 2448 1158 2484 vicarius
1191 2460 1394 2496 apponere
1429 2447 1553 2483 medi-

239 2506 384 2543 cinam.
417 2506 551 2543 Stacio
585 2515 719 2543 autem
745 2519 767 2543 a
789 2507 907 2554 longe
939 2506 1030 2542 laici
1063 2515 1170 2543 retro
1203 2505 1392 2542 clericum
1423 2505 1554 2553 signat

309 2654 336 2680 fi.
359 2653 430 2680 DG:
452 2653 530 2680 enim
550 2653 651 2682 deest:
679 2652 719 2679 ib.
742 2652 765 2678 D
787 2652 816 2680 in
838 2660 951 2686 marga
976 2651 1052 2679 Tria
1071 2659 1090 2678 a
1111 2652 1199 2679 nobis
1213 2651 1389 2678 abscondita
1404 2654 1434 2678 et
1446 2659 1553 2687 quare.

239 2689 267 2720 Η,
289 2697 316 2723 t).
339 2688 381 2715 D:
405 2688 580 2722 proximum
599 2688 683 2723 quin.
769 2695 807 2719 12,
829 2686 866 2714 13.
888 2689 932 2714 A:
959 2687 1104 2720 parando
1124 2695 1189 2714 nas.
1275 2686 1314 2714 13.
1335 2687 1408 2713 lm:
1435 2687 1552 2713 'sert-so.

239 2732 278 2751 21.
300 2724 343 2750 A:
371 2723 546 2750 obstinatio.
631 2721 672 2749 23.
695 2721 769 2749 DG:
791 2723 1012 2757 perdicionem.
1096 2729 1141 2754 24.
1164 2721 1236 2748 lm:
1264 2722 1552 2749 cantaminumrum.

239 2766 282 2793 ¹27.
303 2758 376 2785 DG:
394 2757 615 2792 perdicimzem.
671 2758 715 2784 28.
738 2757 808 2783 lm:
830 2757 1019 2791 proditoria.
1077 2755 1116 2783 35.
1139 2757 1182 2783 A:
1203 2765 1322 2783 secura.
1378 2756 1424 2783 30.
1446 2758 1490 2783 A:
1512 2760 1557 2783 ext

239 2793 333 2820 deest.
409 2791 453 2827 37.
476 2793 547 2819 1›(}:
569 2792 663 2819 debet.

312 2878 363 2908 30.
394 2877 506 2908 Lucae
528 2876 647 2915 XVIII,
672 2878 720 2909 13.
