2062 3276
261 250 397 279 SERMO
418 239 556 297 xtvu]
743 253 935 293 QUARTA
963 253 1088 285 PARS.

261 372 332 397 suo
384 372 528 409 genere
581 373 683 408 pena
735 360 988 409 prestancior
1033 369 1070 396 et
1115 360 1281 397 affeccio
1329 360 1377 397 sit
1430 359 1575 397 timore

260 418 494 463 naturalior,
555 431 645 456 cum
700 418 825 455 beatis
878 419 986 455 deest
1039 426 1075 454 et
1130 418 1358 466 dampnatis
1410 418 1575 455 affeccio

261 476 520 513 beatitudinis
565 478 680 513 inest.
727 476 941 513 Beatitudo
979 488 1073 512 vero
1107 485 1164 512 est
1196 476 1280 513 sine
1314 475 1474 513 malicia
1506 477 1575 513 sed

261 547 363 583 pena
396 548 476 571 non
509 543 566 571 est
599 534 683 571 sine
716 534 909 581 bonitate,
949 547 1039 571 cum
1075 533 1124 570 sit
1158 533 1274 579 iusta,
1320 533 1439 582 igitur
1484 546 1573 570 cum

228 592 346 629 §istis
391 594 544 629 duabus
589 593 661 629 alis
701 593 853 629 vwlaret
897 592 1140 629 christianus
1173 593 1221 628 ab
1255 592 1331 628 isto
1376 601 1574 628 conventu

260 650 408 699 triplici
431 663 632 687 venenoso
657 652 706 688 ad
730 650 965 687 societatem
991 650 1135 687 civium
1161 663 1442 698 supernorum,
1467 651 1574 698 quod

261 708 376 745 nobis
411 710 606 746 concedat
641 709 805 746 conviva
839 708 1025 746 dominus
1057 711 1168 745 Jesus
1202 708 1398 746 Christus.
1432 709 1574 745 Amen.

717 892 912 933 SERMO
946 893 1113 932 XLVII.

322 999 517 1035 Gaudium
550 1006 606 1035 est
638 999 674 1035 in
713 999 794 1035 celo
826 1011 944 1049 super
983 1011 1055 1035 uno
1083 1006 1292 1048 peccatore
1318 1000 1574 1049 penitenciam

206 1070 244 1090 10
259 1065 409 1109 agente.
445 1059 550 1094 Luce
582 1059 686 1103 XV0‚
723 1070 759 1105 7.

318 1118 484 1153 Constat
524 1128 567 1152 ex
601 1115 830 1164 evangelica
870 1115 1034 1152 historia
1073 1117 1277 1163 quomodo
1312 1115 1512 1165 publicani
1542 1123 1576 1151 et

254 1181 483 1224 peccatores
505 1175 868 1224 appropinquarunt
890 1174 941 1209 ad
961 1174 1105 1217 Jesum,
1140 1181 1178 1209 ut
1204 1174 1384 1210 audirent
1417 1174 1574 1209 verbum

263 1233 350 1279 Dei,
398 1239 533 1268 contra
574 1244 668 1281 quos
707 1239 1053 1268 remurmurarunt
1089 1232 1215 1268 scribe
1253 1239 1287 1268 et
1320 1232 1498 1281 pharisei
1534 1244 1576 1268 ex

265 1303 385 1327 causa
410 1289 573 1337 triplici,
607 1290 738 1339 primo
761 1290 856 1339 quia
878 1291 1049 1327 oderunt
1071 1302 1204 1326 servos
1227 1290 1408 1338 publicos
1432 1289 1577 1326 cesaris

207 1350 243 1382 15
262 1348 329 1397 qui
364 1360 506 1385 census
531 1348 701 1384 Romani
725 1347 884 1397 imperii
908 1349 1172 1396 collegerunt3
1205 1349 1447 1397 appetebant
1471 1347 1574 1384 enim

260 1407 483 1443 libertatem
529 1415 566 1442 et
611 1419 681 1454 per
725 1419 977 1455 consequens
1018 1407 1233 1442 doluerunt
1277 1408 1324 1443 de
1365 1405 1576 1443 exaccione

259 1464 412 1510 tributi,
446 1466 622 1500 secundo
656 1465 750 1513 quia
783 1466 954 1501 oderunt
987 1464 1206 1511 Christum,
1241 1477 1287 1501 eo
1319 1466 1427 1513 quod
1462 1473 1577 1501 acute

260 1524 455 1571 arguebat
490 1532 655 1570 peccata
694 1535 832 1559 eorum
874 1532 910 1559 et
951 1535 1021 1571 per
1059 1535 1308 1571 consequens
1347 1522 1578 1559 invidebant

258 1582 362 1618 fame
401 1589 438 1617 et
476 1581 725 1629 reputacioni
758 1594 828 1618 sue
861 1581 901 1617 in
935 1581 1097 1629 populo.
1145 1582 1259 1618 Unde
1292 1581 1457 1617 Matthei
1490 1582 1575 1627 X10,

203 1651 244 1672 20
259 1640 512 1676 defamarunt
541 1652 631 1676 eum
664 1639 704 1675 in
736 1641 811 1676 hoc
844 1641 952 1688 quod
982 1639 1054 1675 fuit
1086 1639 1238 1676 amicus
1267 1638 1575 1687 publicanorum

260 1707 296 1734 et
321 1699 426 1734 Luce
450 1698 554 1744 XV0,
591 1707 627 1732 2.
664 1698 739 1734 Hic
766 1706 993 1747 peccatores
1026 1698 1162 1748 recipit
1194 1705 1229 1734 et
1261 1698 1469 1734 manducat
1491 1710 1575 1734 cum

260 1756 348 1794 illis.
381 1755 526 1792 Tereia
550 1768 670 1792 causa
702 1755 775 1792 fuit
798 1755 893 1804 quia
917 1765 1030 1792 erant
1053 1755 1231 1804 ypocrite
1253 1756 1430 1792 volentes
1452 1755 1576 1793 videri

259 1813 386 1851 sancti
419 1826 441 1850 a
473 1814 636 1862 populo,
670 1813 759 1850 ideo
794 1815 1016 1862 arguebant
1049 1823 1232 1851 sanctum
1267 1823 1497 1851 sanctorum
1532 1827 1574 1850 ex

259 1871 632 1909 communicacione
656 1884 745 1908 cum
766 1872 1056 1920 peccatoribus,
1080 1872 1173 1920 quia
1190 1873 1348 1909 Psalmo
1363 1874 1502 1919 XVII0,
1524 1883 1574 1920 27

203 1929 242 1961 25
261 1930 407 1967 dicitur
440 1943 523 1966 cum
553 1942 742 1979 perverso
770 1931 1026 1980 perverteris

319 1990 396 2025 Sed
425 1988 604 2024 Christus
635 1990 812 2025 secundo
836 1989 936 2025 dixit
968 1989 1043 2025 illis
1060 1989 1294 2038 parabolam
1328 1998 1409 2025 tam
1444 1989 1574 2037 ipsum

262 2059 383 2095 quam
422 2059 540 2083 suum
583 2046 830 2083 auditorium
873 2056 1140 2094 excusantem,
1181 2049 1387 2095 quomodo
1420 2048 1575 2096 quilibet

260 2117 408 2151 eorum,
447 2103 479 2140 si
516 2104 635 2141 fuerit
668 2106 790 2142 homo
824 2105 1051 2151 racionalis‚
1087 2106 1181 2141 dum
1216 2105 1394 2141 habuerit
1425 2113 1574 2142 centum

261 2175 349 2200 oves
381 2164 494 2199 datas
539 2162 612 2199 sibi
653 2165 702 2199 ad
747 2163 1034 2212 possidendum
1074 2173 1110 2200 et
1156 2163 1461 2201 custodiendum
1503 2165 1574 2200 sub

203 2222 244 2253 30
261 2234 364 2270 pena
395 2221 485 2267 vite,
525 2223 730 2269 perdendo
763 2235 891 2266 unam,
931 2222 1086 2258 dimittit
1119 2223 1331 2273 nonaginta
1373 2235 1506 2258 novem
1539 2223 1574 2258 in

261 2281 426 2323 deserto,
461 2279 566 2315 vadit
597 2281 648 2315 ad
680 2293 787 2316 ovem
821 2293 891 2329 que
917 2281 1094 2330 perierat
1125 2288 1160 2317 et
1193 2281 1384 2316 inventam
1417 2281 1576 2330 imponit

261 2338 296 2373 in
338 2339 519 2374 humeros
560 2350 649 2374 suos
685 2339 863 2389 gaudens
916 2346 950 2375 et
990 2338 1142 2375 veniens
1186 2339 1341 2374 domum
1393 2347 1577 2375 convocat

261 2396 405 2432 amicos
443 2403 478 2431 et
517 2397 658 2432 vicinos
697 2397 824 2433 dicens
856 2397 929 2434 eis:
971 2397 1314 2447 Congratulamini
1344 2398 1449 2441 mihi,
1487 2398 1573 2446 quia

262 2454 389 2490 inveni
424 2466 531 2490 ovem
571 2467 642 2503 que
674 2455 862 2504 perierat.
908 2454 1016 2491 Talis
1063 2454 1167 2491 enim
1214 2455 1395 2502 diligeret
1434 2468 1574 2504 quam-

205 2513 244 2544 35
262 2524 419 2560 cunque
457 2524 569 2549 ovem
605 2525 717 2549 suam
751 2526 830 2549 non
864 2514 993 2549 solum
1034 2522 1076 2550 ut
1108 2513 1399 2561 possessionem
1433 2515 1501 2550 sed
1534 2523 1576 2551 ut

260 2569 383 2606 vitam
418 2570 634 2619 propriam.

330 2723 354 2742 2.
376 2717 419 2743 A:
442 2716 555 2743 deesse.
630 2717 658 2743 6.
680 2717 783 2744 ADG:
810 2717 988 2745 societatem
1009 2718 1175 2745 celestium.
1249 2718 1276 2745 8.
1298 2718 1342 2746 H:
1364 2719 1472 2746 Sermo
1493 2720 1574 2747 25115.

259 2750 302 2778 23.
324 2750 397 2778 DG:
425 2751 454 2778 in
473 2751 598 2787 populo.
673 2759 716 2787 27.
739 2751 782 2780 G:
810 2752 1011 2780 adiutorium.
1085 2752 1126 2780 35.
1150 2752 1222 2780 DG:
1250 2755 1281 2780 in
1298 2754 1532 2789 possessionem.

329 2845 360 2878 9.
389 2835 517 2877 Gospel
544 2835 598 2866 for
625 2834 674 2868 ΒΜ
700 2836 841 2878 Sunday
868 2835 953 2867 after
979 2836 1127 2878 Trinity.
1230 2847 1280 2868 11.
1308 2837 1424 2869 Lucae
1449 2837 1522 2876 XV,
1549 2849 1574 2869 ι.

265 2891 315 2924 19.
340 2880 459 2913 Matth.
485 2881 540 2922 XI,
565 2891 614 2925 19.
712 2883 857 2924 27—34.
886 2882 1000 2914 Lucae
1024 2881 1127 2923 4—6.

1653 1121 1736 1158 Why
1756 1122 1806 1149 the

1650 1157 1808 1192 pharisees

1639 1192 1818 1219 murmured

1600 1227 1719 1262 against
1740 1226 1856 1254 Christ.
