2062 3276
204 314 255 349 85

264 438 416 465 Answer:

204 472 303 508 Every
321 471 476 499 Christian

292 507 385 534 needs

271 551 291 570 1.
312 542 413 575 Fauii,

268 737 294 757 ι
315 728 414 764 Ηορᾳ

255 1306 279 1335 3.
302 1306 439 1342 Charity.

236 1480 367 1515 Despair
388 1480 412 1506 is
433 1480 466 1506 ot‘

255 1521 315 1542 two
337 1515 444 1542 kinds:

243 1559 272 1578 a)
295 1550 450 1585 cowardly

239 1586 301 1613 sear
321 1586 355 1612 of
373 1593 460 1619 grace

285 1621 405 1653 raihna:

251 1656 277 1684 b]
300 1663 449 1682 overcou-

285 1690 410 1718 fideucc.

784 317 1008 349 JOHANNIS
1028 318 1211 349 WYCLIF
1231 317 1486 349 SERMONL'M
1592 303 1743 361 [SERMO
1766 314 1801 341 X.

552 425 625 462 Hic
659 424 803 460 dicitur
835 427 891 468 (ut
925 437 1015 471 sepe
1054 423 1250 471 superius)
1290 424 1396 471 quod
1430 423 1502 459 iste
1535 432 1612 459 tres
1644 423 1808 459 virtutes

492 482 714 530 theologice
758 490 849 517 sunt
893 481 1114 517 necessarie
1158 480 1313 528 viatori,
1366 494 1455 517 curn
1501 481 1808 518 fundamentum

494 541 570 578 xite
602 541 776 577 virtuose
809 539 949 575 viantis
983 539 1031 575 sit
1061 539 1157 575 fides
1191 549 1399 587 tamquam
1433 538 1661 575 substancia
1694 539 1810 575 firma

495 598 657 637 adhesio
701 597 857 634 veritati
897 606 978 633 tam
1019 598 1206 645 preterite
1240 610 1360 645 quam
1394 597 1539 633 future.
1584 599 1664 633 Nec
1695 596 1810 633 video

495 658 699 706 quomodo
736 655 864 692 viator
901 664 1033 702 posset
1072 655 1156 692 sine
1190 655 1265 691 fide
1299 654 1430 691 stabili
1463 654 1636 691 virtuose
1668 653 1810 691 vivere.

553 718 650 763 Spes
695 723 828 750 autem
875 721 930 749 est
976 713 1091 750 firma
1131 713 1294 750 adhesio
1332 713 1372 749 in
1413 726 1484 749 suo
1523 725 1666 760 genere
1705 713 1813 760 quod

495 783 659 822 propter
681 772 803 808 vitam
828 771 1046 807 virtuosam
1071 772 1192 808 homo
1216 771 1506 807 beatitudinem
1531 779 1812 818 consequetur,

496 841 532 867 et
556 831 656 867 sicut
680 829 719 865 in
743 830 819 865 fide
849 829 1053 865 dubitacio
1087 829 1307 877 expellitur,
1343 842 1431 865 cum
1467 828 1634 865 firmitas
1667 827 1813 864 noticie

496 889 545 926 sit
569 890 617 926 ad
652 887 847 924 creditum
878 886 1082 935 requisita,
1117 887 1171 924 sic
1204 887 1244 923 in
1277 900 1344 935 spe
1374 887 1546 923 formido
1580 886 1814 932 excluditur,

497 960 587 984 cum
634 958 677 983 ex
721 946 797 982 fide
837 954 873 981 et
912 944 1087 981 virtuosa
1120 945 1200 981 vita
1235 954 1270 981 et
1305 958 1347 981 ex
1381 945 1497 981 firmo
1533 943 1814 993 perseverandi

497 1004 701 1054 proposito
724 1013 907 1051 speratur
929 1004 1078 1051 absque
1101 1002 1315 1039 formidine
1339 1002 1505 1039 felicitas
1521 1003 1815 1050 consequenda.

499 1064 575 1100 Sed
608 1062 709 1099 sicut
743 1062 839 1098 fides
874 1071 1039 1098 evacuat
1072 1061 1464 1097 demonstracionem
1497 1061 1557 1097 vel
1590 1060 1816 1097 naturalem

497 1120 702 1167 noticiam,
754 1120 808 1156 sic
859 1131 947 1167 spes
998 1128 1162 1155 evacuat
1213 1119 1491 1155 certitudinem
1538 1120 1584 1154 de
1629 1117 1816 1166 presenti,

499 1192 589 1216 cum
622 1179 710 1215 loco
743 1177 834 1214 fidei
869 1186 905 1214 et
928 1177 1010 1225 spei
1044 1178 1261 1213 succedunt
1294 1177 1334 1213 in
1367 1176 1497 1225 patria
1521 1177 1628 1212 clara
1651 1175 1818 1212 intuicio

499 1246 618 1285 atque
651 1235 807 1273 fruicio.

557 1294 712 1331 Caritas
757 1303 890 1330 autern
937 1306 1013 1341 que
1057 1302 1114 1329 est
1162 1292 1330 1329 dileccio
1376 1294 1422 1328 de
1467 1291 1640 1340 presenti
1687 1300 1819 1328 manet

499 1352 676 1389 stabilita
707 1352 769 1388 hic
800 1361 837 1389 et
867 1350 933 1387 ibi.
972 1352 1084 1387 Unde
1108 1350 1263 1387 videtur
1287 1351 1394 1399 quod
1419 1349 1520 1386 sicut
1544 1349 1583 1385 in
1607 1349 1820 1386 virtutibus

503 1410 721 1447 moralibus
756 1408 968 1458 dupliciter
1009 1410 1129 1445 homo
1169 1418 1297 1456 potest
1331 1407 1499 1445 transire
1534 1407 1708 1444 medium
1744 1406 1819 1443 rir-

502 1479 676 1515 tuosum,
728 1468 782 1504 sic
827 1467 867 1504 in
912 1466 1079 1503 materia
1132 1467 1214 1514 spei
1266 1476 1397 1515 potest
1441 1467 1562 1502 homo
1607 1464 1820 1513 dupliciter

502 1528 725 1574 desperare,
766 1526 896 1573 primo
931 1526 1051 1561 modo
1090 1534 1297 1573 tamquam
1332 1523 1596 1572 pusillanimis
1630 1525 1676 1560 de
1711 1523 1819 1560 finali

503 1584 805 1633 perseverancia
858 1584 898 1619 in
952 1583 1116 1619 caritate
1161 1583 1330 1619 deficere
1383 1591 1419 1618 et
1471 1583 1646 1618 secundo
1701 1583 1819 1617 modo

503 1643 905 1690 superhabundanter
938 1642 985 1677 de
1010 1641 1080 1677 Dei
1114 1640 1388 1677 misericordia
1422 1641 1592 1676 errando
1626 1639 1819 1685 diffidere,

505 1702 610 1748 quod
635 1710 993 1748 quantumcunque
1016 1698 1160 1735 viciose
1184 1699 1320 1735 vixerit
1350 1707 1387 1734 et
1417 1698 1457 1734 in
1481 1699 1644 1734 tenebra
1667 1697 1820 1745 peccati

505 1757 815 1807 perseveraverit
848 1758 921 1794 erit
954 1758 1096 1803 salvus,
1131 1770 1219 1793 cum
1247 1760 1350 1793 Deus
1383 1770 1462 1792 non
1495 1765 1624 1803 potest
1657 1756 1821 1803 perdere

506 1829 623 1865 quem
669 1825 750 1853 tam
796 1816 973 1864 graciose
1018 1814 1198 1851 redemit.
1246 1818 1293 1851 Et
1331 1827 1420 1851 cum
1462 1813 1524 1850 hic
1565 1813 1614 1849 sit
1647 1813 1822 1849 defectus

506 1874 603 1922 spei,
648 1884 756 1922 patet
801 1876 908 1922 quod
953 1873 1042 1910 talis
1087 1872 1233 1910 viciose
1279 1875 1474 1920 desperat,
1521 1884 1609 1908 cum
1660 1880 1824 1918 propter

508 1933 705 1969 defectum
741 1932 832 1968 fidei
866 1931 1016 1968 excedit
1046 1930 1221 1968 medium
1247 1930 1480 1967 virtuosum.
1516 1931 1683 1977 Oportet
1716 1928 1822 1965 enirn

507 1990 681 2027 viantem
726 1990 921 2027 instanter
952 1989 1081 2026 vivere
1119 1989 1305 2035 virtuose,
1346 1988 1441 2036 quia
1481 2000 1570 2024 cum
1612 1986 1825 2023 retrocedit

509 2058 545 2085 et
579 2047 848 2095 indisponitur
881 2061 951 2096 per
982 2047 1238 2083 omissionem
1273 2046 1366 2082 boni
1398 2045 1542 2093 operis,
1577 2046 1693 2081 debet
1725 2043 1825 2081 vicia

511 2116 547 2143 et
580 2105 814 2142 omissiones
856 2105 1082 2142 huiusmodi
1122 2105 1210 2152 plus
1243 2117 1364 2152 quam
1406 2103 1640 2140 amissiones
1673 2106 1858 2150 tempo—s*

513 2164 652 2201 salium
688 2164 865 2199 omnium
904 2163 1129 2199 formidare.
1177 2163 1292 2208 Quod
1327 2171 1459 2198 autem
1495 2163 1645 2206 Petrus,
1682 2160 1827 2196 Paulus

513 2232 550 2258 et
593 2221 741 2257 similes
782 2223 829 2257 ad
864 2231 1021 2268 ternpus
1055 2221 1211 2257 fuerant
1244 2219 1425 2256 blasfemi
1459 2227 1496 2255 et
1529 2218 1643 2255 aliter
1674 2217 1826 2259 viciosi,

513 2279 737 2316 ostenditur
770 2279 839 2315 Dei
874 2279 1147 2315 misericordia
1187 2291 1229 2314 ex
1263 2279 1337 2314 hoc
1371 2278 1477 2326 quod
1510 2286 1592 2313 tam
1626 2277 1827 2312 fructuose

515 2338 771 2386 postmodum
820 2346 910 2373 sunt
956 2336 1127 2374 contriti,
1175 2338 1227 2372 Ex
1263 2337 1336 2372 hoc
1376 2334 1480 2371 enim
1516 2342 1704 2371 caverunt
1737 2347 1828 2381 pru-

516 2395 678 2431 dencius
712 2395 843 2431 futura
877 2394 1065 2443 pericula.
1100 2396 1191 2430 Ideo
1214 2393 1345 2430 videat
1378 2392 1552 2429 militans
1586 2391 1617 2428 si
1646 2391 1725 2428 vita
1757 2404 1828 2427 sua

517 2453 566 2489 sit
610 2452 786 2489 virtuosa
830 2453 973 2489 virtute
1018 2452 1109 2488 fidei
1153 2451 1348 2500 scripture
1394 2450 1524 2486 debite
1569 2450 1747 2498 regulata
1792 2458 1829 2485 et

517 2512 624 2547 iuxta
669 2511 915 2558 evangelium
965 2510 1151 2558 operibus
1195 2509 1274 2545 suis
1318 2508 1464 2545 sanctis
1509 2509 1624 2544 debet
1668 2519 1828 2555 sperare

519 2570 625 2617 quod
665 2569 836 2605 finaliter
873 2578 929 2605 est
970 2570 1201 2614 salvandus3
1242 2576 1278 2604 et
1310 2568 1445 2615 palpet
1477 2565 1706 2603 firmitatem
1740 2578 1830 2613 pro-

592 2713 609 2730 1.
632 2704 660 2731 A
682 2703 709 2730 in
734 2712 818 2738 marg
841 2713 846 2729 z
874 2702 1058 2738 Responsz‘m
1087 2702 1110 2728 E
1130 2702 1158 2728 in
1182 2709 1295 2735 marga
1322 2700 1456 2727 Solzccio.
1541 2708 1569 2733 4.
1590 2700 1618 2727 1:
1646 2702 1708 2727 lam
1729 2700 1828 2730 deest:

521 2739 561 2766 ib.
584 2740 610 2765 l:
639 2738 943 2773 {amquams11lm·e;
969 2738 1007 2764 ib.
1029 2737 1095 2764 1>E1
1124 2737 1152 2763 in
1181 2744 1266 2769 mart:
1289 2746 1295 2762 ι
1324 2735 1423 2761 Fides.
1549 2735 1576 2761 (ἱ.
1598 2735 1636 2762 Ε;
1664 2738 1709 2762 est
1728 2736 1829 2767 deest,

522 2774 561 2800 lb.
584 2773 649 2800 DEI
671 2774 699 2800 in
724 2780 835 2806 marg:
865 2774 950 2807 Spar.
1041 2772 1067 2798 δ’.
1091 2771 1208 2798 Codd.:
1237 2770 1289 2797 sic.
1388 2778 1427 2796 ιο.
1449 2770 1476 2797 1:
1504 2777 1541 2796 ex
1562 2769 1623 2796 vila
1644 2772 1675 2796 et
1692 2769 1830 2796 virtuosa

521 2807 598 2840 fide:
625 2808 668 2834 A:
688 2806 756 2841 fide
776 2815 822 2833 rw.
915 2815 947 2833 11.
970 2807 1012 2833 A:
1041 2804 1369 2841 absquefortitudine.
1455 2804 1496 2831 16.
1518 2805 1561 2831 A:
1589 2803 1715 2830 dileccio
1736 2804 1829 2831 deest.

524 2851 562 2876 ¹7·
585 2843 628 2869 A:
650 2841 828 2871 stabiliens,-
848 2842 887 2868 ib,
905 2841 969 2868 hel
991 2841 1019 2868 iu
1043 2849 1156 2875 marg:
1180 2839 1315 2866 Caritas.
1389 2846 1423 2865 20
1455 2839 1466 2866 Ι
1486 2838 1515 2866 in
1538 2846 1650 2873 marg:
1680 2838 1834 2865 fleverat

523 2878 610 2903 Imma
631 2876 803 2911 dupliciter.
869 2884 909 2903 22.
925 2877 969 2902 A:
991 2883 1028 2903 ex
1048 2875 1115 2902 Dei.
1180 2873 1220 2901 23.
1245 2874 1311 2900 bis:
1335 2873 1470 2900 virtuose
1489 2872 1610 2900 mlverit.
1672 2880 1719 2907 29,
1736 2875 1780 2898 'o.
1802 2872 1828 2899 1:

524 2911 609 2938 debet
627 2927 659 2930 —
680 2911 861 2938 mnissimzes
881 2912 973 2937 deest.
1066 2909 1112 2943 34.
1133 2910 1161 2936 I:
1189 2908 1271 2944 quod
1290 2910 1442 2936 caverent.
1538 2906 1578 2934 35.
1602 2907 1685 2935 DEI:
1712 2915 1829 2935 summa

520 2945 671 2980 pericula.
745 2945 789 2974 30.
811 2947 838 2973 A
849 2954 855 2972 t
877 2945 989 2972 debita.

1837 958 1874 979 10

1839 1237 1875 1268 15
