2062 3276
205 597 221 629 5

183 898 221 919 10

238 254 374 283 SERMO
395 244 520 302 xvm]
722 259 912 298 QUARTA
941 260 1066 292 PARS.

239 372 276 400 et
310 376 400 400 cum
433 364 556 401 solius
581 365 729 402 Christi
753 365 855 402 inter
879 366 1061 403 homines
1085 366 1134 403 sit
1158 367 1549 415 predestinacionem

239 421 413 459 hominis
435 422 594 470 intueri,
618 432 728 472 patet
751 425 859 473 quod
883 437 1048 472 parvam
1073 433 1110 461 et
1134 425 1339 462 confusam
1357 426 1549 464 noticiam

239 480 433 517 habemus
467 482 516 518 de
549 481 715 518 ecclesia
750 491 877 518 matre
909 491 1061 529 nostra,
1096 483 1188 520 licet
1217 483 1444 520 senciamus
1468 484 1551 521 eius

237 546 423 575 naturam
469 552 707 588 corpoream
752 548 789 576 et
835 539 917 577 eius
964 541 1170 578 sensibiles
1204 542 1422 590 passiones.
1472 544 1550 580 Do-

238 595 370 633 minus
415 609 509 645 ergo
555 597 720 634 istarum
767 597 888 634 trium
924 598 1131 647 regionum
1174 599 1241 648 qui
1282 608 1339 636 est
1378 601 1551 637 omnibus

238 655 439 691 mobilibus
482 656 661 692 mobilior
703 657 895 706 sapiencia
941 657 1153 705 coniugem
1201 657 1316 694 istam
1363 658 1549 705 inveniet,

236 711 329 749 licet
362 714 504 761 procul
536 713 654 750 fuerit
688 715 822 762 quoad
856 715 1003 751 locum.

295 772 441 816 Quoad
472 780 631 820 tempus
676 781 809 808 autem
855 782 912 809 est
956 774 1112 822 procul,
1159 786 1248 810 cum
1289 786 1311 810 a
1350 774 1549 822 principio

237 828 375 865 mundi
420 842 547 879 usque
592 831 641 866 ad
690 830 809 867 finem
863 831 1065 879 paulative
1117 833 1337 868 secundum
1393 832 1549 869 animas

236 895 462 934 generatur,
509 888 601 924 licet
632 890 797 925 verbum
833 889 905 925 Dei
950 902 1040 927 cum
1087 890 1238 938 angelis
1271 902 1430 938 semper
1462 890 1548 928 fuit.

293 946 343 981 Et
375 945 501 982 tercio
536 947 670 995 quoad
704 946 1018 995 disposicionem
1052 957 1109 985 est
1132 949 1286 997 procul,
1322 961 1412 985 cum
1436 949 1549 997 lapsa

234 1002 307 1038 fuit
340 1003 380 1039 in
412 1004 726 1041 fornicacionem
762 1018 965 1054 magnam,
1012 1015 1048 1043 et
1093 1006 1148 1043 sic
1192 1018 1319 1055 usque
1358 1008 1408 1043 ad
1442 1007 1547 1044 diem

234 1059 371 1097 iudicii
404 1064 675 1110 perornanda,
721 1076 793 1100 nec
839 1063 924 1101 sine
969 1064 1160 1113 suffragio
1194 1064 1377 1113 gracioso
1412 1065 1548 1113 sponsi

233 1118 294 1155 sui
319 1129 454 1167 posset
487 1120 629 1157 redimi
652 1121 713 1157 vel
736 1122 885 1159 ornari.
920 1125 1008 1171 Ipsa
1032 1123 1137 1160 enim
1162 1132 1219 1159 est
1242 1123 1323 1159 ovis
1345 1124 1548 1160 centesima

235 1185 272 1213 et
320 1179 491 1229 dragma
537 1179 684 1215 decima
729 1193 848 1228 quam
895 1190 1033 1229 pastor
1085 1183 1213 1218 bonus
1259 1181 1465 1218 invenerat
1511 1190 1548 1218 et

233 1237 408 1284 ponebat
441 1236 481 1272 in
515 1237 705 1274 humeris.
752 1241 832 1274 Nec
866 1239 1067 1276 dubitaret
1101 1239 1229 1276 fidelis
1262 1241 1309 1276 de
1342 1239 1548 1276 solucione

234 1293 508 1343 cuiuscunque
540 1295 701 1344 argucie
734 1297 899 1334 heretici
933 1297 973 1334 in
1007 1298 1081 1335 ista
1116 1297 1299 1344 materia,
1334 1307 1548 1346 quantum-

234 1363 392 1400 cunque
424 1353 543 1390 fuerit
576 1353 798 1402 capciosus

292 1411 369 1447 Sed
403 1411 498 1459 quia
530 1412 651 1449 talem
686 1413 878 1450 feminam
914 1414 963 1450 ad
997 1414 1075 1450 tale
1115 1413 1346 1462 coniugium
1388 1422 1549 1462 oportet

234 1479 316 1504 esse
351 1468 513 1506 divitem
548 1479 585 1506 et
618 1480 804 1508 ornatam
839 1480 876 1508 et
909 1472 1046 1509 omnia
1079 1471 1147 1508 illa
1170 1481 1331 1520 oportet
1355 1485 1377 1509 a
1400 1484 1548 1521 sponso

232 1528 464 1575 procedere,
499 1527 602 1565 sicut
634 1531 716 1566 Eva
750 1529 871 1567 fiebat
904 1543 926 1567 a
959 1543 1030 1566 suo
1064 1530 1246 1578 coniuge,
1281 1529 1371 1567 ideo
1402 1530 1548 1568 dicitur

232 1586 334 1634 quod
367 1586 412 1622 de
445 1587 590 1623 ultimis
610 1588 760 1637 finibus
787 1588 965 1638 precium
989 1589 1080 1625 eius.
1116 1591 1221 1625 Deus
1246 1588 1351 1625 enim
1377 1597 1434 1625 est
1459 1588 1548 1626 finis

232 1643 429 1684 omnium,
476 1644 603 1681 eciam
653 1647 775 1682 homo
810 1648 1032 1683 secundum
1068 1647 1333 1695 philosophos
1368 1656 1426 1683 est
1459 1647 1548 1684 finis

233 1711 414 1739 creature
448 1703 660 1740 cuiuslibet
694 1704 794 1741 citra
827 1704 971 1753 ipsum.
1006 1707 1054 1741 Et
1086 1705 1142 1742 sic
1174 1718 1344 1754 sponsus
1368 1705 1547 1751 ecclesie,

232 1759 300 1808 qui
332 1760 452 1797 simul
485 1764 590 1798 Deus
625 1771 661 1799 et
695 1764 818 1800 homo
853 1772 923 1805 est,
966 1764 1086 1800 habet
1119 1764 1191 1800 hos
1225 1764 1323 1800 fines
1368 1763 1546 1810 ultimos,

233 1830 323 1855 curn
370 1819 489 1856 habet
535 1821 787 1858 eternitatem
834 1830 872 1858 et
924 1821 1269 1870 temporalitatem
1319 1834 1395 1870 que
1442 1822 1547 1859 facta

232 1876 362 1913 fuerat
394 1887 504 1914 sexto
538 1878 613 1915 die.
660 1879 811 1916 Divicie
857 1892 951 1927 ergo
997 1879 1157 1916 deitatis
1202 1889 1239 1916 et
1284 1880 1546 1917 humanitatis

232 1934 386 1971 scilicet
429 1936 595 1973 virtutes
641 1947 699 1974 est
743 1937 924 1985 precium
972 1938 1089 1974 huius
1121 1938 1283 1975 femine.
1329 1939 1545 1984 Quondam

233 2001 366 2029 autem
402 1994 479 2031 dixi
513 1996 633 2044 quod,
668 1995 770 2032 sicut
802 2009 823 2031 a
856 2008 1005 2032 summo
1029 1997 1109 2033 celo
1122 1997 1206 2046 suit
1229 2008 1413 2047 egressus
1435 1997 1548 2033 liuius

232 2051 364 2100 sponsi
407 2054 466 2099 (ut
507 2053 653 2090 dicitur
686 2055 834 2091 Psalm.
868 2055 1003 2097 XVIII)
1049 2063 1086 2091 et
1131 2054 1360 2091 eternaliter
1405 2056 1546 2103 prede-

232 2108 393 2146 stinavit
426 2124 526 2160 quos
558 2111 683 2148 voluit
717 2125 801 2149 esse
835 2114 1016 2149 membra
1039 2113 1330 2150 ecclesiastica:
1365 2113 1420 2150 sic
1445 2126 1545 2161 opus

232 2166 485 2205 meritorium
519 2170 668 2206 factum
703 2170 742 2206 in
774 2170 837 2207 via
870 2180 907 2207 et
938 2170 1068 2208 infusa
1091 2171 1226 2220 gracia
1250 2180 1340 2208 sunt
1364 2171 1544 2219 precium

231 2229 452 2264 secundum
486 2230 594 2277 quod
627 2230 699 2265 hec
732 2229 879 2265 femina
913 2229 1089 2266 Domino
1123 2230 1349 2278 copulatur.

289 2286 370 2322 Nec
402 2295 563 2334 oportet
597 2296 826 2335 exspectare
851 2287 1165 2335 disposicionem
1196 2288 1316 2325 aliam
1354 2287 1394 2324 in
1418 2289 1544 2325 altero

175 2347 190 2379 ἶ
232 2344 375 2380 horum
411 2345 627 2393 coniugum
661 2346 722 2382 vel
755 2354 983 2394 exspectare
1028 2348 1305 2395 presbyterum
1353 2347 1543 2395 copulan-

230 2411 331 2447 tem3
377 2415 469 2439 nam
516 2404 591 2440 hoc
635 2403 707 2440 fuit
752 2404 901 2440 factum
947 2403 987 2440 in
1027 2405 1164 2441 mundi
1204 2404 1418 2453 principio,
1453 2418 1542 2441 cum

232 2462 336 2497 Deus
369 2461 612 2498 omnisciens
644 2463 693 2498 sit
727 2462 787 2497 vir
819 2462 1012 2512 confidens
1044 2463 1080 2498 in
1113 2476 1156 2499 ea
1191 2471 1225 2499 et
1270 2464 1459 2500 sacerdos
1504 2463 1544 2499 in

299 2606 323 2634 5.
345 2606 389 2634 G:
411 2607 608 2642 religionum.
666 2607 693 2634 6.
711 2607 754 2634 G:
775 2608 972 2643 sapienciam.
1028 2607 1053 2636 8.
1071 2608 1094 2635 E
1108 2608 1138 2635 in
1155 2617 1267 2643 marg:
1293 2609 1406 2645 Quoad
1418 2612 1544 2643 tempus.

231 2649 272 2669 10.
293 2641 336 2669 D:
356 2645 557 2677 generantur.
613 2642 655 2670 25.
677 2641 701 2669 E
715 2642 745 2669 in
762 2651 849 2670 marsr
870 2653 875 2658 ·
898 2642 1038 2670 Christus
1057 2643 1149 2670 habel
1168 2644 1245 2671 duos
1258 2646 1347 2678 fines.
1403 2644 1448 2671 28.
1469 2644 1494 2672 E
1513 2644 1543 2671 in

230 2684 343 2715 marg:
365 2676 505 2704 Precium
524 2677 659 2704 ecclesie.
732 2675 775 2704 33.
797 2663 874 2706 ΒΕ(
888 2678 1020 2705 Domino
1041 2678 1134 2705 deest.
1209 2677 1256 2713 34,
1277 2678 1319 2706 35.
1340 2680 1384 2707 A:
1412 2679 1544 2714 disposi-

230 2719 347 2738 cionem
366 2727 399 2731 —
420 2715 583 2747 expectare
604 2712 696 2739 deest.
772 2711 813 2740 35.
836 2713 904 2740 DE:
926 2716 1143 2748 expectantem.

301 2794 329 2828 5.
364 2796 443 2837 Sap.
462 2796 533 2835 VII,
562 2805 614 2837 24.
762 2807 812 2838 14.
839 2797 957 2831 Matth.
983 2798 1101 2836 XVIII,
1126 2807 1180 2837 12;
1215 2798 1330 2830 Lucae
1355 2799 1427 2837 XV,
1453 2797 1485 2837 8,
1512 2808 1543 2840 9.

233 2849 284 2874 22.
324 2842 425 2875 Prov.
457 2843 574 2877 XXXI,
607 2853 656 2874 10.
799 2853 851 2877 20.
891 2844 1016 2877 Psalm.
1049 2845 1166 2883 XVIII,
1201 2855 1230 2885 7.
1272 2844 1323 2876 Cf.
1357 2845 1406 2875 De
1440 2845 1542 2876 Eccl..

232 2896 308 2928 pag.
336 2888 408 2930 475v
557 2891 608 2929 [57.
637 2890 736 2920 prov.
763 2882 878 2929 XXXI,
904 2901 954 2922 11.

1765 269 1839 304 149

1584 784 1608 803 2.
1631 785 1663 804 as
1685 782 1714 804 to
1738 778 1821 812 time,

1641 949 1665 977 3.
1688 959 1720 978 as
1741 956 1771 978 to

1630 994 1775 1021 purpose.

1608 1419 1673 1446 Her
1693 1419 1799 1446 merits

1589 1453 1718 1489 proceed
1741 1454 1820 1482 from

1645 1488 1760 1517 Christ.

1606 2293 1674 2320 God
1696 2294 1721 2321 is
1742 2295 1793 2321 the

1592 2328 1687 2363 pricst
1706 2329 1743 2368 of
1760 2329 1809 2357 the

1619 2371 1780 2400 marriage.
