2062 3276
268 254 404 282 SERMO
426 243 547 300 [ΛΜ]
750 257 941 296 QUARTA
969 257 1094 289 PARS.

270 363 445 399 volucres
487 363 560 399 celi
596 362 761 399 Matthei
796 364 915 405 X1110,
949 375 988 408 4.
1041 365 1115 399 Iste
1154 371 1288 399 autem
1329 364 1405 399 due
1446 372 1579 412 partes

268 432 383 468 spere
422 420 648 457 sublunaris
688 429 803 457 erunt
842 420 1080 468 simpliciter
1118 420 1318 467 innovate,
1360 433 1452 457 cum
1498 421 1576 458 iam

269 479 482 515 turbantur
513 478 621 516 varie
655 487 692 515 et
723 477 996 526 irregulariter
1019 486 1111 514 sunt
1136 478 1364 525 commixte,
1398 480 1467 516 sed
1491 487 1580 527 post

269 536 374 572 diem
414 535 551 573 iudicii
590 538 758 573 tendunt
797 536 996 572 elementa
1033 548 1153 584 super
1192 536 1392 573 infernum
1433 537 1579 586 imper-

236 594 389 630 §mixte
429 593 668 642 regulariter
706 595 839 631 locum
881 607 1010 630 suum.
1056 596 1157 630 Nam
1192 602 1276 630 tota
1315 606 1432 643 spera
1465 594 1579 642 ignis,

173 644 372 705 f‘llgaeris
412 650 416 703 Ι
457 661 494 688 et
538 661 643 689 terre
688 660 783 689 tunc
827 651 1064 700 purgabitur
1103 660 1141 688 et
1180 651 1440 688 existentibus
1485 652 1581 700 ipsis

174 701 237 731 ³4³
269 709 354 746 sine
387 710 672 747 contrarietate
696 723 739 747 ex
763 711 980 759 equalitate
1004 709 1287 758 proporcionis
1311 709 1395 746 sine
1418 710 1582 747 accione

267 768 329 805 vel
360 768 572 805 reaccione
610 768 761 805 tenebit
800 768 840 805 in
873 768 1055 805 claritate
1096 768 1298 816 completa
1338 768 1581 805 elementum

268 825 469 874 singulum
516 827 648 863 locum
696 839 826 863 suum.
873 828 1193 875 Verumptamen
1239 825 1331 875 quia
1383 826 1582 864 elementa

215 897 253 918 10
267 883 424 932 singula
457 894 574 921 erunt
607 884 779 922 clariora
812 897 933 933 quam
967 893 1059 921 sunt
1099 886 1235 930 modo,
1276 892 1362 921 tota
1401 884 1581 933 opacitas

268 951 304 979 et
325 942 577 979 turbulencia
600 944 650 980 ad
672 952 825 980 tartara
848 944 1095 989 detrudetur,
1129 943 1185 980 sic
1209 944 1317 992 quod
1343 943 1402 989 (ut
1424 942 1581 979 videtur

270 999 540 1037 Lincolniensi
573 1001 795 1049 probabile)
828 1002 968 1038 eadem
1008 1001 1189 1049 opacitas
1222 1000 1262 1037 in
1294 1013 1465 1037 numero
1504 1013 1581 1050 que

269 1058 553 1096 continebatur
575 1059 615 1096 in
639 1069 801 1096 moneta
833 1059 955 1106 avari,
989 1059 1120 1108 ipsum
1155 1059 1351 1096 cruciabit
1384 1068 1580 1108 perpetuo

268 1125 358 1165 post
395 1117 499 1154 diem
540 1117 691 1154 iudicii.
738 1120 780 1154 In
819 1130 897 1166 qua
936 1126 1069 1154 autem
1117 1117 1299 1154 claritate
1343 1117 1416 1153 erit
1459 1126 1579 1165 terra,

215 1177 375 1224 15aqua
406 1176 467 1212 vel
500 1188 568 1212 aer
601 1175 748 1213 clarior
781 1189 902 1225 quam
944 1184 1001 1212 est
1040 1177 1176 1223 modo,
1220 1175 1484 1224 impertinens
1524 1184 1581 1212 est

269 1233 384 1270 nobis
424 1246 679 1282 cognoscere,
720 1247 810 1271 cum
845 1234 940 1271 satis
974 1242 1031 1270 est
1064 1246 1108 1270 ex
1140 1234 1218 1270 fide
1250 1233 1448 1282 scripture
1487 1247 1582 1271 con-

271 1291 402 1340 cipere
427 1294 533 1340 quod
568 1300 676 1329 totus
708 1292 781 1329 iste
816 1294 988 1329 mundus
1022 1291 1223 1329 sensibilis
1248 1301 1354 1329 extra
1378 1291 1577 1329 infernum

270 1349 343 1386 erit
366 1351 482 1398 longe
500 1350 660 1397 clarior,
685 1350 822 1399 purior
841 1360 878 1388 et
900 1350 1207 1399 permanencior
1224 1363 1343 1399 quam
1365 1358 1422 1387 est
1446 1352 1581 1387 modo.

328 1409 405 1445 Sed
438 1421 511 1457 pro
545 1408 752 1446 intellectu
785 1409 951 1457 epistole
984 1410 1161 1446 notanda
1195 1417 1253 1445 est
1286 1408 1498 1446 distinccio
1533 1410 1581 1445 de

213 1479 254 1501 20
269 1466 438 1503 ecclesia
470 1466 718 1515 supradicta.
764 1469 866 1504 Nam
902 1480 991 1504 curn
1027 1468 1151 1504 multe
1184 1466 1318 1504 anime
1351 1477 1444 1505 ante
1483 1467 1582 1504 illud

268 1533 427 1574 tempus
466 1524 806 1562 beatificabuntur
838 1525 878 1562 in
917 1526 1002 1562 celo
1043 1525 1222 1574 empireo
1263 1534 1300 1561 et
1338 1538 1477 1563 omnes
1517 1525 1582 1562 ille

270 1583 505 1620 reunientur
538 1583 701 1632 corpori
733 1583 932 1621 veniendo
966 1585 1015 1620 ad
1049 1583 1168 1620 finale
1201 1582 1410 1630 iudicium,
1445 1592 1582 1621 narrat

267 1642 468 1679 Johannes
492 1643 696 1691 quomodo
721 1642 814 1678 vidit
836 1641 877 1678 in
899 1641 1043 1691 spiritu
1075 1642 1295 1679 secundum
1330 1642 1419 1679 illos
1442 1644 1581 1679 beatos

268 1699 431 1748 spiritus
472 1701 657 1737 celestem
690 1701 907 1737 Jerusalem
948 1701 1238 1737 descendentem
1273 1701 1319 1736 de
1350 1701 1443 1745 celo,
1488 1700 1583 1750 quia

212 1761 251 1792 25
269 1759 317 1794 de
366 1759 449 1795 celo
499 1758 677 1807 empireo
732 1759 973 1795 descendent
1025 1758 1158 1795 anime
1207 1760 1257 1795 ad
1306 1767 1454 1796 terram
1508 1771 1580 1807 pro

269 1815 475 1865 capiendis
527 1816 765 1865 corporibus
813 1826 851 1853 et
897 1830 969 1865 pro
1022 1817 1312 1865 preparacione
1360 1818 1410 1853 ad
1463 1817 1582 1854 finale

268 1874 462 1911 iudicium
497 1883 534 1911 et
568 1874 829 1924 responsione
861 1875 1003 1912 ultima
1027 1888 1049 1912 a
1072 1874 1204 1912 iudice
1237 1874 1446 1923 capienda.
1472 1874 1582 1911 Veri-

269 1932 400 1969 simile
444 1942 580 1970 tamen
619 1942 677 1970 est
717 1934 825 1982 quod
864 1933 996 1969 anime
1035 1942 1117 1970 tarn
1158 1935 1415 1982 dampnande
1460 1946 1579 1982 quam

270 1991 459 2028 salvande
478 1990 642 2028 Domini
666 2000 759 2028 ante
782 1991 895 2028 illurn
921 1991 1025 2028 diem
1060 2000 1304 2039 cognoscent
1336 1991 1581 2028 sentenciam

212 2053 253 2085 30
269 2062 389 2097 quam
423 2058 518 2086 tunc
552 2049 726 2086 finaliter
758 2051 1035 2098 reportabunt,
1082 2049 1175 2098 quia
1214 2049 1332 2086 aliter
1369 2062 1451 2086 non
1489 2059 1581 2086 ante

268 2107 366 2143 illud
399 2116 556 2156 tempus
589 2108 719 2144 forent
752 2108 886 2144 anime
919 2109 1033 2145 beate
1057 2107 1172 2144 aliter
1195 2108 1256 2145 vel
1276 2109 1511 2156 dampnate,
1537 2120 1582 2144 eo

267 2167 375 2214 quod
408 2174 503 2202 tunc
536 2165 576 2202 in
608 2166 675 2203 illo
709 2166 934 2202 meditullio
968 2167 1065 2203 hore
1102 2165 1240 2203 iudicii
1279 2166 1410 2203 forent
1449 2165 1583 2203 anime

268 2225 555 2261 descendentes
599 2226 646 2261 de
691 2225 776 2261 celo
818 2224 961 2261 misere
1006 2233 1044 2261 et
1089 2225 1167 2261 alia
1212 2226 1372 2261 detruse
1419 2224 1583 2261 inferius

268 2281 396 2330 posite
429 2282 469 2318 in
501 2294 571 2331 spe
603 2282 842 2320 salvacionis
876 2291 1080 2331 perpetue,
1114 2284 1223 2331 quod
1255 2295 1338 2319 non
1371 2284 1504 2320 credo.

212 2342 252 2375 35
329 2340 501 2377 Audient
533 2349 667 2377 autem
701 2342 928 2389 generalem
963 2341 1211 2377 sentenciam
1244 2341 1392 2378 summi
1425 2340 1582 2387 iudicis⁷

269 2406 312 2434 ut
346 2398 472 2446 magis
517 2408 714 2448 appareat
758 2399 916 2436 iusticia
956 2398 1016 2435 sui
1055 2398 1207 2445 iudicii,
1252 2408 1295 2435 ut
1335 2399 1583 2448 dampnandi

269 2456 358 2504 plus
403 2457 565 2493 doleant
604 2466 641 2494 et
685 2466 728 2493 ut
772 2456 954 2494 salvandi
999 2457 1086 2505 plus
1132 2458 1345 2505 gaudeant.
1378 2458 1585 2494 Vocantur

272 2523 405 2551 autem
430 2514 485 2551 hii
509 2514 673 2563 spiritus
697 2516 744 2552 de
769 2516 854 2551 celo
888 2515 1022 2551 taliter
1055 2516 1344 2552 descendentes
1366 2516 1582 2552 Jerusalem

272 2572 407 2608 civitas
438 2580 584 2620 sancta,
618 2573 712 2622 quia
745 2582 977 2610 sanctorum
1012 2573 1183 2610 societas
1216 2574 1393 2622 perfecta
1417 2574 1584 2611 caritate

211 2644 256 2675 40
271 2630 397 2667 unita.
444 2630 593 2668 Civitas
634 2631 739 2668 enim
781 2631 927 2668 dicitur
965 2631 1251 2680 ethimologice
1290 2631 1404 2681 quasi
1438 2631 1582 2669 civium

272 2688 418 2725 unitas.
452 2689 522 2726 Illa
555 2698 688 2726 autem
723 2688 863 2726 civitas
898 2698 957 2726 est
980 2698 1075 2726 tunc
1098 2702 1200 2727 nova
1223 2691 1445 2727 secundum
1471 2691 1584 2727 dotes

272 2746 454 2795 corporis
488 2755 526 2783 et
558 2747 702 2784 anime.
738 2749 995 2785 Descendunt
1029 2747 1133 2785 enirn
1169 2747 1333 2797 spiritus
1366 2748 1407 2785 in
1439 2748 1584 2797 quibus

344 2894 371 2921 6.
394 2897 423 2921 et
442 2898 544 2927 terre‚·
563 2895 648 2921 cod.:
671 2898 793 2927 eterne;
813 2903 848 2922 an
871 2895 990 2922 etherii.
1095 2902 1131 2922 12.
1154 2896 1186 2922 In
1208 2903 1321 2930 marg:
1344 2895 1582 2931 Lyncolniensis.

1785 250 1863 295 493

1621 892 1669 920 All
1692 892 1840 919 darkness

1603 927 1662 954 and
1684 927 1861 954 turbulence

1614 962 1674 989 will
1696 962 1731 989 be
1752 962 1852 989 thrust

1654 997 1718 1023 into
1740 997 1808 1024 hen.

1602 1415 1669 1443 The
1690 1415 1814 1442 descent
1835 1415 1869 1442 of

1661 1451 1710 1477 the
1730 1449 1807 1477 New

1648 1484 1817 1512 Jerusalem

1644 1528 1750 1547 means
1770 1520 1820 1547 the

1609 1555 1706 1582 saints
1726 1555 1851 1594 coming

1606 1590 1697 1617 down
1719 1590 1766 1617 for
1787 1590 1866 1617 then·

1673 1625 1791 1652 bodies.

1628 1881 1783 1917 Probably
1803 1881 1841 1908 al!

1640 1918 1725 1944 souls
1746 1918 1837 1945 know

1598 1951 1677 1978 their
1692 1952 1750 1979 fate
1767 1951 1870 1978 before

1620 1987 1671 2013 the
1691 1987 1849 2022 judgment

1698 2022 1767 2050 dav.
