2062 3276
192 263 273 300 472
775 260 997 292 JOHANNIS
1016 259 1200 290 WYCLIF
1221 256 1475 288 SERMONUM
1553 242 1705 298 {SERMO
1727 251 1790 278 LX·

483 366 690 412 dileccior;
733 375 770 402 et
809 379 896 402 curn
934 368 1039 402 Deus
1080 363 1318 413 regulariter
1359 372 1467 399 amat
1507 370 1710 398 creaturas
1749 369 1791 396 ut

483 434 574 462 sunt
612 426 727 471 bone,
767 424 947 472 sequitur
979 425 1087 472 quod
1127 425 1174 459 de
1213 431 1326 458 tanto
1360 430 1417 458 est
1451 419 1604 456 melior.
1650 419 1791 462 Nolite,

482 483 612 532 inquit
657 481 852 521 Christus,
900 481 1041 518 mirari
1085 482 1118 517 si
1161 480 1237 516 odit
1283 492 1350 515 vos
1394 479 1571 522 mundus,
1615 476 1791 526 quoniam

478 542 654 592 priorem
688 553 748 576 me
780 541 884 576 vobis
916 540 1003 575 odio
1043 539 1172 576 habui!
1204 538 1291 573 Joh.
1316 538 1420 584 XV0,
1443 537 1504 572 18.
1540 538 1666 572 Ponat
1699 547 1793 582 ergo

485 602 607 637 horno
652 600 846 635 mundum
895 607 931 634 et
978 610 1117 634 omnes
1162 605 1366 633 creaturas
1416 594 1579 630 nocivas
1624 606 1667 629 ex
1714 595 1827 629 uno5

484 660 608 695 latere
641 666 678 694 et
709 666 834 705 ponat
867 655 1087 704 quemlibet
1121 654 1382 691 christianum
1426 665 1514 689 cum
1550 651 1716 688 veritate
1751 663 1794 687 ex

485 716 578 762 alio,
620 724 656 752 et
688 714 936 763 impossibile
976 722 1032 750 est
1072 715 1179 762 quod
1219 711 1456 748 universitas
1496 719 1629 747 creata
1661 710 1793 758 ipsum

485 774 639 823 peioret
688 774 885 809 servando
937 772 1065 808 iocale
1116 770 1287 808 virtutis.
1340 771 1417 806 Sed
1463 781 1509 805 eo
1555 768 1642 816 ipso
1687 768 1796 816 quod

485 840 695 881 peccatum
732 830 937 867 inducitur
970 831 1076 878 quod
1119 837 1279 877 oportet
1311 827 1502 875 originari
1537 839 1579 863 ex
1611 826 1796 862 libertate

487 889 654 935 arbitrii,
700 888 880 937 sequitur
926 887 1207 924 inevitabiliter
1252 884 1577 934 dampnificacio.
1630 886 1677 920 Et
1724 883 1855 920 iste1o

488 957 545 984 est
589 960 727 984 sensus
773 945 1049 995 Chrysostomi
1103 955 1138 982 et
1190 944 1360 981 aliorum
1413 951 1644 979 sanctorum
1690 943 1798 990 quod

488 1018 607 1043 nemo
640 1005 788 1041 leditur
824 1004 898 1041 nisi
933 1005 1092 1040 ledatur
1125 1002 1404 1052 principaliter
1437 1014 1459 1037 a
1492 1013 1532 1037 se
1565 1000 1668 1048 ipso,
1702 998 1797 1048 quia

487 1072 697 1112 peccatum
733 1072 791 1099 est
814 1072 895 1099 tam
931 1062 1115 1108 liberum,
1151 1062 1255 1110 quod
1290 1059 1364 1096 nisi
1399 1068 1499 1095 esset
1527 1057 1796 1095 voluntarium

490 1135 569 1159 non
602 1130 703 1158 esset
736 1129 962 1170 peccatum.

221 1189 454 1228 ExceJ1e11ceos
547 1183 601 1216 Ex
641 1180 725 1215 istis
765 1188 875 1227 patet
914 1180 1020 1227 quod
1062 1186 1272 1226 peccatum
1314 1176 1362 1212 sit
1403 1175 1515 1224 peius
1555 1186 1672 1222 quam
1715 1172 1856 1209 dia-15

281 1229 389 1252 *¹⁸¹¹*
489 1239 604 1275 bolus
636 1239 696 1274 vel
736 1237 813 1274 alia
853 1246 1051 1283 creatura,
1090 1235 1183 1284 quia
1224 1236 1332 1271 nulla
1374 1242 1557 1270 creatura
1598 1241 1654 1268 est
1695 1232 1799 1267 mala

489 1297 562 1333 nisi
598 1296 759 1333 racione
793 1295 961 1343 peccati,
997 1294 1086 1331 ideo
1111 1307 1199 1330 cum
1226 1301 1391 1341 propter
1414 1292 1519 1340 quod
1544 1290 1800 1337 unumquod-

490 1368 566 1403 que
600 1364 656 1391 est
690 1354 818 1402 ipsum
863 1362 919 1389 est
961 1353 1101 1394 maius.
1142 1352 1321 1400 sequitur
1354 1351 1461 1398 quod
1502 1357 1711 1397 peccatum
1751 1347 1801 1383 sit

490 1412 740 1460 originaliter
781 1421 817 1448 et
857 1424 927 1458 per
960 1423 999 1446 se
1034 1411 1198 1449 malum,
1233 1418 1269 1446 et
1304 1422 1392 1445 cum
1427 1407 1551 1444 virtus
1586 1416 1621 1443 et
1653 1405 1797 1442 vicium

493 1484 534 1507 ex
568 1470 757 1519 opposito
792 1470 1107 1517 correspondent
1140 1466 1504 1516 proporcionaliter
1543 1465 1580 1501 in
1621 1463 1801 1500 bonitate
1818 1474 1859 1496 20

493 1538 528 1565 et
563 1528 736 1574 maliciafl
772 1528 954 1576 sequitur
986 1527 1093 1574 quod
1126 1526 1249 1563 virtus
1283 1525 1331 1561 sit
1371 1523 1621 1571 originaliter
1654 1534 1724 1570 per
1763 1533 1802 1557 se

493 1590 608 1623 bona.
656 1588 749 1623 Ideo
791 1586 887 1622 dicit
920 1584 1167 1632 Augustinus
1207 1585 1312 1631 quod
1354 1595 1472 1619 nemo
1518 1589 1648 1629 potest
1693 1578 1801 1616 abuti

492 1646 649 1690 virtute,
685 1644 785 1680 sicut
820 1652 951 1692 potest
984 1643 1098 1679 bonis
1131 1651 1273 1678 nature
1307 1650 1342 1677 et
1376 1641 1547 1686 fortune,
1588 1648 1624 1675 et
1657 1637 1712 1674 sic
1747 1646 1802 1673 est

493 1705 642 1740 bonum
697 1702 794 1750 ipsis
846 1700 1108 1749 prestancius.
1163 1703 1261 1736 Nam
1309 1699 1450 1735 melius
1505 1706 1604 1734 esset
1657 1697 1803 1732 habere

495 1760 702 1797 minimam
727 1760 912 1796 virtutem
939 1772 1058 1807 quam
1093 1770 1213 1794 omne
1247 1759 1395 1793 bonum
1420 1757 1578 1792 fortune
1601 1753 1802 1802 possibile.
1822 1754 1859 1786 25

495 1821 593 1855 Cum
636 1818 712 1854 illis
754 1817 856 1854 enim
898 1827 974 1853 stat
1015 1816 1327 1864 dampnificacio
1366 1824 1403 1851 et
1446 1812 1605 1850 miseria
1643 1821 1723 1848 tam
1766 1811 1804 1847 in

495 1878 644 1913 mundo
689 1889 807 1924 quam
857 1875 894 1911 in
941 1875 1096 1911 inferno
1141 1875 1207 1910 sed
1252 1886 1333 1910 non
1379 1886 1468 1909 cum
1506 1871 1666 1916 virtute,
1715 1870 1804 1906 ideo

494 1934 731 1982 simpliciter
764 1934 905 1970 melius
940 1942 976 1969 et
999 1932 1177 1969 securius
1211 1940 1268 1968 est
1301 1932 1446 1967 habere
1469 1930 1657 1967 virtutem
1683 1940 1803 1976 quam
1821 1953 1896 1984 FOL

495 1993 656 2041 aliquod
697 1992 803 2028 aliud
842 1989 844 2044 l
880 1993 1051 2037 bonum3
1098 1999 1154 2027 est
1194 1989 1298 2026 enim
1340 2001 1462 2025 nexus
1495 1989 1544 2024 ad
1578 1999 1696 2035 quem
1731 1985 1803 2021 im-
1823 2000 1902 2039 342⁴*

497 2050 669 2087 mediate
703 2050 884 2098 sequitur
918 2050 1065 2086 habere
1089 2051 1215 2084 Deum
1242 2057 1278 2084 et
1301 2059 1371 2095 per
1395 2057 1644 2094 consequens
1669 2043 1805 2081 onmia
1823 2046 1864 2078 30

495 2111 600 2145 bona
641 2108 712 2145 Dei
753 2110 866 2144 Rom.
900 2109 1021 2149 V1110,
1060 2107 1128 2143 32:
1176 2107 1219 2141 Si
1256 2107 1362 2141 Deus
1400 2104 1567 2154 proprio
1606 2103 1689 2151 filio
1734 2114 1805 2137 non

489 2168 664 2217 pepercit
701 2167 769 2202 sed
800 2178 877 2215 pro
917 2166 1021 2201 nobis
1059 2165 1231 2200 omnibus
1264 2164 1426 2199 tradidit
1458 2163 1580 2204 illum,
1618 2160 1806 2209 quomodo

494 2237 566 2261 non
618 2237 702 2260 cnm
747 2224 828 2273 ipso
879 2223 1005 2258 omnia
1057 2223 1162 2258 nobis
1207 2221 1376 2263 donavit,
1424 2229 1465 2256 ut
1511 2220 1665 2255 donans
1710 2216 1806 2253 mihi

495 2295 650 2318 servum
688 2283 811 2318 donat
844 2279 982 2317 omnia
1016 2292 1091 2328 que
1125 2288 1214 2315 sunt
1248 2279 1356 2315 eius?

258 2347 326 2386 (3οᾴ
350 2352 431 2386 must
552 2340 697 2376 Tercio
739 2341 931 2376 debemus
971 2339 1132 2374 credere
1171 2339 1220 2373 de
1257 2335 1472 2385 punicione
1510 2334 1664 2383 peccati
1699 2334 1805 2381 quod
1823 2333 1863 2368 35

247 2382 438 2418 pnmshsm.
497 2401 603 2434 Deus
642 2410 721 2433 non
762 2406 893 2445 potest
934 2408 974 2433 se
1014 2395 1221 2432 continere
1255 2397 1303 2431 ab
1343 2394 1426 2430 eius
1461 2392 1676 2441 punicione
1710 2391 1806 2439 quin

496 2458 545 2492 ad
591 2456 770 2503 regulam
818 2454 1022 2503 puniatur.
1078 2456 1190 2490 Patet
1235 2453 1309 2489 sic:
1356 2454 1412 2488 Eo
1461 2451 1547 2499 ipso
1593 2463 1671 2498 quo
1718 2449 1807 2497 quis

495 2523 634 2562 peccat
668 2522 775 2550 caret
809 2525 947 2549 amore
971 2512 1041 2548 Dei
1077 2520 1113 2548 et
1147 2523 1217 2559 per
1247 2521 1496 2559 consequens
1530 2510 1636 2544 bono
1670 2519 1808 2544 conse-

566 2645 586 2664 1.
608 2636 680 2663 DG:
702 2644 768 2663 cum
787 2636 926 2662 mundus.
1005 2643 1034 2667 4.
1056 2635 1098 2661 h:
1120 2642 1190 2667 νος,ι
1215 2634 1255 2660 ib.
1279 2632 1321 2660 C:
1343 2632 1492 2659 habuerit.
1571 2629 1598 2656 8.
1619 2631 1662 2657 A:
1679 2632 1812 2665 poneret

495 2671 671 2703 servandm·
695 2671 736 2698 ib.
757 2669 831 2697 DG:
860 2670 958 2697 rotale
977 2669 1108 2697 virtulis.
1218 2676 1258 2695 10.
1280 2668 1322 2694 1³:
1349 2667 1409 2694 ille.
1518 2673 1556 2693 12.
1578 2665 1620 2692 l):
1647 2665 1719 2692 ledit
1737 2664 1808 2691 nisi.

498 2707 538 2733 16.
561 2706 602 2733 D:
630 2714 700 2732 nam
726 2705 822 2732 nulla.
931 2712 970 2739 17,
993 2704 1032 2731 ιδ’.
1060 2703 1135 2730 DG:
1163 2711 1228 2730 cum
1255 2700 1492 2736 unumquodque
1516 2702 1647 2735 propter
1670 2699 1744 2735 quid
1767 2701 1812 2725 est

497 2741 592 2776 ipsum
612 2741 719 2767 maius.
778 2741 816 2767 18.
838 2742 884 2766 est
903 2740 1005 2766 before
1026 2739 1122 2773 ipsum
1144 2738 1229 2765 deest
1245 2737 1273 2764 in
1289 2737 1379 2764 codd.
1438 2744 1478 2770 ¹9-
1500 2736 1544 2762 A:
1566 2738 1597 2762 et
1608 2734 1693 2761 deest
1709 2733 1810 2760 before

494 2783 552 2810 per
569 2783 611 2802 se.
684 2782 731 2803 21.
751 2775 795 2801 A:
823 2774 895 2809 ipsis
920 2774 1013 2801 deest.
1087 2772 1129 2799 25.
1152 2773 1193 2799 D:
1220 2772 1328 2798 honum
1348 2773 1469 2798 nature.
1542 2768 1584 2802 35,
1605 2768 1653 2796 36.
1673 2770 1717 2796 A:
1742 2775 1809 2803 pec-

497 2810 562 2837 cati
579 2825 611 2829 —
628 2810 795 2844 pzmicione
814 2809 907 2836 deest.

2052 2549 2062 2667 i

2052 2667 2062 2752 }

2054 2753 2062 2851 l,

569 2891 621 2912 22.
638 2882 670 2911 S.
690 2880 860 2921 &ugustiui
878 2879 1185 2917 Retractationum,
1200 2877 1258 2909 lib.
1276 2877 1297 2917 Ι,
1313 2887 1386 2918 cap.
1402 2877 1455 2915 IX,
1469 2886 1502 2917 4.
1518 2876 1610 2917 Opp.
1624 2882 1708 2906 tom.
1724 2874 1745 2914 Ι,
1761 2875 1809 2907 13.

2054 3142 2062 3276 nc.--1.2-
