2062 3276
175 245 249 281 156

210 484 285 511 Both
309 492 348 517 po
374 492 405 510 es

220 518 330 545 should
374 527 388 545 e

204 554 403 588 suppressed.

199 1760 265 1788 The
286 1761 413 1796 English

217 1796 326 1823 should
349 1801 401 1823 not

212 1831 310 1858 attack
331 1832 410 1858 their

169 1865 368 1900 neighbours,
391 1867 443 1893 but

209 1900 310 1937 purify
330 1901 409 1928 their

251 1936 361 1972 clergy.

746 254 969 286 JOHANNIS
988 253 1172 285 WYCLIF
1192 253 1447 285 SERMONUM
1481 240 1633 298 [SERMO
1654 250 1764 279 XVIII·

455 360 689 409 parentibus
727 360 804 397 nisi
844 362 952 410 quod
996 367 1107 396 erunt
1144 360 1240 396 sicut
1279 360 1333 396 dii
1367 360 1528 397 scientes
1560 361 1697 397 bonum
1731 367 1765 396 et

455 419 599 455 malum
634 431 677 456 ex
710 431 777 456 esu
809 417 905 467 ligni
938 417 1060 456 vetiti.

513 476 580 513 Isti
613 486 747 514 autem
782 489 884 525 pape
919 476 1074 524 fingunt
1104 476 1202 513 false
1234 488 1274 512 se
1307 488 1390 512 esse
1414 475 1562 513 Christi
1593 475 1764 513 vicarios

455 535 626 572 scientes
670 533 1062 583 predestinacionem
1113 543 1149 570 et
1196 533 1576 582 preordinacionem
1624 535 1765 582 damp—

455 593 637 630 nacionis
670 593 846 629 hominis
878 592 981 629 sicut
1014 594 1131 629 Deus.
1180 594 1227 628 Et
1267 605 1357 629 cum
1397 591 1534 629 omnia
1566 591 1642 628 ista
1673 594 1798 628 sunt5

456 651 644 697 heretica,
670 650 765 687 dicit
788 650 952 700 quidam
977 651 1086 699 quod
1103 650 1351 698 probabilius
1369 650 1472 687 foret
1489 662 1562 698 pro
1581 651 1766 687 habenda

455 709 523 746 illa
556 709 812 757 indulgencia
845 710 953 757 quod
985 721 1108 744 unum
1144 721 1310 756 regnum
1355 709 1416 745 vel
1459 721 1561 745 unus
1593 708 1766 757 populus

455 768 659 804 laboraret
691 769 742 804 ad
774 767 891 803 unius
924 779 1028 815 pape
1072 766 1370 803 secularitatem
1415 766 1496 803 sive
1541 766 1766 802 dominium

457 827 743 862 destruendum
778 834 815 862 et
849 824 949 862 alius
972 825 1145 873 populus
1168 825 1371 862 laboraret
1393 825 1444 861 ad
1467 823 1765 861 secularitatem

456 883 620 921 alterius
653 884 955 920 destruendum.
1004 885 1105 919 Nam
1139 883 1196 919 sic
1228 884 1460 920 laborarent
1492 881 1627 930 gracia
1659 881 1766 918 ordi·
1787 896 1825 917 xo

456 941 638 978 nacionis
661 941 810 978 Christi
843 950 881 978 et
913 940 973 978 sui
996 940 1191 989 privilegii
1214 940 1448 986 suscitandi,
1484 942 1605 977 modo
1630 949 1765 977 autem

456 1001 642 1037 laborant
694 1009 836 1037 contra
880 998 1084 1036 Christum
1137 1001 1187 1036 ad
1231 998 1488 1048 privilegium
1532 997 1767 1035 Antichristi

457 1067 597 1095 contra
630 1058 848 1095 Dominum
883 1057 1192 1104 defendendum,
1226 1070 1316 1094 cum
1351 1057 1533 1094 Christus
1567 1055 1768 1093 ordinavit

456 1117 559 1153 hanc
593 1117 772 1164 regulam
807 1116 995 1153 celestem
1029 1115 1231 1162 divinitus,
1267 1116 1451 1152 diabolus
1482 1127 1576 1151 vero
1600 1113 1768 1151 immisit

456 1174 496 1210 in
536 1174 747 1211 ecclesiam
782 1173 929 1211 Christi
974 1173 1278 1210 ordinacionem
1324 1172 1570 1210 contrariam
1616 1174 1666 1209 ad
1711 1172 1824 1208 in-15

455 1232 715 1269 toxicandum
761 1232 909 1269 Christi
954 1231 1180 1277 ecclesiam,
1233 1232 1339 1268 idem
1387 1240 1444 1267 est
1487 1231 1673 1267 laborare
1717 1231 1768 1266 ad

456 1291 751 1327 defendendum
776 1299 917 1327 contra
941 1289 1191 1327 adversarios
1213 1299 1369 1338 partem
1390 1289 1507 1326 istam
1527 1298 1564 1326 et
1581 1289 1768 1325 laborare

456 1349 496 1385 in
549 1361 670 1385 causa
723 1348 874 1385 diaboli
927 1357 1065 1385 contra
1120 1348 1336 1385 Christum.
1392 1348 1607 1393 Quondam
1662 1345 1767 1383 enim

457 1406 606 1444 Christi
639 1407 777 1444 vicarii
817 1406 883 1456 qui
918 1415 1030 1443 erant
1070 1415 1113 1441 ut
1150 1407 1324 1443 columbe
1360 1407 1411 1442 ad
1437 1406 1640 1454 fenestras
1678 1416 1768 1440 suas

458 1474 494 1502 et
527 1465 640 1513 quasi
674 1465 807 1514 aquile
846 1478 867 1501 a
911 1464 1167 1501 terrestribus
1212 1464 1352 1500 celitus
1398 1464 1600 1500 evolantes
1646 1463 1767 1498 modo
1785 1475 1827 1496 20

456 1524 557 1560 versi
590 1532 682 1560 sunt
713 1523 754 1559 in
792 1524 922 1571 talpas
968 1522 1073 1559 circa
1118 1522 1323 1559 terrestria
1367 1521 1564 1558 fodientes
1609 1529 1645 1557 et
1689 1532 1769 1556 ser-

457 1591 596 1630 pentes
629 1581 765 1618 fideles
789 1580 955 1618 ecclesie
978 1589 1234 1617 venenantes.
1268 1583 1349 1616 Nec
1372 1579 1444 1616 fuit
1469 1579 1599 1616 maior
1622 1591 1769 1626 oppor-

457 1639 608 1676 tunitas
655 1653 728 1688 pro
775 1652 894 1676 causa
939 1639 1011 1675 Dei
1055 1637 1303 1676 restituenda
1349 1650 1370 1674 a
1415 1638 1542 1674 multo
1587 1646 1769 1684 tempore

457 1697 684 1734 laborandi.
738 1699 821 1746 Ego
876 1706 1009 1734 autem
1057 1710 1138 1733 non
1186 1695 1399 1733 consencio
1447 1697 1556 1744 quod
1603 1707 1767 1742 regnum

459 1755 600 1804 Anglie
650 1756 711 1792 vel
757 1755 907 1804 *aliquis
962 1754 1204 1792 christianus
1256 1755 1411 1790 laboret
1463 1755 1513 1790 ad
1566 1752 1769 1801 proximos
1786 1755 1825 1787 25

461 1813 660 1850 hostiliter
693 1813 979 1853 invadendum,
1014 1814 1081 1849 sed
1105 1813 1210 1849 istud
1235 1812 1451 1849 affectuose
1476 1820 1636 1860 appeto,
1661 1811 1769 1859 quod

459 1884 579 1908 omne
612 1884 776 1920 regnum
811 1870 1097 1908 christianismi
1131 1871 1170 1907 in
1193 1883 1282 1918 ‘quo
1316 1869 1484 1907 ecclesia
1530 1877 1588 1905 est
1633 1870 1770 1905 dotata

460 1929 666 1967 caritative
699 1929 865 1978 incipiat
898 1943 920 1966 a
953 1942 993 1966 se
1026 1929 1113 1977 ipso
1146 1929 1290 1965 tollens
1323 1941 1344 1965 a
1378 1928 1483 1964 clero
1524 1938 1768 1963 venenosum

460 1987 699 2033 dominium,
734 1989 843 2036 quod
876 1996 1015 2024 contra
1047 1988 1174 2035 legem
1209 1986 1281 2023 Dei
1315 1987 1421 2023 clero
1460 1985 1681 2034 proditorie
1715 1993 1772 2021 est

461 2047 667 2091 collatum,
711 2054 748 2082 et
792 2055 882 2094 post
914 2047 1022 2094 quod
1056 2057 1178 2093 opere
1210 2045 1270 2081 vel
1303 2043 1471 2080 consilio
1505 2043 1639 2080 iuvent
1672 2042 1771 2079 alios
1789 2047 1830 2079 30

460 2106 511 2141 ad
544 2104 615 2140 Dei
648 2103 951 2140 ordinacionem
998 2116 1088 2140 cum
1138 2102 1416 2138 moderamine
1462 2101 1770 2146 defendendum,

461 2161 556 2210 quia
590 2171 732 2198 contra
766 2163 893 2209 legem
928 2161 1000 2197 Dei
1035 2170 1154 2209 atque
1186 2169 1330 2197 nature
1364 2169 1421 2196 est
1455 2160 1564 2208 quod
1596 2159 1771 2207 populus

460 2229 616 2256 tanturn
666 2219 865 2268 spirituali
912 2218 1103 2267 suffragio
1151 2219 1346 2255 relevetur
1394 2230 1467 2266 pro
1521 2217 1772 2253 defendenda

461 2290 581 2315 causa
630 2277 778 2314 diaboli
827 2287 864 2314 et
908 2278 1150 2313 destruenda
1198 2275 1461 2313 ordinacione
1508 2274 1685 2320 Domini,
1735 2283 1771 2310 et

459 2345 542 2373 tam
577 2336 856 2384 temporaliter
889 2348 1009 2384 quam
1034 2334 1297 2383 spiritualiter
1320 2333 1494 2371 severius
1518 2332 1772 2381 opprimatur
1789 2335 1828 2368 35

460 2407 533 2442 pro
568 2406 688 2430 causa
722 2403 758 2430 et
791 2393 1053 2431 ordinacione
1087 2392 1235 2429 Christi
1269 2392 1512 2429 suscitanda.
1567 2393 1648 2427 Nee
1680 2399 1772 2427 sunt

460 2452 603 2488 fratres
635 2452 696 2488 vel
729 2452 796 2488 alii
830 2451 1032 2488 sentencie
1066 2450 1159 2488 huic
1193 2452 1451 2487 adversantes
1484 2448 1671 2485 credendi
1695 2448 1771 2484 nisi

461 2522 532 2558 per
566 2509 815 2558 impossibile
848 2510 888 2545 in
912 2510 989 2546 fide
1011 2509 1209 2557 scripture
1233 2521 1273 2546 se
1296 2507 1551 2545 fundaverint
1572 2507 1634 2543 vel
1657 2506 1773 2543 aliter

462 2568 636 2614 racione,
671 2568 763 2616 quia
796 2568 945 2616 fingere
979 2567 1224 2604 mendaciter
1258 2568 1333 2603 hoc
1366 2579 1450 2603 esse
1483 2577 1716 2602 concessum
1751 2577 1773 2601 a

532 2732 556 2751 2.
578 2724 646 2752 DE:
674 2724 758 2759 ligni
775 2725 843 2752 vile.
918 2724 958 2757 16,
980 2733 988 2752 1
1014 2746 1020 2751 .
1041 2724 1080 2751 E:
1111 2723 1226 2751 Christi
1242 2738 1275 2742 —
1294 2722 1519 2757 defendendum
1539 2723 1639 2756 deest;
1666 2721 1706 2748 ib.
1726 2722 1771 2749 A:

462 2759 746 2822 Zssffiffpzffndwn
766 2775 797 2778 -
817 2759 966 2787 laborare
1008 2764 1080 2786 eest.
1162 2765 1207 2792 29.
1228 2758 1273 2785 A:
1305 2753 1438 2785 Domini.
1519 2755 1564 2784 36.
1586 2758 1630 2785 A:
1660 2755 1776 2783 Christi

540 2888 564 2910 1.
593 2878 678 2910 Gen.
705 2878 756 2917 III,
786 2877 814 2909 5.
917 2888 964 2920 ιι).
992 2878 1032 2908 Is.
1061 2877 1129 2915 LX,
1157 2878 1188 2908 δ.
