2062 3276
157 281 229 317 182
730 286 954 318 JOHANNis
974 285 1157 316 WYCLIF
1176 284 1431 316 SERMONUM
1496 269 1647 328 [SERMO
1669 280 1747 308 XXI-

438 394 505 442 qui
539 394 578 430 in
612 392 743 442 primo
777 391 839 428 die
872 390 1065 440 temporis
1098 399 1190 426 sunt
1214 389 1350 426 creati.
1385 389 1565 426 Christus
1599 397 1748 434 autem,

439 452 612 488 circulus
651 462 937 487 consummans
977 458 1191 497 utramque
1231 447 1521 484 beatitudinem
1560 446 1748 491 hominis,

440 523 529 546 cum
564 508 811 557 predestinat
845 507 1075 543 eternaliter
1108 515 1228 554 atque
1262 505 1452 541 divinitus
1493 505 1630 541 fideles
1664 503 1750 552 qui-

152 570 512 615 Christasaitltt‘11lbits
544 567 669 604 voluit
703 565 992 602 beatitudinem
1026 564 1264 613 promereri,
1304 576 1394 600 cum
1419 571 1553 599 autem
1578 562 1627 598 sit
1650 561 1750 598 veri-

220 616 358 639 xvitness.
441 634 501 662 tas
535 625 575 662 in
607 627 825 669 abstractO,
860 631 917 659 est
940 622 1051 659 testis
1076 622 1203 658 fidelis
1238 630 1379 658 nature
1403 620 1588 669 duplicis,
1612 633 1750 656 secun·
1768 623 1784 655 5

442 685 536 720 dum
576 695 689 719 suam
723 680 1031 725 humanitatem,
1065 680 1286 716 testificans
1320 688 1433 716 actus
1466 691 1558 715 suos
1593 687 1751 714 eternos

442 742 661 778 secundum
709 739 793 775 eius
833 738 1082 774 divinitatem
1124 747 1161 774 et
1195 738 1401 785 complens
1442 736 1674 773 humanitus
1713 735 1753 771 in

444 800 521 835 fine
560 807 789 846 temporum
831 805 973 833 cuncta
1014 795 1146 832 media
1179 808 1249 844 per
1282 808 1358 843 que
1390 794 1515 831 voluit
1555 794 1752 842 paciendo

444 856 642 893 redimere
686 855 868 891 membra
915 866 1008 899 sua3
1058 854 1148 890 ideo
1197 862 1255 889 est
1293 852 1404 889 testis
1452 851 1753 889 efficacissimus

444 915 663 951 secundum
698 925 844 960 corpus
877 921 914 948 et
947 911 1123 948 animam
1158 911 1378 948 testificans
1411 910 1599 947 Trinitati
1641 909 1754 946 satis·
1775 924 1813 944 10

444 971 669 1009 faccionem
704 969 879 1007 hominis
912 982 983 1019 per
1015 982 1055 1006 se
1078 970 1224 1018 ipsum.
1259 968 1370 1005 Sicut
1394 968 1498 1005 enirn
1525 976 1581 1004 est
1604 967 1755 1016 primo-

445 1030 601 1078 genitus
635 1038 902 1074 mortuorum,
938 1029 1013 1064 hoc
1047 1037 1117 1075 est,
1152 1026 1414 1075 spiritualiter
1437 1025 1594 1074 genitus
1616 1038 1756 1062 secun-

446 1089 541 1124 dum
565 1100 679 1124 suam
703 1086 1012 1130 humanitatem,
1040 1086 1095 1122 sic
1119 1084 1372 1134 principatur
1394 1085 1617 1121 secundum
1642 1096 1754 1119 suam

174 1155 242 1182 The
261 1154 356 1189 lsings
376 1153 416 1188 Qf
446 1145 739 1183 humanitatem
773 1157 892 1192 super
924 1144 1103 1192 singulos
1137 1156 1248 1191 reges
1281 1152 1399 1188 terre,
1434 1143 1508 1179 hoc
1533 1150 1603 1188 est,
1638 1153 1756 1178 cunc-

156 1189 508 1259 ¹'¹}}'s{‘}re²5hti³n¹}t{f¹etos
552 1202 861 1252 predestinatos,
908 1202 975 1251 qui
1019 1211 1226 1250 tamquam
1272 1200 1276 1252 Ι
1318 1202 1499 1237 membra
1549 1212 1621 1236 sua
1666 1207 1757 1235 sunt
1773 1178 1855 1257 {2¹32

448 1274 559 1310 reges
591 1261 631 1297 in
663 1260 808 1309 patria,
843 1269 879 1296 et
912 1261 968 1297 sic
1002 1269 1059 1296 est
1092 1259 1305 1296 causaliter
1337 1258 1492 1306 genitus
1525 1257 1757 1294 humanitus

449 1332 568 1368 super
612 1318 789 1367 singulos
833 1317 933 1355 alios
978 1317 1273 1366 predestinatos
1318 1318 1367 1353 ad
1414 1315 1601 1364 patriam.
1654 1317 1756 1351 Nam

449 1376 715 1414 intercidente
761 1386 891 1413 morte
935 1388 1006 1412 sua
1049 1385 1131 1412 tarn
1182 1374 1389 1411 meritoria
1432 1372 1621 1410 vivificati
1666 1380 1758 1409 sunt

449 1435 713 1484 spiritualiter
750 1434 895 1483 singuli
936 1435 1077 1471 fratres
1117 1433 1190 1478 sui,
1229 1446 1311 1469 non
1350 1431 1611 1479 intelligendo
1651 1431 1759 1479 quod

451 1493 634 1530 Christus
679 1505 857 1541 unquam
897 1492 971 1528 fuit
1009 1491 1273 1540 spiritualiter
1318 1499 1499 1527 mortuus
1539 1490 1605 1526 sed
1653 1489 1760 1537 quod
1776 1502 1818 1524 20

450 1551 523 1588 fuit
563 1551 830 1599 corporaliter
869 1559 1053 1587 mortuus
1093 1549 1339 1595 humanitus,
1380 1557 1417 1585 et
1456 1547 1660 1584 mediante
1693 1546 1761 1582 illa

453 1618 583 1646 morte
623 1609 768 1657 simpla
805 1607 1020 1645 vivificavit
1059 1607 1157 1644 alios
1201 1607 1328 1644 eciam
1373 1605 1535 1654 spiritus
1580 1613 1762 1641 mortuos

196 1674 276 1702 How
297 1673 403 1701 Christ
452 1680 522 1716 per
561 1676 786 1715 peccatum.
833 1669 880 1702 Et
919 1666 974 1703 sic
1013 1666 1233 1702 secundum
1276 1664 1388 1701 illum
1427 1665 1595 1711 gradum
1635 1670 1762 1699 status

163 1708 431 1772 fisstssvosssntgfthe
453 1724 713 1762 beatitudinis
752 1723 960 1760 hominum
1005 1732 1259 1760 mortuorum
1293 1722 1366 1758 fuit
1393 1721 1680 1772 primogenitus
1713 1721 1762 1756 ad

254 1777 344 1806 dead.
453 1795 612 1820 sensum
655 1782 893 1830 expositum,
941 1781 1066 1818 etsie
1098 1781 1231 1830 primo
1276 1780 1556 1828 temporaliter
1600 1777 1762 1814 intravit
1779 1782 1819 1814 25

454 1842 581 1877 celum
618 1840 658 1877 in
698 1852 867 1888 corpore
906 1848 943 1875 et
980 1839 1113 1887 primo
1152 1838 1431 1887 temporaliter
1470 1836 1639 1874 surrexit
1678 1848 1764 1872 cor-

454 1899 647 1947 poraliter
687 1899 809 1934 homo
854 1899 1074 1934 secundum
1119 1906 1334 1945 utramque
1378 1904 1563 1932 naturam
1610 1895 1763 1931 beatus.

167 1964 246 1992 How
268 1964 317 2003 the
333 1963 440 1991 bodies
456 1956 647 2002 Quamvis
681 1956 785 1993 enim
821 1956 947 1992 multa
980 1967 1153 2004 corpora
1185 1963 1418 1991 sanctorum
1453 1962 1545 1990 ante
1568 1963 1766 1989 resurrec-

184 1999 218 2026 of
234 2003 422 2061 szgtnttfierose
456 2014 611 2052 cionem
630 2013 778 2052 Christi
797 2022 1048 2050 surrexerant
1067 2013 1289 2050 efficaciam
1315 2011 1456 2048 mortis
1479 2023 1548 2047 sue
1571 2009 1766 2047 testancia

208 2068 398 2097 crucifixion.
458 2078 515 2116 (ut
530 2081 639 2121 patet
654 2071 821 2108 Matthei
836 2073 1010 2117 XXVHO,
1034 2072 1110 2117 52),
1132 2080 1268 2108 tamen
1290 2083 1371 2106 non
1395 2071 1562 2106 docetur
1585 2081 1628 2104 ex
1651 2080 1767 2104 evan·
1783 2073 1825 2105 30

456 2130 574 2178 gelio,
609 2131 716 2178 quod
749 2129 817 2166 illa
851 2141 1023 2177 corpora
1046 2138 1140 2165 tunc
1165 2130 1215 2165 ad
1238 2128 1362 2165 vitam
1386 2134 1653 2163 surrexerant.
1689 2126 1767 2161 Sed

458 2201 680 2225 consonum
712 2187 869 2224 videtur
904 2188 1013 2235 quod
1045 2186 1110 2223 ille
1141 2186 1274 2223 anime
1297 2194 1528 2222 sanctorum
1554 2183 1767 2220 coniuncte

458 2255 550 2283 sunt
588 2245 666 2281 illis
706 2244 945 2293 corporibus
983 2253 1025 2280 ut
1067 2244 1269 2289 motrices‚
1312 2252 1348 2280 et
1382 2243 1437 2279 sic
1476 2242 1568 2278 licet
1607 2242 1768 2277 fuerunt

457 2303 538 2340 veri
562 2312 682 2340 testes
706 2302 847 2340 mortis
872 2315 917 2338 ac
940 2302 1251 2339 resurreccionis
1274 2300 1489 2346 dominice,
1523 2312 1604 2336 non
1633 2308 1769 2335 tamen

459 2361 616 2397 videtur
650 2360 747 2397 mihi
781 2373 1003 2397 consonum
1038 2361 1145 2408 quod
1180 2372 1222 2396 ex
1255 2359 1322 2395 illa
1351 2357 1640 2395 testificacione
1663 2355 1826 2404 passi35

460 2420 620 2455 fuerunt
660 2418 897 2464 mesticiam,
939 2431 981 2454 ex
1015 2419 1090 2454 hoc
1130 2419 1238 2466 quod
1278 2425 1390 2453 erant
1429 2416 1488 2453 bis
1531 2414 1678 2451 mortui
1710 2414 1770 2450 vel

463 2477 595 2514 anime
641 2476 868 2513 desinentes
909 2489 979 2513 sua
1020 2488 1191 2524 corpora
1235 2474 1467 2519 informare,
1515 2485 1604 2509 cum
1639 2471 1771 2508 anime

462 2544 557 2571 tunc
590 2547 671 2572 non
704 2535 860 2571 fuerant
892 2533 1002 2571 unite
1035 2543 1077 2570 ut
1106 2533 1233 2570 forme
1257 2534 1324 2569 sed
1347 2541 1555 2581 tamquam
1581 2529 1770 2567 motrices

535 2738 562 2766 6.
584 2737 608 2765 E
629 2738 657 2764 iu
680 2745 794 2771 marg:
820 2735 908 2764 Jesus
929 2736 1068 2763 Christus
1086 2735 1171 2762 testis
1182 2733 1299 2769 fidelis.
1389 2742 1414 2769 7.
1436 2735 1480 2761 A:
1508 2733 1552 2760 ess
1572 2732 1772 2760 divinitatem.

466 2773 503 2801 13.
525 2772 594 2800 DE:
619 2771 847 2807 principaliter.
929 2779 970 2803 111,
992 2770 1028 2798 15.
1050 2769 1133 2797 DEI:
1155 2772 1278 2796 cunclos
1297 2769 1387 2796 alios.
1461 2767 1496 2796 15.
1518 2769 1561 2795 A:
1588 2769 1661 2794 sunt
1678 2766 1772 2794 deest.

466 2808 565 2835 1s.A:
587 2809 647 2833 tam
663 2806 756 2833 deest.
828 2814 874 2840 20,
890 2813 929 2833 21.
946 2805 1014 2832 DE:
1035 2804 1090 2832 sed
1101 2803 1184 2840 quod
1195 2819 1228 2822 —
1242 2804 1416 2831 humanitus
1430 2802 1524 2830 deest.
1597 2809 1636 2829 21.
1652 2802 1696 2828 A:
1717 2808 1774 2828 me-

465 2842 564 2869 diavit
587 2843 694 2868 morte.
838 2848 884 2877 29.
912 2840 940 2867 I:
971 2839 1183 2875 efficancimm
1213 2838 1253 2865 ib.
1278 2838 1344 2866 DE:
1375 2838 1482 2865 mortis
1508 2837 1608 2870 deest;
1638 2836 1677 2863 ib.
1704 2843 1774 2863 sue:

466 2877 554 2904 ADl:
579 2875 701 2902 Christi.
801 2873 847 2902 30.
868 2875 896 2902 1:
925 2874 1057 2902 Matthei
1073 2873 1184 2901 XXVII
1202 2873 1296 2900 deest.
1397 2871 1440 2900 33.
1461 2872 1505 2900 A:
1522 2870 1662 2906 fuerunt
1680 2870 1773 2898 deest.

464 2911 512 2944 3!-
533 2910 631 2938 ADE:
658 2912 757 2937 tamen
778 2909 871 2936 deest.
