2062 3276
259 240 396 269 SERMO
417 232 528 289 xxm]
741 246 932 285 QUARTA
961 247 1086 279 PARS.
1785 258 1795 281 ¹
1809 246 1856 293 93

257 350 464 394 exercitus;
505 352 715 400 supposita
757 362 890 390 autem
931 353 1098 390 veritate
1133 355 1229 392 dicti
1263 356 1303 392 in
1337 358 1411 393 hoc
1446 358 1568 394 dubio

255 406 452 455 implicati
504 409 661 446 videtur
699 412 807 459 quod
852 424 957 460 papa
996 411 1044 448 sit
1085 414 1161 449 dux
1201 414 1318 450 huius
1359 415 1566 461 exercitus,

255 465 349 513 quia
389 467 596 514 proximus
631 468 701 504 l)ei
742 467 913 505 vicarius
947 478 984 506 et
1023 482 1163 518 gerens
1204 471 1400 508 direccius
1441 473 1565 510 vicem

254 523 415 560 Christi.
451 526 529 561 Sed
563 526 637 562 hoc
669 525 826 563 videtur
861 527 1058 572 mirabile,
1092 542 1181 565 cum
1207 531 1283 565 dux
1316 530 1431 566 huius
1462 543 1568 568 exer—

221 581 354 617 5citus
389 583 506 620 debet
540 595 624 620 esse
657 583 760 620 inter
785 586 975 622 mortales
1011 586 1183 623 maxime
1216 587 1430 633 virtuosus,
1464 589 1567 625 sicut

253 640 448 687 dyabolus
493 650 549 677 est
592 641 763 679 maxime
794 642 980 680 viciosus.
1021 646 1122 680 Nam
1164 645 1335 682 maxime
1380 655 1566 683 strenuus

252 696 293 733 in
336 698 509 735 sciencia
554 699 786 748 theologica
826 710 862 737 et
900 701 1046 738 virtute
1092 704 1208 739 debet
1253 705 1399 741 ducere
1443 705 1563 741 istum

251 755 482 802 exercitum,
532 756 626 805 quia
674 758 789 795 aliter
837 759 984 796 faceret
1031 759 1164 808 ipsum
1219 764 1474 799 retrocedere
1528 772 1565 799 et

251 813 508 861 culpabiliter
541 816 740 864 deperire.

197 885 234 905 10
307 873 385 908 Sed
418 885 508 908 cum
542 886 623 910 non
655 873 704 910 sit
737 874 778 911 in
810 883 1010 923 potestate
1043 877 1307 914 cardinalium
1343 879 1403 914 vel
1435 878 1564 914 homi·
1618 887 1687 915 Men
1708 893 1822 916 cannot

248 941 343 965 num
378 929 617 978 eligencium
650 933 772 969 talem
806 933 936 969 facere
968 935 1029 970 vel
1063 935 1220 983 eligere,
1263 935 1420 972 videtur
1454 939 1562 985 quod
1591 923 1842 992 ςιιξὲῧῗῗνῗεῗξξξ

250 987 464 1036 episcopus
509 989 564 1025 sie
608 989 841 1027 nominatus
880 1004 961 1027 non
1000 992 1051 1029 sit
1090 993 1327 1041 regulariter
1361 1007 1467 1042 papa
1502 1007 1562 1031 ec-
1603 990 1835 1055 ffig-{Q'dxghgoits

248 1045 365 1082 clesie
411 1046 634 1084 militantis.
686 1050 800 1085 Tunc
845 1049 949 1085 enim
997 1051 1099 1087 foret
1144 1052 1232 1099 plus
1284 1061 1471 1088 strenuus
1522 1053 1562 1089 in
1597 1062 1664 1089 best
1684 1063 1841 1097 qualified.

247 1116 379 1151 pugna
412 1104 611 1152 spirituali
648 1115 684 1142 et
717 1106 899 1143 omniurn
933 1107 1126 1145 virtutum
1149 1123 1293 1157 genere
1318 1111 1406 1158 plus
1430 1124 1561 1147 arma—

194 1165 229 1197 15
246 1169 322 1198 tus.
370 1163 438 1199 Ille
479 1163 583 1200 enim
625 1164 854 1214 quicunque
888 1165 1007 1202 fuerit
1040 1175 1098 1203 est
1132 1170 1216 1204 Deo
1250 1169 1338 1216 plus
1372 1178 1560 1217 acceptus

246 1228 283 1255 et
317 1221 400 1257 Deo
434 1221 702 1271 propinquior
735 1222 774 1259 in
806 1223 965 1261 virtute.
1012 1227 1060 1261 Et
1093 1225 1200 1262 iuxta
1239 1226 1559 1274 descripcionem

244 1278 419 1315 nominis
453 1288 562 1328 patet
593 1293 675 1316 non
708 1282 1039 1330 equivocantibus
1063 1285 1171 1331 quod
1196 1284 1428 1321 huiusmodi
1459 1286 1560 1322 foret

245 1349 363 1384 papa.
417 1338 540 1374 Error
588 1351 681 1386 ergo
726 1339 766 1375 in
812 1340 1014 1377 eleccione
1062 1341 1174 1378 ducis
1223 1343 1314 1379 talis
1364 1343 1559 1380 exercitus

245 1403 428 1431 causaret
461 1395 657 1433 maiorem
692 1409 870 1434 errorem
905 1398 945 1434 in
969 1412 1102 1447 pugna
1125 1409 1245 1448 atque
1269 1401 1438 1437 victoria
1464 1414 1557 1438 con-

188 1461 448 1500 2osequente.
494 1454 569 1490 Hic
612 1455 770 1491 videtur
817 1455 914 1492 mihi
960 1459 1068 1505 quod
1114 1459 1323 1506 proprium
1370 1469 1427 1495 est
1474 1462 1558 1496 Deo
1591 1468 1659 1496 The
1680 1469 1786 1496 choice
1807 1470 1841 1497 os

243 1511 364 1547 talem
398 1512 540 1548 ducem
575 1512 732 1561 eligere,
767 1513 869 1550 sicut
902 1515 1112 1563 proprium
1149 1525 1205 1552 est
1232 1519 1314 1553 Deo
1339 1518 1458 1553 talem
1482 1518 1558 1554 vir-
1581 1508 1847 1567 reitinxlxiitiioffod

243 1576 404 1605 tuosum
438 1569 647 1607 instituere
681 1571 761 1608 sive
795 1585 1037 1620 cognoscere
1071 1587 1140 1622 pre
1174 1574 1275 1619 aliis,
1312 1584 1347 1611 et
1371 1588 1441 1623 per
1465 1589 1558 1612 con-
1661 1574 1760 1602 alone.

244 1638 427 1675 sequens,
464 1641 553 1664 cum
588 1642 669 1665 non
709 1631 825 1667 debet
865 1643 949 1668 esse
988 1632 1136 1668 eleccio
1176 1633 1251 1668 nisi
1293 1635 1340 1670 de
1380 1634 1555 1681 cognito⁷

241 1684 399 1721 videtur
445 1688 552 1734 quod
596 1688 725 1724 solum
762 1689 834 1725 Dei
875 1699 932 1725 est
970 1691 1090 1726 talem
1138 1691 1296 1738 eligere.
1343 1692 1382 1727 Si
1423 1701 1557 1728 autem

186 1746 225 1778 25
242 1743 420 1780 humana
453 1745 712 1794 presumpcio
747 1748 864 1783 cadat
896 1760 1016 1796 super
1039 1748 1151 1784 illum
1178 1762 1295 1797 quern
1319 1751 1423 1786 Deus
1449 1750 1556 1798 eligit

243 1803 366 1849 (quod
405 1815 498 1839 raro
539 1803 696 1849 evenit),
743 1813 837 1841 tunc
877 1807 999 1842 homo
1040 1806 1188 1855 eligens
1232 1809 1351 1843 stulte
1391 1817 1427 1844 et
1469 1821 1557 1856 pre-

241 1859 440 1908 sumptive
485 1863 717 1910 promulgat
758 1876 875 1911 quem
917 1866 1023 1900 Deus
1062 1864 1173 1912 prius
1214 1867 1400 1913 elegerat.
1442 1868 1557 1903 Unde

240 1920 580 1955 verecundaretur
612 1920 883 1957 Antichristus
924 1923 972 1958 de
1013 1922 1099 1959 istis
1139 1924 1332 1970 arguciis:
1375 1925 1557 1961 Christus

242 1975 359 2023 elegit
408 1977 621 2014 duodecim
670 1980 892 2026 apostolos,
947 1980 1049 2016 sicut
1098 1981 1234 2017 fideles
1284 1982 1433 2029 eligunt
1481 1982 1556 2018 sibi

184 2037 226 2069 30
242 2035 384 2080 Deum,
419 2047 512 2083 ergo
545 2048 616 2083 per
649 2035 755 2073 idem
790 2038 974 2074 homines
1007 2038 1063 2074 sic
1097 2038 1288 2086 eligerent
1313 2040 1386 2076 sibi
1412 2041 1555 2077 ducem

239 2091 504 2139 spiritualem.
548 2093 730 2130 Christus
764 2095 868 2131 enim
902 2096 975 2132 fuit
1015 2096 1204 2133 divinitus
1246 2098 1450 2146 sapiencia
1484 2098 1555 2135 Dei

145 2130 377 2207 qIOIIQpatriQ
425 2152 474 2187 ad
513 2151 625 2188 cuius
668 2153 998 2190 omniscienciam
1038 2154 1191 2191 viantes
1230 2169 1310 2192 non
1352 2154 1552 2208 possuntl

145 2204 153 2209 ”
239 2207 436 2256 attingere
476 2218 513 2245 et
551 2209 624 2246 fuit
670 2212 902 2248 humanitus
947 2212 1135 2249 continue
1175 2212 1312 2250 videns
1354 2214 1393 2250 in
1431 2216 1553 2251 verbo

239 2266 336 2313 quid
369 2275 406 2302 et
439 2267 611 2315 qualiter
644 2278 701 2305 est
724 2272 938 2317 agendum.
963 2270 1151 2307 Verilicct
1176 2284 1270 2319 ergo
1294 2282 1553 2321 presumptor

182 2324 499 2372 &blasphemus
546 2325 715 2363 istorum
766 2329 937 2364 alterum
985 2330 1031 2365 de
1076 2341 1116 2365 se
1161 2329 1249 2377 ipso
1297 2331 1357 2367 vel
1408 2332 1553 2367 habeat

238 2382 501 2420 revelacionis
545 2384 760 2422 scintillam
810 2395 846 2422 et
892 2387 1120 2435 promulget
1166 2397 1260 2424 tunc
1307 2388 1550 2425 eleccionem

239 2439 430 2477 divinam.

296 2500 344 2534 Et
378 2508 572 2547 quantum
615 2502 665 2537 ad
706 2502 781 2538 hoc
821 2504 929 2550 quod
972 2503 1108 2540 fideles
1143 2506 1269 2540 Deum
1313 2504 1463 2552 eligunt
1502 2505 1552 2541 sit
1608 2509 1667 2557 We
1688 2511 1728 2538 do
1750 2516 1802 2539 not

239 2556 388 2592 elector
420 2566 500 2593 tam
538 2568 667 2595 certus
701 2561 809 2608 quod
843 2574 936 2596 suus
970 2562 1120 2598 electus
1153 2562 1202 2598 sit
1236 2571 1318 2599 tam
1351 2563 1551 2599 virtuosus
1575 2546 1840 2618 miglrliorxgalx'vyhzziltoe.

178 2626 223 2658 40
239 2623 275 2650 et
314 2614 459 2651 habilis
500 2624 540 2651 ut
585 2616 848 2664 spiritualiter
894 2619 1136 2666 proferatur,
1182 2619 1284 2656 sicut
1324 2629 1381 2657 est
1421 2631 1551 2658 certus

304 2737 328 2765 5.
350 2737 419 2765 DE:
440 2739 582 2766 morales.
641 2748 682 2767 10.
705 2740 773 2767 DE:
795 2741 940 2776 inpar-le.
998 2741 1034 2769 15.
1056 2742 1084 2769 I:
1106 2742 1166 2769 Iste
1185 2743 1274 2770 enim.
1338 2752 1376 2779 17.
1398 2745 1442 2772 A:
1465 2747 1554 2780 patet

235 2772 320 2806 quod
336 2780 408 2799 non.
466 2776 505 2800 ιδ.
526 2774 570 2800 A:
592 2782 670 2808 ergo
692 2775 785 2802 deest.
850 2784 893 2802 20.
910 2776 933 2803 E
949 2776 976 2803 in
995 2785 1107 2811 marg:
1128 2777 1307 2813 Responsio.
1364 2787 1482 2813 22—24.
1504 2781 1549 2807 A:

235 2809 377 2842 etper—
392 2808 453 2834 Dei
470 2808 564 2835 deest.
633 2809 679 2842 26,
695 2817 739 2844 27.
761 2811 805 2837 A:
824 2812 1070 2850 presumpcione.
1144 2813 1189 2840 28.
1211 2814 1238 2840 1:
1260 2813 1327 2840 istis
1345 2815 1550 2849 argmnentix.

235 2849 282 2872 21).
304 2842 372 2869 DE:
399 2845 537 2878 tempore
558 2844 604 2877 (μ’)
630 2845 807 2879 apostolos:
831 2846 871 2872 ib.
900 2846 923 2873 E
950 2854 978 2873 111
1008 2855 1122 2882 marg:
1149 2847 1339 2884 Argumentz
1361 2850 1542 2876 Anticnrisn'

235 2885 285 2909 40.
307 2876 408 2904 ADE:
431 2881 463 2904 ut
483 2878 582 2912 dcem
610 2878 650 2905 ib.
673 2879 740 2906 mi:
764 2880 959 2915 preferatur.

1373 2935 1409 2965 1'2'
