2062 3276
164 272 241 309 358

191 979 218 1005 A
240 986 309 1004 man
333 977 357 1003 is
378 980 407 1002 at

207 1020 298 1047 peace
320 1010 392 1038 with

181 1047 307 1075 himself
325 1046 412 1072 when

175 1084 224 1110 llic
246 1081 326 1116 body
348 1081 373 1108 is
394 1080 423 1107 in

175 1118 232 1146 duc
254 1115 424 1151 subjection

200 1158 230 1181 ιο
252 1152 301 1179 llic
323 1151 400 1178 soul.

182 2141 273 2166 l'cacc
296 2137 365 2163 with
387 2143 444 2162 our

226 2172 397 2207 neighbour

219 2207 352 2234 cons-ists
373 2206 402 2232 in

190 2242 345 2277 brothcrly
366 2241 433 2268 love

190 2278 288 2304 which
311 2275 432 2310 implics

178 2313 250 2340 suilli
273 2312 329 2338 and
355 2313 444 2345 llopc.

740 277 964 309 JOHANle
982 277 1166 307 WYCLIF
1188 277 1443 308 SERMONUM
1479 263 1631 320 [SERMO
1653 274 1758 301 XLIII-

450 386 609 435 pulvere
643 383 926 432 temporalium
951 385 1059 432 quod
1094 391 1280 431 reputant
1302 382 1422 419 nimis
1455 382 1670 419 infideliter
1693 382 1760 419 illa

449 446 599 481 bonum
632 441 900 490 potissimum.

508 504 645 538 Servet
684 512 778 548 ergo
811 501 932 536 homo
967 499 1072 535 hunc
1111 498 1292 534 ordinem
1328 497 1491 534 amandi
1531 507 1567 534 et
1600 498 1761 535 habebit

451 563 578 597 Deum
611 558 786 596 amicum
830 567 866 595 et
898 570 969 606 per
1002 569 1252 604 consequens
1285 568 1423 604 pacem
1460 569 1550 592 cum
1584 556 1762 604 quolibet

450 631 562 655 servo
595 630 680 656 suo.
722 619 827 652 Deus
861 616 965 653 enim
1000 627 1043 651 ex
1082 614 1280 651 immensa
1314 623 1351 650 et
1383 613 1565 662 graciosa
1598 626 1761 662 preven-

451 677 564 714 cione
597 675 806 712 cuiuslibet
840 682 1021 711 creature
1054 686 1174 721 quam
1207 681 1366 720 oportet
1398 671 1472 708 sibi
1505 672 1650 709 servire
1682 685 1763 709 non

451 733 646 783 permittit
686 733 851 781 aliquod
891 730 1137 768 deteriorare
1177 730 1352 767 amicum
1392 743 1518 776 suam,
1564 732 1632 766 sed
1671 730 1764 767 facit

452 805 543 830 cum
588 791 698 828 omni
745 790 910 828 accione
954 797 1208 837 proventum,
1255 789 1524 825 convertendo
1569 788 1666 824 illud
1714 789 1763 824 ad

453 853 623 895 bonum3
663 862 738 898 pax
770 848 892 897 igitur
926 860 1016 884 cum
1051 849 1135 883 Deo
1169 855 1225 883 est
1259 845 1430 883 maxime
1464 847 1763 894 amplectenda3

452 910 527 945 hoc
560 907 665 944 enim
701 915 758 943 est
791 919 912 942 unum
949 904 1306 953 pernecessarium.

511 967 654 1012 Quoad
677 966 894 1001 secundam
920 976 1060 1012 pacem
1085 975 1161 1011 que
1195 971 1252 998 est
1284 961 1458 998 hominis
1482 963 1531 998 ad
1554 975 1594 997 se
1618 961 1764 1009 ipsum,

453 1038 543 1062 cum
579 1025 701 1060 homo
734 1023 784 1059 sit
818 1024 989 1059 duarum
1024 1030 1261 1057 naturarum
1296 1029 1480 1068 utraque,
1514 1028 1625 1068 patet
1658 1022 1765 1068 quod

453 1082 634 1120 consistit
677 1081 718 1117 in
764 1081 898 1117 debita
943 1079 1199 1116 subieccione
1253 1077 1433 1126 corporis
1477 1079 1527 1114 ad
1573 1077 1764 1114 animam.

453 1143 608 1189 Corpus
649 1139 755 1176 enim
790 1152 880 1176 cum
921 1139 1037 1174 debet
1069 1137 1215 1174 servire
1248 1136 1380 1173 anime
1420 1144 1456 1172 et
1489 1135 1577 1184 post
1610 1136 1764 1183 lapsum

453 1199 503 1235 sit
535 1199 733 1247 petulans,
773 1206 882 1246 patet
915 1197 1024 1244 quod
1058 1208 1218 1232 necesse
1259 1204 1316 1231 est
1349 1195 1480 1242 ipsum
1516 1193 1685 1240 domari,
1726 1202 1768 1230 ut

455 1257 660 1305 mitigetur
692 1256 857 1292 rebellio
891 1268 971 1291 non
1004 1254 1134 1290 solum
1169 1254 1302 1301 quoad
1336 1261 1501 1300 peccata
1534 1251 1665 1288 carnis
1700 1253 1766 1288 sed

456 1373 693 1410 affecciones
712 1372 772 1409 vel
795 1371 966 1408 desidias
982 1370 1126 1419 quibus
1150 1369 1285 1406 anima
1300 1369 1570 1417 perturbatur.
1597 1369 1768 1414 Quando

456 1431 561 1468 enim
608 1432 680 1467 hec
724 1429 825 1467 vicia
871 1431 1104 1477 subrepunt,
1158 1440 1318 1464 necesse
1364 1428 1558 1463 habemus
1605 1428 1769 1462 domare

457 1502 617 1527 carnem
664 1501 754 1525 cum
800 1487 1065 1536 parcimonia,
1119 1495 1161 1522 ut
1205 1487 1288 1522 luat
1334 1486 1444 1533 quod
1489 1484 1769 1521 inobedienter

458 1549 606 1585 fecerat
645 1556 680 1583 et
723 1555 859 1582 caveat
892 1558 940 1582 ne
973 1545 1012 1581 in
1046 1545 1165 1581 talem
1200 1543 1468 1580 temeritatem
1501 1543 1647 1579 iterum
1680 1555 1770 1590 pro-

459 1614 633 1654 rumpat.
668 1604 790 1641 Pauci
809 1612 941 1640 autem
977 1612 1068 1639 sunt
1091 1602 1159 1651 qui
1193 1603 1386 1638 excedunt
1410 1601 1555 1637 limites
1579 1600 1770 1648 pascendi

458 1677 627 1712 corpora
650 1662 768 1699 nimis
791 1674 924 1710 parce,
949 1670 991 1697 ut
1013 1660 1258 1697 sufficienter
1279 1659 1451 1696 serviant
1468 1661 1551 1695 Deo
1574 1668 1611 1695 et
1626 1659 1772 1702 anime,

459 1722 553 1771 quia
586 1722 625 1758 in
657 1720 874 1769 punicione
915 1719 1094 1767 corporis
1128 1718 1330 1766 peccantis
1363 1726 1492 1754 stante
1527 1717 1771 1753 discrecione

459 1794 541 1817 non
574 1788 631 1816 est
665 1778 944 1826 compossibile
985 1786 1158 1813 mentem
1193 1778 1394 1821 excedere,
1436 1788 1525 1812 cum
1560 1777 1666 1811 Deus
1698 1788 1771 1823 pro
1789 1788 1804 1801 ἢ

460 1838 637 1887 quolibet
670 1845 834 1886 peccato
868 1834 1243 1883 incomparabiliter
1276 1834 1433 1882 gravius
1467 1833 1580 1881 punit
1613 1846 1771 1881 corpus.

462 1896 610 1933 Habita
644 1908 736 1943 ergo
770 1895 888 1942 plena
922 1893 1138 1930 concordia
1171 1893 1352 1940 corporis
1386 1893 1434 1928 ad
1468 1891 1643 1928 animam
1679 1904 1772 1927 con-

462 1967 630 2003 sequens
650 1962 706 1989 est
725 1954 832 2001 quod
852 1953 1103 1988 obmutescat
1122 1950 1330 1998 cogitacio,
1348 1949 1504 1986 locucio
1521 1959 1557 1985 et
1572 1949 1772 1997 operacio,

463 2013 605 2061 quibus
638 2012 909 2047 offenderetur
942 2012 1046 2045 Deus
1085 2010 1144 2045 vel
1178 2008 1395 2056 proximus
1437 2010 1484 2043 Et
1520 2008 1587 2055 qui
1622 2006 1773 2043 excedit

463 2072 565 2108 hanc
599 2070 777 2118 regulam
812 2077 868 2104 est
900 2069 1074 2115 gulosus.

522 2130 637 2165 Unde
660 2128 793 2176 quoad
827 2126 993 2163 terciam
1019 2137 1171 2174 pacem,
1206 2124 1355 2161 scilicet
1379 2123 1550 2160 hominis
1574 2124 1623 2159 ad
1647 2122 1774 2170 proxi-

466 2200 590 2232 mum,
625 2194 733 2233 patet
757 2186 864 2233 quod
898 2183 1079 2220 consistit
1112 2183 1150 2218 in
1175 2182 1394 2218 dileccione
1426 2182 1602 2217 fraterna
1636 2189 1672 2216 et
1705 2194 1774 2228 per

466 2256 715 2292 consequens
748 2241 1012 2291 presupponit
1036 2242 1153 2277 fidem
1190 2249 1225 2276 ct
1249 2252 1373 2287 spem.
1408 2241 1607 2275 Debemus
1641 2247 1772 2274 autem

466 2316 509 2339 ex
543 2302 619 2338 fide
653 2303 814 2337 credere
838 2301 945 2349 quod
979 2312 1022 2336 ex
1044 2299 1079 2336 vi
1114 2297 1411 2335 communionis
1435 2305 1664 2334 sanctorum
1689 2296 1774 2344 qui-

465 2361 560 2397 libet
584 2362 711 2396 bonus
745 2359 984 2395 christianus
1008 2358 1171 2405 prodest
1203 2356 1378 2402 cuilibet,
1412 2365 1448 2391 et
1481 2354 1610 2391 omnis
1641 2358 1807 2390 maen-⁸

466 2420 573 2455 losus
613 2427 729 2454 nocet
761 2417 821 2453 vel
860 2418 973 2452 obest
1012 2424 1370 2463 quantumcunque
1410 2412 1574 2449 distanti
1614 2412 1775 2448 cuilibet

469 2476 708 2520 christian0;
734 2484 770 2511 et
793 2474 834 2510 in
858 2474 933 2510 isto
957 2473 1127 2510 articulo
1152 2472 1242 2508 fidei
1259 2472 1451 2508 deficiunt
1473 2470 1609 2507 omnia
1633 2482 1776 2517 genera

469 2534 692 2579 hominum,
739 2532 972 2577 mediocres,
1019 2531 1219 2579 simplices
1265 2539 1301 2566 et
1346 2529 1530 2566 maiores.
1578 2530 1776 2564 Debemus

470 2592 573 2628 enim
616 2593 775 2627 credere
809 2591 915 2638 quod
950 2598 1106 2626 caterva
1145 2588 1380 2625 clericorum
1415 2588 1563 2624 ducens
1596 2585 1777 2622 subditos

538 2725 561 2753 5.
584 2726 627 2752 H:
649 2725 748 2752 antico
766 2732 833 2751 suo.
913 2732 941 2758 ς).
963 2723 1006 2751 H:
1029 2730 1119 2757 ergo.
1199 2730 1239 2749 10.
1263 2721 1336 2748 1›G:
1359 2729 1449 2748 unum
1465 2728 1525 2756 per
1545 2720 1645 2751 deest;
1672 2719 1711 2746 ib.
1734 2719 1777 2746 H:

471 2760 685 2788 necessarium.
744 2768 777 2786 ιι.
793 2759 817 2786 D
835 2759 864 2786 in
882 2767 994 2793 marg:
1017 2765 1051 2784 211
1062 2765 1136 2792 pax.
1194 2764 1234 2791 ις).
1250 2756 1323 2783 lm:
1345 2756 1398 2783 hec
1412 2756 1505 2783 deest.
1562 2754 1605 2782 23.
1626 2761 1780 2788 corpora,⁴

472 2796 514 2822 G:
537 2795 637 2827 deest;
664 2796 708 2821 A:
730 2802 792 2821 cor.
866 2793 906 2820 25.
928 2796 1064 2820 mentem.
1085 2791 1222 2819 Rectius:
1245 2799 1430 2818 mensuram.
1505 2797 1549 2824 27.
1571 2789 1644 2816 DG:
1667 2788 1777 2822 igitur.

472 2838 516 2864 29.
540 2830 612 2857 DG:
639 2828 817 2865 offenditur.
891 2828 928 2855 31.
952 2828 975 2854 1)
998 2828 1026 2854 in
1049 2835 1161 2861 marga
1182 2834 1221 2860 311
1239 2834 1312 2861 pax.
1386 2825 1428 2852 33.
1450 2824 1523 2851 DG:
1544 2823 1697 2859 supponit.

548 2912 597 2932 11.
623 2900 700 2932 ioh.
728 2901 801 2931 Hus
827 2900 848 2931 l.
876 2910 902 2930 c.
930 2899 989 2930 fol.
1015 2896 1109 2939 4¹¹b·
1208 2899 1260 2930 31.
1289 2896 1340 2928 Cf.
1365 2895 1443 2928 Joh.
1470 2897 1544 2927 Hus
1570 2895 1591 2926 l.
1617 2905 1645 2926 c.

1781 620 1796 652 5

1786 919 1824 938 1()

1790 1198 1824 1230 15

1787 1497 1828 1518 20

1791 2069 1831 2100 30

1793 2357 1831 2389 35

454 1317 588 1364 quoad
622 1313 866 1362 superbiam,
903 1310 906 1366 Ι
943 1313 1076 1361 quoad
1109 1311 1209 1348 iram
1244 1320 1281 1347 et
1314 1311 1448 1359 quoad
1483 1290 1866 1371 cogitaciones,{‡'(111‚
