2062 3276
184 277 265 322 418

236 513 304 540 The
325 511 405 539 third

196 546 447 576 commandment

261 583 329 610 bids
349 590 385 608 us

212 618 383 646 remember
403 620 433 642 to

203 655 254 680 kee
298 653 367 687 boly
392 650 443 678 tbc

250 687 397 715 habbath.

189 1142 267 1169 How
287 1146 319 1169 to
340 1142 414 1176 keep
435 1141 455 1167 it

284 1177 366 1212 holy.

254 2136 312 2164 We
334 2137 408 2171 keep

195 2172 322 2207 Suuday
342 2170 459 2198 instead

204 2207 237 2233 os
254 2206 406 2237 Saturdav
429 2206 458 2232 iu

203 2250 341 2277 memory
363 2242 396 2267 ot*
413 2241 462 2267 the

225 2275 439 2303 resurrection.

765 279 990 312 JOHANNIS
1007 277 1192 310 WYCLIF
1211 276 1467 309 SERMONUM
1531 262 1682 320 [SERMO
1705 272 1781 300 LII!-

472 389 531 425 vel
565 386 808 435 dispositive,
841 394 884 422 ut
922 393 1012 433 post
1044 383 1248 421 recencius
1286 391 1323 419 et
1354 381 1551 419 intencius
1583 380 1784 428 diligatur,

474 456 510 483 et
528 445 718 495 quicquid
742 443 916 481 hominis
939 456 961 479 a
984 442 1130 491 regulis
1152 440 1237 477 istis
1261 440 1456 477 exorbitat
1480 448 1537 476 est
1559 447 1785 487 peccatum.

532 505 645 540 Unde
668 512 711 539 ut
734 502 934 538 discamus
951 503 1078 537 Deum
1103 499 1267 547 diligere
1289 507 1375 535 tota
1399 506 1544 543 mente,
1577 496 1788 533 ordinatur

474 562 642 598 tercium
684 562 917 597 mandatum
957 559 1085 607 prime
1123 558 1272 602 tabule,
1313 558 1407 592 dum
1441 555 1564 591 Exodi
1592 556 1732 600 XXX0,
1764 554 1786 590 8

478 620 640 656 dicitur:
688 619 880 655 Blenzento
925 625 964 653 ut
1008 617 1106 653 diem
1150 615 1300 652 sabbati
1334 614 1560 664 sanctifices.
1605 615 1653 649 Et
1691 612 1822 648 illud5

476 686 709 727 preceptum
765 677 938 724 quadam
991 673 1237 723 proprietate
1290 672 1578 720 correspondet
1623 669 1789 718 Spiritui

476 738 623 772 Sancto
663 734 730 783 qui
769 743 827 770 est
866 733 979 781 quasi
1020 732 1108 768 finis
1145 730 1355 767 Trinitatis
1395 738 1560 778 propter
1602 728 1789 765 virtutem

477 794 605 830 finalis
643 791 944 840 perseverancie
988 803 1065 839 que
1108 790 1193 826 sola
1238 797 1468 831 coronatur,
1513 787 1616 824 sicut
1660 787 1790 822 solum

476 860 684 900 peccatum
722 850 850 886 finalis
884 847 1167 896 impenitencie
1192 848 1524 894 condempnatur.
1561 846 1675 881 Unde
1698 843 1791 892 quia

477 911 551 946 hoc
596 917 829 957 preceptum
873 920 954 943 non
999 906 1151 953 obligat
1194 917 1266 953 pro
1311 916 1470 952 semper
1514 912 1557 939 ut
1596 904 1675 938 duo
1714 901 1850 939 aliam

477 967 671 1015 negativa,
697 966 844 1002 dicitur
867 971 1053 1001 memento
1077 972 1115 1000 ut
1138 964 1236 1000 diem
1260 963 1409 998 sabbati
1429 961 1656 1011 sanctifices,
1679 959 1792 1008 quasi

477 1026 645 1062 diceret:
700 1036 858 1072 semper
903 1023 1033 1059 recole
1078 1031 1119 1059 ut
1163 1021 1345 1058 veniente
1389 1029 1570 1068 tempore
1615 1030 1794 1065 congruo

480 1082 717 1120 sabbatizes.

536 1144 696 1186 Iterum,
743 1138 1014 1176 sabbatizacio
1058 1138 1188 1185 signat
1234 1135 1411 1184 requiem
1453 1148 1572 1183 quam
1613 1134 1794 1171 Christus

478 1213 551 1248 pro
574 1199 690 1235 nobis
713 1212 786 1246 pro
810 1206 950 1234 sancto
974 1198 1142 1233 sabbato
1168 1194 1305 1231 habuit
1333 1193 1374 1230 in
1400 1194 1598 1241 sepulero.
1633 1195 1794 1238 Iterum,
1815 1195 1852 1228 15

478 1258 608 1305 signat
648 1257 814 1305 requiem
857 1268 976 1303 quam
1019 1256 1166 1290 habent
1206 1251 1311 1289 beati
1351 1252 1389 1288 in
1425 1251 1556 1299 patria
1588 1254 1645 1296 (ut
1680 1252 1795 1287 docet

477 1316 696 1363 Apostolus
730 1316 829 1350 Heb.
861 1315 944 1359 IV0,
979 1311 1034 1363 3).
1089 1314 1137 1348 Et
1174 1311 1268 1360 quia
1306 1309 1442 1346 omnia
1484 1309 1552 1345 illa
1591 1309 1740 1345 distant
1774 1321 1795 1344 a

478 1372 686 1422 presencia
730 1371 906 1417 viatoris,
953 1371 1158 1418 signanter
1202 1368 1348 1405 dicitur
1393 1375 1580 1404 memento
1620 1374 1659 1402 ut
1698 1367 1796 1402 diem

477 1432 627 1468 sabbati
668 1431 892 1480 sanctifices.
941 1431 1041 1466 Cum
1094 1427 1199 1464 enim
1246 1425 1499 1463 sanctificare
1545 1434 1704 1473 tempus
1748 1424 1797 1460 sit

480 1491 609 1526 facere
659 1489 789 1536 ipsum
843 1496 1042 1533 sanctum,
1094 1487 1201 1535 quod
1253 1498 1335 1521 non
1382 1484 1423 1520 fit
1474 1483 1550 1520 nisi
1601 1495 1671 1531 per
1720 1482 1855 1520 vite2o

479 1547 748 1590 sanctitatem,
783 1546 884 1582 sicut
908 1546 990 1581 dies
1025 1544 1172 1580 dicitur
1204 1542 1360 1580 homini
1384 1543 1463 1578 leta
1486 1541 1553 1590 qui
1578 1542 1724 1578 letatur
1757 1540 1798 1576 in

480 1606 559 1651 illa,
599 1614 708 1653 patet
746 1606 854 1653 quod
897 1616 1037 1640 omnes
1077 1602 1160 1638 dies
1200 1601 1375 1637 hominis
1415 1601 1560 1636 debent
1598 1612 1682 1636 esse
1724 1598 1797 1635 sibi

480 1664 620 1707 sancti,
662 1664 729 1699 sed
770 1664 981 1699 sabbatum
1022 1660 1212 1708 precipue
1252 1668 1417 1707 propter
1450 1660 1547 1694 duas
1581 1657 1729 1705 figuras
1762 1665 1799 1692 et

480 1721 779 1758 institucionem
803 1719 988 1762 ecclesie,
1012 1732 1104 1755 nam
1130 1719 1199 1754 illo
1216 1718 1278 1754 die
1298 1718 1488 1753 debemus
1511 1715 1799 1752 memorialiter

481 1780 651 1816 retinere
691 1779 942 1815 creacionem
984 1786 1162 1813 nostram
1204 1777 1251 1811 de
1296 1784 1400 1812 terra
1445 1783 1482 1810 et
1527 1773 1797 1811 reversionem
1817 1775 1856 1807 25

481 1847 660 1874 nostram
700 1838 749 1873 ad
789 1846 938 1873 terram
971 1848 1041 1883 per
1076 1843 1262 1876 mortem,
1303 1833 1406 1869 sicut
1439 1834 1544 1869 Deus
1576 1840 1666 1880 post
1698 1843 1798 1879 opus

483 1896 704 1932 creacionis
749 1895 923 1931 hominis
969 1892 1231 1930 sabbatizavit
1277 1900 1313 1927 et
1359 1891 1461 1927 sicut
1505 1890 1686 1927 Christus
1731 1901 1800 1937 per

482 1954 579 1989 illud
613 1955 825 1990 sabbatum
859 1951 981 1989 iacuit
1015 1960 1197 1987 mortuus
1230 1949 1269 1986 in
1302 1949 1505 1997 sepulcro;
1540 1957 1576 1984 et
1609 1949 1800 1984 debemus

482 2012 606 2048 tercio
655 2011 871 2048 memorari
916 2008 1258 2046 resurreccionem
1299 2016 1478 2044 nostram
1519 2007 1569 2042 ad
1608 2007 1800 2053 dampna-

483 2070 640 2106 cionem
674 2070 736 2105 vel
767 2068 950 2116 gloriam,
987 2080 1063 2116 que
1097 2067 1190 2115 quia
1223 2065 1297 2102 fuit
1330 2065 1369 2101 in
1392 2064 1491 2101 feria
1513 2073 1656 2101 octava
1679 2075 1799 2111 quam
1819 2067 1860 2098 30

482 2127 653 2164 dicimus
699 2127 803 2162 diem
850 2125 1111 2170 dominicum,
1159 2124 1249 2160 ideo
1288 2122 1587 2160 sabbatizamus
1626 2121 1665 2157 in
1704 2119 1801 2157 feria

483 2185 613 2233 prima
647 2184 860 2233 dispariter
892 2197 913 2220 a
935 2182 1082 2227 Judeis,
1117 2194 1165 2218 ne
1198 2183 1409 2218 credamus
1442 2179 1598 2216 iudaice
1628 2178 1801 2227 quietem

485 2243 631 2280 Christi
666 2243 703 2278 in
739 2243 923 2290 sepulcro
957 2253 1041 2277 esse
1064 2240 1178 2276 nobis
1202 2241 1391 2284 futuram,
1427 2238 1528 2274 sicut
1552 2237 1647 2274 olim
1676 2237 1803 2273 fuerat

484 2302 634 2349 populo
651 2302 884 2337 Judeorum.
904 2302 1004 2336 Nam
1023 2299 1084 2334 die
1103 2298 1307 2335 dominico
1331 2306 1387 2333 est
1410 2297 1582 2332 mundus
1603 2294 1801 2339 conditus,

486 2359 548 2395 die
572 2358 777 2395 dominico
799 2357 1012 2394 resurrexit
1029 2357 1212 2393 Christus
1235 2357 1285 2392 ad
1309 2354 1493 2404 gloriam,
1517 2353 1583 2402 qui
1608 2352 1803 2389 recreavit
1819 2355 1859 2388 35

488 2418 681 2453 mundum
728 2425 894 2464 peccato
940 2415 1155 2463 perditum,
1202 2414 1265 2450 die
1310 2412 1515 2449 dominico
1556 2410 1802 2448 illuminatus

487 2485 543 2512 est
577 2476 748 2511 mundus
782 2487 852 2522 per
876 2473 1069 2521 Spiritum
1102 2474 1293 2509 Sanctum
1327 2479 1364 2508 et
1397 2470 1460 2506 die
1492 2468 1696 2506 dominico
1730 2468 1804 2504 erit

488 2533 615 2569 finalis
649 2532 893 2569 resurreccio
928 2541 1047 2579 atque
1080 2530 1273 2567 iudicium
1299 2541 1389 2565 cum
1420 2527 1556 2576 requie
1580 2529 1802 2563 beatorum.

489 2592 579 2626 Ideo
613 2590 682 2626 illo
715 2590 848 2638 primo
882 2589 945 2625 die
979 2598 1015 2625 et
1038 2588 1180 2624 ultimo
1204 2589 1321 2624 debet
1350 2585 1590 2623 christianus
1615 2583 1803 2632 precipue

488 2649 618 2684 colere
658 2648 832 2695 primum
873 2656 909 2683 et
947 2646 1208 2684 novissimum
1242 2644 1445 2682 Christum
1477 2645 1610 2679 Jesum
1649 2641 1716 2690 qui
1749 2650 1863 2686 est40

558 2778 582 2797 2.
615 2770 767 2803 lzomim‘s;
798 2770 838 2797 ita
867 2769 976 2798 codd.;
1008 2768 1138 2796 rectius:
1172 2767 1247 2803 quid
1270 2767 1323 2794 uid
1355 2766 1493 2793 homines
1514 2786 1519 2792 .
1539 2786 1544 2791 .
1561 2786 1567 2792 .
1586 2786 1591 2792 .
1612 2764 1806 2795 arm-bilant,-

489 2805 527 2832 ib.
556 2806 599 2832 A:
631 2812 668 2831 ex
692 2812 720 2831 a.
823 2813 854 2838 4.
882 2804 924 2831 D:
958 2803 1043 2831 Unde
1068 2802 1173 2830 Exodi
1196 2801 1272 2829 XV.
1383 2810 1416 2828 11.
1445 2800 1577 2833 (ficitur,-
1601 2801 1645 2826 A:
1673 2798 1804 2826 videtur.

490 2848 530 2874 ¹4·
553 2840 594 2866 D:
620 2839 728 2875 signat
746 2842 875 2875 tegmen.
957 2839 992 2866 15.
1015 2838 1057 2865 D:
1084 2837 1167 2864 Item.
1248 2837 1289 2864 16.
1311 2837 1355 2863 A:
1382 2835 1495 2863 hahuit„
1575 2841 1621 2868 24.
1644 2834 1717 2860 DG:
1746 2841 1804 2864 me,-

488 2874 594 2901 morie.
686 2874 726 2905 25,
755 2876 802 2901 20.
831 2873 874 2901 G:
903 2873 1108 2900 reversionem
1135 2874 1273 2899 nostram
1302 2871 1339 2897 de
1365 2875 1461 2898 terra.
1553 2869 1597 2896 28.
1625 2868 1698 2896 DG:
1727 2867 1805 2894 idem

487 2909 653 2936 sabbatum.
728 2908 772 2935 38.
793 2908 837 2935 A:
861 2908 967 2943 requie
988 2908 1146 2935 bonorum.
1220 2905 1266 2940 39.
1288 2906 1333 2932 A:
1355 2905 1408 2932 illo
1429 2905 1522 2932 deest.
