<?xml version="1.0" encoding="UTF-8"?>
<!DOCTYPE html PUBLIC "-//W3C//DTD XHTML 1.0 Transitional//EN"
    "http://www.w3.org/TR/xhtml1/DTD/xhtml1-transitional.dtd">
<html xmlns="http://www.w3.org/1999/xhtml" xml:lang="en" lang="en">
 <head>
  <title>
</title>
<meta http-equiv="Content-Type" content="text/html;charset=utf-8" />
  <meta name='ocr-system' content='tesseract 3.04.00' />
  <meta name='ocr-capabilities' content='ocr_page ocr_carea ocr_par ocr_line ocrx_word'/>
</head>
<body>
  <div class='ocr_page' id='page_1' title='image "./iohanniswyclifse0704wycl_0413.png"; bbox 0 0 2062 3276; ppageno 0'>
   <div class='ocr_carea' id='block_1_1' title="bbox 237 236 1064 293">
    <p class='ocr_par' dir='ltr' id='par_1_1' title="bbox 237 236 1064 293">
     <span class='ocr_line' id='line_1_1' title="bbox 237 236 1064 293; baseline 0.006 -18"><span class='ocrx_word' id='word_1_1' title='bbox 237 246 373 275; x_wconf 61' lang='lat' dir='ltr'>sentio</span> <span class='ocrx_word' id='word_1_2' title='bbox 396 236 520 293; x_wconf 59' lang='lat' dir='ltr'>mx]</span> <span class='ocrx_word' id='word_1_3' title='bbox 718 248 909 287; x_wconf 68' lang='lat' dir='ltr'>QUARTA</span> <span class='ocrx_word' id='word_1_4' title='bbox 938 248 1064 279; x_wconf 67' lang='lat' dir='ltr'>PARS.</span> 
     </span>
    </p>
   </div>
   <div class='ocr_carea' id='block_1_2' title="bbox 141 353 1557 2381">
    <p class='ocr_par' dir='ltr' id='par_1_2' title="bbox 235 353 1552 577">
     <span class='ocr_line' id='line_1_2' title="bbox 294 353 1550 401; baseline -0.001 -10"><span class='ocrx_word' id='word_1_5' title='bbox 294 354 441 392; x_wconf 73' lang='lat' dir='ltr'>Civitas</span> <span class='ocrx_word' id='word_1_6' title='bbox 475 355 578 391; x_wconf 86' lang='lat' dir='ltr'>enim</span> <span class='ocrx_word' id='word_1_7' title='bbox 615 356 834 391; x_wconf 80' lang='lat' dir='ltr'>secundun]</span> <span class='ocrx_word' id='word_1_8' title='bbox 871 356 1028 390; x_wconf 84' lang='lat' dir='ltr'>beatum</span> <span class='ocrx_word' id='word_1_9' title='bbox 1054 353 1289 401; x_wconf 81' lang='lat' dir='ltr'>Gregorium</span> <span class='ocrx_word' id='word_1_10' title='bbox 1320 353 1550 390; x_wconf 75' lang='lat' dir='ltr'>reedificata</span> 
     </span>
     <span class='ocr_line' id='line_1_3' title="bbox 235 411 1550 458; baseline -0.002 -9"><span class='ocrx_word' id='word_1_11' title='bbox 235 422 292 449; x_wconf 87' lang='lat' dir='ltr'>est</span> <span class='ocrx_word' id='word_1_12' title='bbox 324 422 444 454; x_wconf 83' lang='lat' dir='ltr'>extra,</span> <span class='ocrx_word' id='word_1_13' title='bbox 478 413 545 449; x_wconf 92' lang='lat' dir='ltr'>ubi</span> <span class='ocrx_word' id='word_1_14' title='bbox 570 413 765 449; x_wconf 82' lang='lat' dir='ltr'>Dominus</span> <span class='ocrx_word' id='word_1_15' title='bbox 799 412 1010 449; x_wconf 86' lang='lat' dir='ltr'>crucifixus</span> <span class='ocrx_word' id='word_1_16' title='bbox 1044 421 1114 458; x_wconf 80' lang='lat' dir='ltr'>est,</span> <span class='ocrx_word' id='word_1_17' title='bbox 1149 420 1186 448; x_wconf 90' lang='lat' dir='ltr'>et</span> <span class='ocrx_word' id='word_1_18' title='bbox 1218 411 1273 448; x_wconf 81' lang='lat' dir='ltr'>sic</span> <span class='ocrx_word' id='word_1_19' title='bbox 1302 412 1428 448; x_wconf 88' lang='lat' dir='ltr'>amoti</span> <span class='ocrx_word' id='word_1_20' title='bbox 1461 421 1550 448; x_wconf 90' lang='lat' dir='ltr'>sunt</span> 
     </span>
     <span class='ocr_line' id='line_1_4' title="bbox 236 469 1552 519; baseline -0.002 -12"><span class='ocrx_word' id='word_1_21' title='bbox 236 471 367 508; x_wconf 86' lang='lat' dir='ltr'>cuncti</span> <span class='ocrx_word' id='word_1_22' title='bbox 400 471 552 519; x_wconf 87' lang='lat' dir='ltr'>lapides</span> <span class='ocrx_word' id='word_1_23' title='bbox 576 471 759 508; x_wconf 80' lang='lat' dir='ltr'>civitatis.</span> <span class='ocrx_word' id='word_1_24' title='bbox 795 472 924 507; x_wconf 82' lang='lat' dir='ltr'>Causa</span> <span class='ocrx_word' id='word_1_25' title='bbox 949 482 1042 517; x_wconf 83' lang='lat' dir='ltr'>ergo</span> <span class='ocrx_word' id='word_1_26' title='bbox 1066 469 1182 506; x_wconf 88' lang='lat' dir='ltr'>huius</span> <span class='ocrx_word' id='word_1_27' title='bbox 1206 469 1278 505; x_wconf 90' lang='lat' dir='ltr'>fuit</span> <span class='ocrx_word' id='word_1_28' title='bbox 1306 469 1552 517; x_wconf 77' lang='lat' dir='ltr'>ingratitudo</span> 
     </span>
     <span class='ocr_line' id='line_1_5' title="bbox 237 527 1551 577; baseline -0.002 -11"><span class='ocrx_word' id='word_1_29' title='bbox 237 542 316 577; x_wconf 88' lang='lat' dir='ltr'>qua</span> <span class='ocrx_word' id='word_1_30' title='bbox 349 542 429 565; x_wconf 87' lang='lat' dir='ltr'>non</span> <span class='ocrx_word' id='word_1_31' title='bbox 462 529 534 566; x_wconf 91' lang='lat' dir='ltr'>fuit</span> <span class='ocrx_word' id='word_1_32' title='bbox 576 538 688 577; x_wconf 84' lang='lat' dir='ltr'>grata</span> <span class='ocrx_word' id='word_1_33' title='bbox 727 541 798 564; x_wconf 91' lang='lat' dir='ltr'>suo</span> <span class='ocrx_word' id='word_1_34' title='bbox 837 527 1079 576; x_wconf 84' lang='lat' dir='ltr'>gratissimo,</span> <span class='ocrx_word' id='word_1_35' title='bbox 1126 527 1352 575; x_wconf 79' lang='lat' dir='ltr'>specialiter</span> <span class='ocrx_word' id='word_1_36' title='bbox 1390 529 1551 575; x_wconf 89' lang='lat' dir='ltr'>quando</span> 
     </span>
    </p>

    <p class='ocr_par' dir='ltr' id='par_1_3' title="bbox 202 586 1551 634">
     <span class='ocr_line' id='line_1_6' title="bbox 202 586 1551 634; baseline 0 -13"><span class='ocrx_word' id='word_1_37' title='bbox 202 590 350 624; x_wconf 78' lang='lat' dir='ltr'>5verus</span> <span class='ocrx_word' id='word_1_38' title='bbox 394 588 453 623; x_wconf 90' lang='lat' dir='ltr'>sol</span> <span class='ocrx_word' id='word_1_39' title='bbox 498 587 624 623; x_wconf 80' lang='lat' dir='ltr'>illuxit</span> <span class='ocrx_word' id='word_1_40' title='bbox 667 588 717 623; x_wconf 90' lang='lat' dir='ltr'>ad</span> <span class='ocrx_word' id='word_1_41' title='bbox 757 599 897 634; x_wconf 88' lang='lat' dir='ltr'>pacem</span> <span class='ocrx_word' id='word_1_42' title='bbox 931 586 1082 634; x_wconf 87' lang='lat' dir='ltr'>populo</span> <span class='ocrx_word' id='word_1_43' title='bbox 1114 587 1346 622; x_wconf 80' lang='lat' dir='ltr'>Judeorum.</span> <span class='ocrx_word' id='word_1_44' title='bbox 1394 588 1450 622; x_wconf 90' lang='lat' dir='ltr'>De</span> <span class='ocrx_word' id='word_1_45' title='bbox 1483 586 1551 622; x_wconf 91' lang='lat' dir='ltr'>tali</span> 
     </span>
    </p>

    <p class='ocr_par' dir='ltr' id='par_1_4' title="bbox 235 643 1551 798">
     <span class='ocr_line' id='line_1_7' title="bbox 235 643 1550 693; baseline -0.002 -12"><span class='ocrx_word' id='word_1_46' title='bbox 235 645 340 682; x_wconf 88' lang='lat' dir='ltr'>enim</span> <span class='ocrx_word' id='word_1_47' title='bbox 364 645 652 693; x_wconf 79' lang='lat' dir='ltr'>ingratitudine</span> <span class='ocrx_word' id='word_1_48' title='bbox 675 645 783 681; x_wconf 88' lang='lat' dir='ltr'>fatua</span> <span class='ocrx_word' id='word_1_49' title='bbox 808 644 978 681; x_wconf 78' lang='lat' dir='ltr'>maxime</span> <span class='ocrx_word' id='word_1_50' title='bbox 1001 645 1102 681; x_wconf 90' lang='lat' dir='ltr'>foret</span> <span class='ocrx_word' id='word_1_51' title='bbox 1132 644 1323 680; x_wconf 89' lang='lat' dir='ltr'>flendum.</span> <span class='ocrx_word' id='word_1_52' title='bbox 1358 643 1422 679; x_wconf 81' lang='lat' dir='ltr'>Sic</span> <span class='ocrx_word' id='word_1_53' title='bbox 1446 643 1550 679; x_wconf 86' lang='lat' dir='ltr'>enim</span> 
     </span>
     <span class='ocr_line' id='line_1_8' title="bbox 235 701 1551 751; baseline -0.002 -11"><span class='ocrx_word' id='word_1_54' title='bbox 235 712 423 751; x_wconf 85' lang='lat' dir='ltr'>corrupte</span> <span class='ocrx_word' id='word_1_55' title='bbox 455 712 545 740; x_wconf 91' lang='lat' dir='ltr'>sunt</span> <span class='ocrx_word' id='word_1_56' title='bbox 577 703 674 751; x_wconf 86' lang='lat' dir='ltr'>legis</span> <span class='ocrx_word' id='word_1_57' title='bbox 707 702 820 739; x_wconf 88' lang='lat' dir='ltr'>litere</span> <span class='ocrx_word' id='word_1_58' title='bbox 852 711 1016 751; x_wconf 88' lang='lat' dir='ltr'>propter</span> <span class='ocrx_word' id='word_1_59' title='bbox 1048 702 1138 747; x_wconf 70' lang='lat' dir='ltr'>tria,</span> <span class='ocrx_word' id='word_1_60' title='bbox 1173 701 1324 738; x_wconf 90' lang='lat' dir='ltr'>scilicet</span> <span class='ocrx_word' id='word_1_61' title='bbox 1357 714 1551 748; x_wconf 81' lang='lat' dir='ltr'>amorem,</span> 
     </span>
     <span class='ocr_line' id='line_1_9' title="bbox 235 761 720 798; baseline -0.004 0"><span class='ocrx_word' id='word_1_62' title='bbox 235 762 414 798; x_wconf 86' lang='lat' dir='ltr'>dolorem</span> <span class='ocrx_word' id='word_1_63' title='bbox 450 770 486 797; x_wconf 94' lang='lat' dir='ltr'>et</span> <span class='ocrx_word' id='word_1_64' title='bbox 519 761 720 797; x_wconf 86' lang='lat' dir='ltr'>timorem.</span> 
     </span>
    </p>

    <p class='ocr_par' dir='ltr' id='par_1_5' title="bbox 183 818 1550 926">
     <span class='ocr_line' id='line_1_10' title="bbox 293 818 1550 867; baseline -0.001 -12"><span class='ocrx_word' id='word_1_65' title='bbox 293 822 341 855; x_wconf 85' lang='lat' dir='ltr'>Et</span> <span class='ocrx_word' id='word_1_66' title='bbox 385 819 510 855; x_wconf 90' lang='lat' dir='ltr'>tercio</span> <span class='ocrx_word' id='word_1_67' title='bbox 557 819 663 855; x_wconf 73' lang='lat' dir='ltr'>flevit</span> <span class='ocrx_word' id='word_1_68' title='bbox 707 827 917 867; x_wconf 86' lang='lat' dir='ltr'>peccatum</span> <span class='ocrx_word' id='word_1_69' title='bbox 965 818 1129 854; x_wconf 88' lang='lat' dir='ltr'>humani</span> <span class='ocrx_word' id='word_1_70' title='bbox 1169 818 1323 866; x_wconf 87' lang='lat' dir='ltr'>generis</span> <span class='ocrx_word' id='word_1_71' title='bbox 1363 830 1436 866; x_wconf 89' lang='lat' dir='ltr'>pro</span> <span class='ocrx_word' id='word_1_72' title='bbox 1470 831 1550 866; x_wconf 91' lang='lat' dir='ltr'>quo</span> 
     </span>
     <span class='ocr_line' id='line_1_11' title="bbox 183 877 900 926; baseline 0.001 -14"><span class='ocrx_word' id='word_1_73' title='bbox 183 892 220 912; x_wconf 93' lang='lat'>10</span> <span class='ocrx_word' id='word_1_74' title='bbox 235 877 415 926; x_wconf 89' lang='lat' dir='ltr'>oportuit</span> <span class='ocrx_word' id='word_1_75' title='bbox 448 877 578 925; x_wconf 90' lang='lat' dir='ltr'>ipsum</span> <span class='ocrx_word' id='word_1_76' title='bbox 614 887 768 914; x_wconf 89' lang='lat' dir='ltr'>tantum</span> <span class='ocrx_word' id='word_1_77' title='bbox 804 877 900 925; x_wconf 89' lang='lat' dir='ltr'>pati.</span> 
     </span>
    </p>

    <p class='ocr_par' dir='ltr' id='par_1_6' title="bbox 235 933 1553 1100">
     <span class='ocr_line' id='line_1_12' title="bbox 294 933 1550 983; baseline -0.002 -11"><span class='ocrx_word' id='word_1_78' title='bbox 294 937 372 973; x_wconf 87' lang='lat' dir='ltr'>Sed</span> <span class='ocrx_word' id='word_1_79' title='bbox 405 935 585 972; x_wconf 88' lang='lat' dir='ltr'>obiciunt</span> <span class='ocrx_word' id='word_1_80' title='bbox 619 935 798 971; x_wconf 86' lang='lat' dir='ltr'>infideles</span> <span class='ocrx_word' id='word_1_81' title='bbox 832 933 1046 983; x_wconf 85' lang='lat' dir='ltr'>dupliciter</span> <span class='ocrx_word' id='word_1_82' title='bbox 1079 943 1219 971; x_wconf 88' lang='lat' dir='ltr'>contra</span> <span class='ocrx_word' id='word_1_83' title='bbox 1251 934 1388 970; x_wconf 89' lang='lat' dir='ltr'>fletum</span> <span class='ocrx_word' id='word_1_84' title='bbox 1424 933 1550 979; x_wconf 86' lang='lat' dir='ltr'>illum,</span> 
     </span>
     <span class='ocr_line' id='line_1_13' title="bbox 235 992 1553 1043; baseline -0.002 -13"><span class='ocrx_word' id='word_1_85' title='bbox 235 994 367 1043; x_wconf 88' lang='lat' dir='ltr'>primo</span> <span class='ocrx_word' id='word_1_86' title='bbox 400 1006 469 1041; x_wconf 88' lang='lat' dir='ltr'>per</span> <span class='ocrx_word' id='word_1_87' title='bbox 502 994 580 1031; x_wconf 90' lang='lat' dir='ltr'>hoc</span> <span class='ocrx_word' id='word_1_88' title='bbox 604 995 712 1042; x_wconf 90' lang='lat' dir='ltr'>quod</span> <span class='ocrx_word' id='word_1_89' title='bbox 735 993 916 1030; x_wconf 89' lang='lat' dir='ltr'>Christus</span> <span class='ocrx_word' id='word_1_90' title='bbox 950 1006 1038 1029; x_wconf 87' lang='lat' dir='ltr'>cum</span> <span class='ocrx_word' id='word_1_91' title='bbox 1074 993 1146 1029; x_wconf 88' lang='lat' dir='ltr'>fuit</span> <span class='ocrx_word' id='word_1_92' title='bbox 1170 995 1275 1028; x_wconf 83' lang='lat' dir='ltr'>Deus</span> <span class='ocrx_word' id='word_1_93' title='bbox 1309 1005 1389 1028; x_wconf 90' lang='lat' dir='ltr'>non</span> <span class='ocrx_word' id='word_1_94' title='bbox 1424 992 1553 1040; x_wconf 89' lang='lat' dir='ltr'>potuit</span> 
     </span>
     <span class='ocr_line' id='line_1_14' title="bbox 235 1051 933 1100; baseline -0.004 -11"><span class='ocrx_word' id='word_1_95' title='bbox 235 1053 343 1098; x_wconf 67' lang='lat' dir='ltr'>flere,</span> <span class='ocrx_word' id='word_1_96' title='bbox 376 1052 478 1088; x_wconf 88' lang='lat' dir='ltr'>sicut</span> <span class='ocrx_word' id='word_1_97' title='bbox 510 1065 590 1088; x_wconf 89' lang='lat' dir='ltr'>non</span> <span class='ocrx_word' id='word_1_98' title='bbox 623 1051 755 1100; x_wconf 90' lang='lat' dir='ltr'>potuit</span> <span class='ocrx_word' id='word_1_99' title='bbox 788 1052 933 1088; x_wconf 90' lang='lat' dir='ltr'>dolere.</span> 
     </span>
    </p>

    <p class='ocr_par' dir='ltr' id='par_1_7' title="bbox 147 1107 1555 1278">
     <span class='ocr_line' id='line_1_15' title="bbox 295 1107 1553 1158; baseline -0.002 -12"><span class='ocrx_word' id='word_1_100' title='bbox 295 1110 457 1147; x_wconf 84' lang='lat' dir='ltr'>Solucio</span> <span class='ocrx_word' id='word_1_101' title='bbox 491 1119 624 1146; x_wconf 90' lang='lat' dir='ltr'>autem</span> <span class='ocrx_word' id='word_1_102' title='bbox 658 1109 771 1146; x_wconf 84' lang='lat' dir='ltr'>istius</span> <span class='ocrx_word' id='word_1_103' title='bbox 806 1119 862 1146; x_wconf 92' lang='lat' dir='ltr'>est</span> <span class='ocrx_word' id='word_1_104' title='bbox 896 1111 1003 1158; x_wconf 90' lang='lat' dir='ltr'>quod</span> <span class='ocrx_word' id='word_1_105' title='bbox 1042 1109 1264 1145; x_wconf 83' lang='lat' dir='ltr'>secundum</span> <span class='ocrx_word' id='word_1_106' title='bbox 1304 1107 1553 1145; x_wconf 88' lang='lat' dir='ltr'>divinitatem</span> 
     </span>
     <span class='ocr_line' id='line_1_16' title="bbox 184 1166 1554 1216; baseline 0 -13"><span class='ocrx_word' id='word_1_107' title='bbox 184 1171 308 1206; x_wconf 80' lang='lat' dir='ltr'>15nec</span> <span class='ocrx_word' id='word_1_108' title='bbox 341 1169 436 1205; x_wconf 78' lang='lat' dir='ltr'>fleie</span> <span class='ocrx_word' id='word_1_109' title='bbox 474 1168 604 1216; x_wconf 86' lang='lat' dir='ltr'>potuit</span> <span class='ocrx_word' id='word_1_110' title='bbox 641 1181 712 1205; x_wconf 90' lang='lat' dir='ltr'>nec</span> <span class='ocrx_word' id='word_1_111' title='bbox 753 1169 898 1213; x_wconf 86' lang='lat' dir='ltr'>dolere,</span> <span class='ocrx_word' id='word_1_112' title='bbox 944 1169 1012 1203; x_wconf 87' lang='lat' dir='ltr'>sed</span> <span class='ocrx_word' id='word_1_113' title='bbox 1046 1167 1141 1214; x_wconf 85' lang='lat' dir='ltr'>quia</span> <span class='ocrx_word' id='word_1_114' title='bbox 1180 1166 1298 1202; x_wconf 88' lang='lat' dir='ltr'>simul</span> <span class='ocrx_word' id='word_1_115' title='bbox 1334 1166 1407 1202; x_wconf 83' lang='lat' dir='ltr'>fuit</span> <span class='ocrx_word' id='word_1_116' title='bbox 1439 1179 1554 1203; x_wconf 80' lang='lat' dir='ltr'>verus</span> 
     </span>
     <span class='ocr_line' id='line_1_17' title="bbox 141 1220 1555 1297; baseline -0.002 -32.987"><span class='ocrx_word' id='word_1_117' title='bbox 141 1220 221 1297; x_wconf 49' lang='grc' dir='ltr'>ΡΟἾζῙ</span> <span class='ocrx_word' id='word_1_118' title='bbox 238 1230 342 1264; x_wconf 89' lang='lat' dir='ltr'>Deus</span> <span class='ocrx_word' id='word_1_119' title='bbox 377 1236 412 1264; x_wconf 91' lang='lat' dir='ltr'>et</span> <span class='ocrx_word' id='word_1_120' title='bbox 444 1239 560 1263; x_wconf 83' lang='lat' dir='ltr'>verus</span> <span class='ocrx_word' id='word_1_121' title='bbox 590 1223 594 1278; x_wconf 72' lang='grc' dir='ltr'>Ι</span> <span class='ocrx_word' id='word_1_122' title='bbox 624 1227 760 1273; x_wconf 86' lang='lat' dir='ltr'>homo,</span> <span class='ocrx_word' id='word_1_123' title='bbox 794 1227 1013 1262; x_wconf 87' lang='lat' dir='ltr'>secundum</span> <span class='ocrx_word' id='word_1_124' title='bbox 1052 1225 1344 1261; x_wconf 81' lang='lat' dir='ltr'>humanitatem</span> <span class='ocrx_word' id='word_1_125' title='bbox 1378 1225 1485 1261; x_wconf 84' lang='lat' dir='ltr'>flevit</span> <span class='ocrx_word' id='word_1_126' title='bbox 1518 1234 1555 1262; x_wconf 91' lang='lat' dir='ltr'>et</span> 
     </span>
    </p>

    <p class='ocr_par' dir='ltr' id='par_1_8' title="bbox 190 1264 1110 1333">
     <span class='ocr_line' id='line_1_18' title="bbox 190 1264 1110 1333; baseline -0.002 -11.891"><span class='ocrx_word' id='word_1_127' title='bbox 190 1264 365 1322; x_wconf 65' lang='lat' dir='ltr'>³bdoluit</span> <span class='ocrx_word' id='word_1_128' title='bbox 398 1285 486 1333; x_wconf 83' lang='lat' dir='ltr'>plus</span> <span class='ocrx_word' id='word_1_129' title='bbox 520 1298 639 1333; x_wconf 89' lang='lat' dir='ltr'>quam</span> <span class='ocrx_word' id='word_1_130' title='bbox 674 1284 818 1333; x_wconf 86' lang='lat' dir='ltr'>aliquis</span> <span class='ocrx_word' id='word_1_131' title='bbox 852 1285 973 1320; x_wconf 87' lang='lat' dir='ltr'>frater</span> <span class='ocrx_word' id='word_1_132' title='bbox 1005 1296 1110 1319; x_wconf 85' lang='lat' dir='ltr'>suus.</span> 
     </span>
    </p>

    <p class='ocr_par' dir='ltr' id='par_1_9' title="bbox 237 1342 1556 1450">
     <span class='ocr_line' id='line_1_19' title="bbox 296 1342 1555 1390; baseline -0.002 -10"><span class='ocrx_word' id='word_1_133' title='bbox 296 1344 481 1380; x_wconf 87' lang='lat' dir='ltr'>Secundo</span> <span class='ocrx_word' id='word_1_134' title='bbox 520 1343 694 1379; x_wconf 74' lang='lat' dir='ltr'>obicitui</span> <span class='ocrx_word' id='word_1_135' title='bbox 733 1355 802 1390; x_wconf 90' lang='lat' dir='ltr'>per</span> <span class='ocrx_word' id='word_1_136' title='bbox 843 1344 917 1378; x_wconf 90' lang='lat' dir='ltr'>hoc</span> <span class='ocrx_word' id='word_1_137' title='bbox 950 1343 1058 1390; x_wconf 90' lang='lat' dir='ltr'>quod</span> <span class='ocrx_word' id='word_1_138' title='bbox 1097 1342 1213 1377; x_wconf 84' lang='lat' dir='ltr'>fletus</span> <span class='ocrx_word' id='word_1_139' title='bbox 1247 1350 1283 1377; x_wconf 91' lang='lat' dir='ltr'>et</span> <span class='ocrx_word' id='word_1_140' title='bbox 1316 1342 1431 1377; x_wconf 90' lang='lat' dir='ltr'>dolor</span> <span class='ocrx_word' id='word_1_141' title='bbox 1464 1351 1555 1377; x_wconf 89' lang='lat' dir='ltr'>sunt</span> 
     </span>
     <span class='ocr_line' id='line_1_20' title="bbox 237 1398 1556 1450; baseline -0.002 -12"><span class='ocrx_word' id='word_1_142' title='bbox 237 1410 403 1450; x_wconf 88' lang='lat' dir='ltr'>propter</span> <span class='ocrx_word' id='word_1_143' title='bbox 441 1400 743 1449; x_wconf 85' lang='lat' dir='ltr'>displicenciam</span> <span class='ocrx_word' id='word_1_144' title='bbox 784 1400 968 1446; x_wconf 81' lang='lat' dir='ltr'>alicuius,</span> <span class='ocrx_word' id='word_1_145' title='bbox 1013 1401 1081 1436; x_wconf 88' lang='lat' dir='ltr'>sed</span> <span class='ocrx_word' id='word_1_146' title='bbox 1120 1398 1301 1435; x_wconf 86' lang='lat' dir='ltr'>Christus</span> <span class='ocrx_word' id='word_1_147' title='bbox 1347 1412 1438 1436; x_wconf 87' lang='lat' dir='ltr'>cum</span> <span class='ocrx_word' id='word_1_148' title='bbox 1483 1399 1556 1435; x_wconf 88' lang='lat' dir='ltr'>fuit</span> 
     </span>
    </p>

    <p class='ocr_par' dir='ltr' id='par_1_10' title="bbox 181 1457 1555 1613">
     <span class='ocr_line' id='line_1_21' title="bbox 181 1457 1555 1508; baseline -0.001 -14"><span class='ocrx_word' id='word_1_149' title='bbox 181 1473 223 1494; x_wconf 84' lang='lat'>20</span> <span class='ocrx_word' id='word_1_150' title='bbox 237 1460 496 1508; x_wconf 88' lang='lat' dir='ltr'>omnipotens</span> <span class='ocrx_word' id='word_1_151' title='bbox 536 1458 667 1507; x_wconf 86' lang='lat' dir='ltr'>potuit</span> <span class='ocrx_word' id='word_1_152' title='bbox 706 1458 902 1506; x_wconf 89' lang='lat' dir='ltr'>impedire</span> <span class='ocrx_word' id='word_1_153' title='bbox 936 1470 1097 1494; x_wconf 84' lang='lat' dir='ltr'>omnem</span> <span class='ocrx_word' id='word_1_154' title='bbox 1134 1466 1319 1494; x_wconf 90' lang='lat' dir='ltr'>eventum</span> <span class='ocrx_word' id='word_1_155' title='bbox 1355 1457 1421 1505; x_wconf 91' lang='lat' dir='ltr'>qui</span> <span class='ocrx_word' id='word_1_156' title='bbox 1456 1458 1555 1494; x_wconf 84' lang='lat' dir='ltr'>foret</span> 
     </span>
     <span class='ocr_line' id='line_1_22' title="bbox 237 1515 1555 1566; baseline -0.002 -12"><span class='ocrx_word' id='word_1_157' title='bbox 237 1518 312 1555; x_wconf 83' lang='lat' dir='ltr'>sibi</span> <span class='ocrx_word' id='word_1_158' title='bbox 345 1517 573 1566; x_wconf 79' lang='lat' dir='ltr'>displicens,</span> <span class='ocrx_word' id='word_1_159' title='bbox 608 1530 701 1565; x_wconf 84' lang='lat' dir='ltr'>ergo</span> <span class='ocrx_word' id='word_1_160' title='bbox 724 1530 805 1553; x_wconf 89' lang='lat' dir='ltr'>non</span> <span class='ocrx_word' id='word_1_161' title='bbox 837 1518 937 1553; x_wconf 89' lang='lat' dir='ltr'>foret</span> <span class='ocrx_word' id='word_1_162' title='bbox 969 1515 1136 1552; x_wconf 83' lang='lat' dir='ltr'>materia</span> <span class='ocrx_word' id='word_1_163' title='bbox 1167 1516 1282 1552; x_wconf 80' lang='lat' dir='ltr'>fletus</span> <span class='ocrx_word' id='word_1_164' title='bbox 1314 1517 1375 1552; x_wconf 78' lang='lat' dir='ltr'>vel</span> <span class='ocrx_word' id='word_1_165' title='bbox 1405 1515 1555 1552; x_wconf 89' lang='lat' dir='ltr'>doloris</span> 
     </span>
     <span class='ocr_line' id='line_1_23' title="bbox 239 1575 485 1613; baseline 0 -1"><span class='ocrx_word' id='word_1_166' title='bbox 239 1577 279 1613; x_wconf 88' lang='lat' dir='ltr'>in</span> <span class='ocrx_word' id='word_1_167' title='bbox 312 1575 485 1613; x_wconf 84' lang='lat' dir='ltr'>Christo.</span> 
     </span>
    </p>

    <p class='ocr_par' dir='ltr' id='par_1_11' title="bbox 239 1631 1556 1741">
     <span class='ocr_line' id='line_1_24' title="bbox 298 1631 1555 1682; baseline -0.002 -12"><span class='ocrx_word' id='word_1_168' title='bbox 298 1634 401 1671; x_wconf 91' lang='lat' dir='ltr'>Hinc</span> <span class='ocrx_word' id='word_1_169' title='bbox 435 1633 581 1670; x_wconf 84' lang='lat' dir='ltr'>dicitur</span> <span class='ocrx_word' id='word_1_170' title='bbox 619 1635 727 1682; x_wconf 91' lang='lat' dir='ltr'>quod</span> <span class='ocrx_word' id='word_1_171' title='bbox 765 1645 855 1669; x_wconf 91' lang='lat' dir='ltr'>vere</span> <span class='ocrx_word' id='word_1_172' title='bbox 901 1632 1154 1669; x_wconf 87' lang='lat' dir='ltr'>concluditur</span> <span class='ocrx_word' id='word_1_173' title='bbox 1198 1631 1239 1667; x_wconf 92' lang='lat' dir='ltr'>in</span> <span class='ocrx_word' id='word_1_174' title='bbox 1272 1632 1430 1668; x_wconf 84' lang='lat' dir='ltr'>Christo</span> <span class='ocrx_word' id='word_1_175' title='bbox 1474 1645 1555 1668; x_wconf 89' lang='lat' dir='ltr'>non</span> 
     </span>
     <span class='ocr_line' id='line_1_25' title="bbox 239 1690 1556 1741; baseline -0.002 -12"><span class='ocrx_word' id='word_1_176' title='bbox 239 1693 358 1729; x_wconf 89' lang='lat' dir='ltr'>fuisse</span> <span class='ocrx_word' id='word_1_177' title='bbox 391 1692 631 1741; x_wconf 84' lang='lat' dir='ltr'>culpabilem</span> <span class='ocrx_word' id='word_1_178' title='bbox 666 1691 875 1728; x_wconf 83' lang='lat' dir='ltr'>materiam</span> <span class='ocrx_word' id='word_1_179' title='bbox 911 1690 1061 1727; x_wconf 89' lang='lat' dir='ltr'>doloris</span> <span class='ocrx_word' id='word_1_180' title='bbox 1093 1692 1161 1726; x_wconf 86' lang='lat' dir='ltr'>sed</span> <span class='ocrx_word' id='word_1_181' title='bbox 1194 1690 1233 1726; x_wconf 90' lang='lat' dir='ltr'>in</span> <span class='ocrx_word' id='word_1_182' title='bbox 1262 1690 1452 1726; x_wconf 86' lang='lat' dir='ltr'>fratribus</span> <span class='ocrx_word' id='word_1_183' title='bbox 1475 1691 1556 1727; x_wconf 88' lang='lat' dir='ltr'>suis</span> 
     </span>
    </p>

    <p class='ocr_par' dir='ltr' id='par_1_12' title="bbox 183 1749 1557 2031">
     <span class='ocr_line' id='line_1_26' title="bbox 183 1749 1555 1799; baseline -0.001 -14"><span class='ocrx_word' id='word_1_184' title='bbox 183 1754 223 1786; x_wconf 77' lang='lat'>25</span> <span class='ocrx_word' id='word_1_185' title='bbox 238 1751 311 1788; x_wconf 90' lang='lat' dir='ltr'>fuit</span> <span class='ocrx_word' id='word_1_186' title='bbox 345 1752 461 1799; x_wconf 86' lang='lat' dir='ltr'>culpa</span> <span class='ocrx_word' id='word_1_187' title='bbox 483 1764 556 1799; x_wconf 84' lang='lat' dir='ltr'>pro</span> <span class='ocrx_word' id='word_1_188' title='bbox 579 1763 657 1799; x_wconf 92' lang='lat' dir='ltr'>qua</span> <span class='ocrx_word' id='word_1_189' title='bbox 680 1758 840 1798; x_wconf 90' lang='lat' dir='ltr'>oportet</span> <span class='ocrx_word' id='word_1_190' title='bbox 864 1761 952 1785; x_wconf 89' lang='lat' dir='ltr'>eum</span> <span class='ocrx_word' id='word_1_191' title='bbox 978 1749 1208 1785; x_wconf 85' lang='lat' dir='ltr'>satisfacere</span> <span class='ocrx_word' id='word_1_192' title='bbox 1232 1761 1275 1785; x_wconf 84' lang='lat' dir='ltr'>ex</span> <span class='ocrx_word' id='word_1_193' title='bbox 1297 1749 1555 1785; x_wconf 74' lang='lat' dir='ltr'>vehemencia</span> 
     </span>
     <span class='ocr_line' id='line_1_27' title="bbox 239 1807 1556 1857; baseline -0.002 -12"><span class='ocrx_word' id='word_1_194' title='bbox 239 1822 307 1846; x_wconf 90' lang='lat' dir='ltr'>sue</span> <span class='ocrx_word' id='word_1_195' title='bbox 340 1808 596 1857; x_wconf 80' lang='lat' dir='ltr'>gratitudinis</span> <span class='ocrx_word' id='word_1_196' title='bbox 628 1808 821 1856; x_wconf 83' lang='lat' dir='ltr'>graciose.</span> <span class='ocrx_word' id='word_1_197' title='bbox 876 1807 1068 1853; x_wconf 82' lang='lat' dir='ltr'>Quamvis</span> <span class='ocrx_word' id='word_1_198' title='bbox 1101 1816 1234 1842; x_wconf 89' lang='lat' dir='ltr'>autem</span> <span class='ocrx_word' id='word_1_199' title='bbox 1274 1807 1405 1854; x_wconf 88' lang='lat' dir='ltr'>potuit</span> <span class='ocrx_word' id='word_1_200' title='bbox 1437 1820 1556 1843; x_wconf 89' lang='lat' dir='ltr'>omne</span> 
     </span>
     <span class='ocr_line' id='line_1_28' title="bbox 241 1865 1555 1915; baseline -0.002 -12"><span class='ocrx_word' id='word_1_201' title='bbox 241 1869 392 1904; x_wconf 88' lang='lat' dir='ltr'>malum</span> <span class='ocrx_word' id='word_1_202' title='bbox 438 1866 652 1915; x_wconf 89' lang='lat' dir='ltr'>prohibere</span> <span class='ocrx_word' id='word_1_203' title='bbox 697 1875 733 1902; x_wconf 94' lang='lat' dir='ltr'>et</span> <span class='ocrx_word' id='word_1_204' title='bbox 773 1865 970 1914; x_wconf 87' lang='lat' dir='ltr'>impedire</span> <span class='ocrx_word' id='word_1_205' title='bbox 1008 1874 1217 1913; x_wconf 85' lang='lat' dir='ltr'>tamquam</span> <span class='ocrx_word' id='word_1_206' title='bbox 1258 1867 1376 1910; x_wconf 85' lang='lat' dir='ltr'>Deus,</span> <span class='ocrx_word' id='word_1_207' title='bbox 1421 1874 1555 1901; x_wconf 90' lang='lat' dir='ltr'>tamen</span> 
     </span>
     <span class='ocr_line' id='line_1_29' title="bbox 240 1922 1557 1974; baseline -0.002 -12"><span class='ocrx_word' id='word_1_208' title='bbox 240 1925 468 1974; x_wconf 84' lang='lat' dir='ltr'>gratancius</span> <span class='ocrx_word' id='word_1_209' title='bbox 513 1924 616 1970; x_wconf 78' lang='lat' dir='ltr'>fecit,</span> <span class='ocrx_word' id='word_1_210' title='bbox 662 1925 850 1973; x_wconf 90' lang='lat' dir='ltr'>ponendo</span> <span class='ocrx_word' id='word_1_211' title='bbox 888 1924 1038 1960; x_wconf 89' lang='lat' dir='ltr'>factum</span> <span class='ocrx_word' id='word_1_212' title='bbox 1078 1922 1252 1959; x_wconf 87' lang='lat' dir='ltr'>hominis</span> <span class='ocrx_word' id='word_1_213' title='bbox 1291 1922 1331 1959; x_wconf 93' lang='lat' dir='ltr'>in</span> <span class='ocrx_word' id='word_1_214' title='bbox 1375 1923 1557 1960; x_wconf 86' lang='lat' dir='ltr'>libertate</span> 
     </span>
     <span class='ocr_line' id='line_1_30' title="bbox 240 1982 1555 2031; baseline -0.002 -11"><span class='ocrx_word' id='word_1_215' title='bbox 240 1984 300 2020; x_wconf 89' lang='lat' dir='ltr'>sui</span> <span class='ocrx_word' id='word_1_216' title='bbox 333 1983 502 2030; x_wconf 83' lang='lat' dir='ltr'>arbitrii,</span> <span class='ocrx_word' id='word_1_217' title='bbox 537 1982 630 2031; x_wconf 89' lang='lat' dir='ltr'>quia</span> <span class='ocrx_word' id='word_1_218' title='bbox 664 1982 778 2019; x_wconf 84' lang='lat' dir='ltr'>aliter</span> <span class='ocrx_word' id='word_1_219' title='bbox 809 1995 890 2018; x_wconf 91' lang='lat' dir='ltr'>non</span> <span class='ocrx_word' id='word_1_220' title='bbox 914 1982 1001 2029; x_wconf 87' lang='lat' dir='ltr'>plus</span> <span class='ocrx_word' id='word_1_221' title='bbox 1032 1989 1252 2017; x_wconf 86' lang='lat' dir='ltr'>mereretur</span> <span class='ocrx_word' id='word_1_222' title='bbox 1275 1994 1396 2030; x_wconf 90' lang='lat' dir='ltr'>quam</span> <span class='ocrx_word' id='word_1_223' title='bbox 1421 1994 1555 2029; x_wconf 85' lang='lat' dir='ltr'>pecus,</span> 
     </span>
    </p>

    <p class='ocr_par' dir='ltr' id='par_1_13' title="bbox 183 2039 1552 2149">
     <span class='ocr_line' id='line_1_31' title="bbox 183 2039 1552 2089; baseline -0.001 -11"><span class='ocrx_word' id='word_1_224' title='bbox 183 2056 224 2078; x_wconf 55' lang='grc' dir='ltr'>,νο</span> <span class='ocrx_word' id='word_1_225' title='bbox 241 2051 277 2079; x_wconf 90' lang='lat' dir='ltr'>et</span> <span class='ocrx_word' id='word_1_226' title='bbox 309 2054 428 2089; x_wconf 89' lang='lat' dir='ltr'>super</span> <span class='ocrx_word' id='word_1_227' title='bbox 461 2042 536 2077; x_wconf 91' lang='lat' dir='ltr'>hoc</span> <span class='ocrx_word' id='word_1_228' title='bbox 560 2054 640 2077; x_wconf 90' lang='lat' dir='ltr'>non</span> <span class='ocrx_word' id='word_1_229' title='bbox 663 2040 870 2089; x_wconf 85' lang='lat' dir='ltr'>permittet</span> <span class='ocrx_word' id='word_1_230' title='bbox 894 2039 1059 2088; x_wconf 87' lang='lat' dir='ltr'>aliquod</span> <span class='ocrx_word' id='word_1_231' title='bbox 1083 2047 1294 2087; x_wconf 88' lang='lat' dir='ltr'>peccatum</span> <span class='ocrx_word' id='word_1_232' title='bbox 1320 2039 1552 2088; x_wconf 85' lang='lat' dir='ltr'>contingere</span> 
     </span>
     <span class='ocr_line' id='line_1_32' title="bbox 241 2097 1159 2149; baseline -0.003 -13"><span class='ocrx_word' id='word_1_233' title='bbox 241 2099 337 2149; x_wconf 88' lang='lat' dir='ltr'>quin</span> <span class='ocrx_word' id='word_1_234' title='bbox 368 2099 486 2136; x_wconf 89' lang='lat' dir='ltr'>vertit</span> <span class='ocrx_word' id='word_1_235' title='bbox 518 2099 615 2135; x_wconf 88' lang='lat' dir='ltr'>illud</span> <span class='ocrx_word' id='word_1_236' title='bbox 649 2100 699 2135; x_wconf 87' lang='lat' dir='ltr'>ad</span> <span class='ocrx_word' id='word_1_237' title='bbox 732 2098 946 2135; x_wconf 87' lang='lat' dir='ltr'>utilitatem</span> <span class='ocrx_word' id='word_1_238' title='bbox 981 2097 1159 2134; x_wconf 91' lang='lat' dir='ltr'>ecclesie.</span> 
     </span>
    </p>

    <p class='ocr_par' dir='ltr' id='par_1_14' title="bbox 239 2155 1555 2322">
     <span class='ocr_line' id='line_1_33' title="bbox 299 2155 1554 2205; baseline -0.002 -11"><span class='ocrx_word' id='word_1_239' title='bbox 299 2160 435 2195; x_wconf 90' lang='lat' dir='ltr'>Restat</span> <span class='ocrx_word' id='word_1_240' title='bbox 468 2170 561 2205; x_wconf 81' lang='lat' dir='ltr'>ergo</span> <span class='ocrx_word' id='word_1_241' title='bbox 595 2158 801 2194; x_wconf 88' lang='lat' dir='ltr'>declarare</span> <span class='ocrx_word' id='word_1_242' title='bbox 835 2158 943 2205; x_wconf 91' lang='lat' dir='ltr'>quod</span> <span class='ocrx_word' id='word_1_243' title='bbox 976 2155 1159 2193; x_wconf 87' lang='lat' dir='ltr'>Christus</span> <span class='ocrx_word' id='word_1_244' title='bbox 1198 2168 1406 2204; x_wconf 87' lang='lat' dir='ltr'>nunquam</span> <span class='ocrx_word' id='word_1_245' title='bbox 1447 2155 1554 2192; x_wconf 86' lang='lat' dir='ltr'>flevit</span> 
     </span>
     <span class='ocr_line' id='line_1_34' title="bbox 239 2215 1555 2264; baseline -0.002 -12"><span class='ocrx_word' id='word_1_246' title='bbox 239 2217 301 2253; x_wconf 89' lang='lat' dir='ltr'>vel</span> <span class='ocrx_word' id='word_1_247' title='bbox 340 2215 468 2252; x_wconf 90' lang='lat' dir='ltr'>doluit</span> <span class='ocrx_word' id='word_1_248' title='bbox 505 2215 583 2252; x_wconf 90' lang='lat' dir='ltr'>nisi</span> <span class='ocrx_word' id='word_1_249' title='bbox 622 2217 785 2264; x_wconf 89' lang='lat' dir='ltr'>quando</span> <span class='ocrx_word' id='word_1_250' title='bbox 824 2215 952 2251; x_wconf 90' lang='lat' dir='ltr'>doluit</span> <span class='ocrx_word' id='word_1_251' title='bbox 991 2228 1065 2263; x_wconf 89' lang='lat' dir='ltr'>pro</span> <span class='ocrx_word' id='word_1_252' title='bbox 1106 2222 1286 2262; x_wconf 88' lang='lat' dir='ltr'>peccato.</span> <span class='ocrx_word' id='word_1_253' title='bbox 1333 2215 1435 2249; x_wconf 90' lang='lat' dir='ltr'>Nam</span> <span class='ocrx_word' id='word_1_254' title='bbox 1474 2227 1555 2250; x_wconf 92' lang='lat' dir='ltr'>non</span> 
     </span>
     <span class='ocr_line' id='line_1_35' title="bbox 241 2272 1555 2322; baseline -0.003 -11"><span class='ocrx_word' id='word_1_255' title='bbox 241 2283 298 2311; x_wconf 89' lang='lat' dir='ltr'>est</span> <span class='ocrx_word' id='word_1_256' title='bbox 337 2274 491 2311; x_wconf 85' lang='lat' dir='ltr'>domini</span> <span class='ocrx_word' id='word_1_257' title='bbox 530 2273 718 2322; x_wconf 82' lang='lat' dir='ltr'>potentis,</span> <span class='ocrx_word' id='word_1_258' title='bbox 759 2273 951 2322; x_wconf 86' lang='lat' dir='ltr'>sapientis</span> <span class='ocrx_word' id='word_1_259' title='bbox 992 2282 1029 2309; x_wconf 92' lang='lat' dir='ltr'>et</span> <span class='ocrx_word' id='word_1_260' title='bbox 1068 2272 1276 2309; x_wconf 88' lang='lat' dir='ltr'>clementis</span> <span class='ocrx_word' id='word_1_261' title='bbox 1313 2272 1447 2308; x_wconf 89' lang='lat' dir='ltr'>dolere</span> <span class='ocrx_word' id='word_1_262' title='bbox 1481 2272 1555 2308; x_wconf 89' lang='lat' dir='ltr'>nisi</span> 
     </span>
    </p>

    <p class='ocr_par' dir='ltr' id='par_1_15' title="bbox 185 2329 1557 2381">
     <span class='ocr_line' id='line_1_36' title="bbox 185 2329 1557 2381; baseline -0.003 -11"><span class='ocrx_word' id='word_1_263' title='bbox 185 2335 225 2370; x_wconf 67' lang='lat'>³5</span> <span class='ocrx_word' id='word_1_264' title='bbox 241 2345 315 2381; x_wconf 92' lang='lat' dir='ltr'>pro</span> <span class='ocrx_word' id='word_1_265' title='bbox 347 2332 578 2369; x_wconf 86' lang='lat' dir='ltr'>notabiliter</span> <span class='ocrx_word' id='word_1_266' title='bbox 612 2333 851 2380; x_wconf 86' lang='lat' dir='ltr'>dampnoso.</span> <span class='ocrx_word' id='word_1_267' title='bbox 898 2332 974 2368; x_wconf 87' lang='lat' dir='ltr'>Sed</span> <span class='ocrx_word' id='word_1_268' title='bbox 1009 2330 1241 2367; x_wconf 90' lang='lat' dir='ltr'>huiusmodi</span> <span class='ocrx_word' id='word_1_269' title='bbox 1281 2329 1467 2367; x_wconf 88' lang='lat' dir='ltr'>dominus</span> <span class='ocrx_word' id='word_1_270' title='bbox 1500 2339 1557 2367; x_wconf 87' lang='lat' dir='ltr'>est</span> 
     </span>
    </p>
   </div>
   <div class='ocr_carea' id='block_1_3' title="bbox 244 2487 1557 2560">
    <p class='ocr_par' dir='ltr' id='par_1_16' title="bbox 244 2487 1556 2560">
     <span class='ocr_line' id='line_1_37' title="bbox 313 2487 1556 2525; baseline -0.002 -8"><span class='ocrx_word' id='word_1_271' title='bbox 313 2498 333 2517; x_wconf 93' lang='lat'>1.</span> <span class='ocrx_word' id='word_1_272' title='bbox 349 2490 395 2516; x_wconf 90' lang='lat' dir='ltr'>D</span> <span class='ocrx_word' id='word_1_273' title='bbox 389 2498 418 2517; x_wconf 85' lang='grc'>111</span> <span class='ocrx_word' id='word_1_274' title='bbox 434 2498 530 2525; x_wconf 83' lang='lat' dir='ltr'>marg.</span> <span class='ocrx_word' id='word_1_275' title='bbox 541 2499 546 2516; x_wconf 92' lang='lat'>:</span> <span class='ocrx_word' id='word_1_276' title='bbox 572 2489 730 2525; x_wconf 77' lang='lat' dir='ltr'>Quomodo</span> <span class='ocrx_word' id='word_1_277' title='bbox 750 2488 949 2524; x_wconf 79' lang='lat' dir='ltr'>verificatur·</span> <span class='ocrx_word' id='word_1_278' title='bbox 968 2487 1036 2516; x_wconf 87' lang='lat' dir='ltr'>Non</span> <span class='ocrx_word' id='word_1_279' title='bbox 1058 2489 1193 2516; x_wconf 78' lang='lat' dir='ltr'>manebit</span> <span class='ocrx_word' id='word_1_280' title='bbox 1209 2489 1290 2524; x_wconf 78' lang='lat' dir='ltr'>lapis</span> <span class='ocrx_word' id='word_1_281' title='bbox 1309 2497 1401 2524; x_wconf 61' lang='lat' dir='ltr'>snper</span> <span class='ocrx_word' id='word_1_282' title='bbox 1413 2489 1556 2524; x_wconf 72' lang='lat' dir='ltr'>lapidem.</span> 
     </span>
     <span class='ocr_line' id='line_1_38' title="bbox 244 2523 1557 2560; baseline -0.002 -8"><span class='ocrx_word' id='word_1_283' title='bbox 244 2534 272 2558; x_wconf 68' lang='lat'>4.</span> <span class='ocrx_word' id='word_1_284' title='bbox 294 2524 368 2552; x_wconf 89' lang='lat' dir='ltr'>DG:</span> <span class='ocrx_word' id='word_1_285' title='bbox 389 2525 463 2560; x_wconf 73' lang='lat' dir='ltr'>quiz</span> <span class='ocrx_word' id='word_1_286' title='bbox 484 2533 554 2552; x_wconf 78' lang='lat' dir='ltr'>non.</span> <span class='ocrx_word' id='word_1_287' title='bbox 622 2526 650 2551; x_wconf 74' lang='lat'>6.</span> <span class='ocrx_word' id='word_1_288' title='bbox 674 2524 716 2551; x_wconf 98' lang='lat' dir='ltr'>D:</span> <span class='ocrx_word' id='word_1_289' title='bbox 735 2524 837 2560; x_wconf 72' lang='lat' dir='ltr'>salut.</span> <span class='ocrx_word' id='word_1_290' title='bbox 902 2532 928 2559; x_wconf 88' lang='lat'>7.</span> <span class='ocrx_word' id='word_1_291' title='bbox 950 2523 1054 2550; x_wconf 91' lang='lat' dir='ltr'>DGH:</span> <span class='ocrx_word' id='word_1_292' title='bbox 1077 2524 1174 2559; x_wconf 70' lang='lat' dir='ltr'>leges.</span> <span class='ocrx_word' id='word_1_293' title='bbox 1237 2532 1265 2559; x_wconf 83' lang='lat'>9.</span> <span class='ocrx_word' id='word_1_294' title='bbox 1287 2525 1315 2551; x_wconf 88' lang='lat' dir='ltr'>A</span> <span class='ocrx_word' id='word_1_295' title='bbox 1335 2532 1365 2551; x_wconf 83' lang='lat'>111</span> <span class='ocrx_word' id='word_1_296' title='bbox 1388 2532 1501 2558; x_wconf 77' lang='lat' dir='ltr'>ma1g.:</span> <span class='ocrx_word' id='word_1_297' title='bbox 1524 2533 1557 2557; x_wconf 65' lang='lat'>³-</span> 
     </span>
    </p>
   </div>
   <div class='ocr_carea' id='block_1_4' title="bbox 242 2545 1559 2761">
    <p class='ocr_par' dir='ltr' id='par_1_17' title="bbox 243 2545 1559 2761">
     <span class='ocr_line' id='line_1_39' title="bbox 243 2545 1557 2626; baseline -0.002 -39"><span class='ocrx_word' id='word_1_298' title='bbox 243 2568 284 2588; x_wconf 83' lang='grc' dir='ltr'>ιο.</span> <span class='ocrx_word' id='word_1_299' title='bbox 306 2561 350 2587; x_wconf 94' lang='lat' dir='ltr'>A:</span> <span class='ocrx_word' id='word_1_300' title='bbox 379 2563 520 2599; x_wconf 78' lang='lat' dir='ltr'>oportet;</span> <span class='ocrx_word' id='word_1_301' title='bbox 548 2559 588 2586; x_wconf 90' lang='lat' dir='ltr'>ib.</span> <span class='ocrx_word' id='word_1_302' title='bbox 610 2559 652 2586; x_wconf 84' lang='lat' dir='ltr'>D:</span> <span class='ocrx_word' id='word_1_303' title='bbox 680 2562 777 2586; x_wconf 80' lang='lat' dir='ltr'>tanta.</span> <span class='ocrx_word' id='word_1_304' title='bbox 887 2566 925 2586; x_wconf 87' lang='lat'>12.</span> <span class='ocrx_word' id='word_1_305' title='bbox 950 2560 996 2586; x_wconf 88' lang='lat' dir='ltr'>A:</span> <span class='ocrx_word' id='word_1_306' title='bbox 1013 2545 1130 2594; x_wconf 79' lang='lat' dir='ltr'>fuerit</span> <span class='ocrx_word' id='word_1_307' title='bbox 1240 2558 1278 2586; x_wconf 84' lang='lat'>15.</span> <span class='ocrx_word' id='word_1_308' title='bbox 1305 2560 1350 2586; x_wconf 86' lang='lat' dir='ltr'>A:</span> <span class='ocrx_word' id='word_1_309' title='bbox 1347 2559 1441 2626; x_wconf 40' lang='lat' dir='ltr'><em>4su²¹t</em></span> <span class='ocrx_word' id='word_1_310' title='bbox 1456 2552 1557 2585; x_wconf 82' lang='lat' dir='ltr'>deest.</span> 
     </span>
     <span class='ocr_line' id='line_1_40' title="bbox 244 2593 1559 2632; baseline -0.002 -10"><span class='ocrx_word' id='word_1_311' title='bbox 244 2595 283 2622; x_wconf 77' lang='lat'>10.</span> <span class='ocrx_word' id='word_1_312' title='bbox 302 2594 344 2621; x_wconf 89' lang='lat' dir='ltr'>G:</span> <span class='ocrx_word' id='word_1_313' title='bbox 366 2594 478 2621; x_wconf 77' lang='lat' dir='ltr'>verius.</span> <span class='ocrx_word' id='word_1_314' title='bbox 543 2602 583 2623; x_wconf 71' lang='grc' dir='ltr'>ιω.</span> <span class='ocrx_word' id='word_1_315' title='bbox 606 2593 680 2621; x_wconf 92' lang='lat' dir='ltr'>DG:</span> <span class='ocrx_word' id='word_1_316' title='bbox 702 2602 767 2620; x_wconf 83' lang='lat' dir='ltr'>cum</span> <span class='ocrx_word' id='word_1_317' title='bbox 787 2594 836 2620; x_wconf 79' lang='lat' dir='ltr'>szt.</span> <span class='ocrx_word' id='word_1_318' title='bbox 898 2601 937 2621; x_wconf 90' lang='lat'>21.</span> <span class='ocrx_word' id='word_1_319' title='bbox 960 2593 1001 2620; x_wconf 89' lang='lat' dir='ltr'>H:</span> <span class='ocrx_word' id='word_1_320' title='bbox 1026 2593 1157 2620; x_wconf 61' lang='lat' dir='ltr'>maten:</span> <span class='ocrx_word' id='word_1_321' title='bbox 1173 2593 1265 2620; x_wconf 87' lang='lat' dir='ltr'>deest</span> <span class='ocrx_word' id='word_1_322' title='bbox 1396 2593 1440 2620; x_wconf 90' lang='lat' dir='ltr'>H:</span> <span class='ocrx_word' id='word_1_323' title='bbox 1452 2593 1559 2632; x_wconf 78' lang='lat' dir='ltr'>fuisse</span> 
     </span>
     <span class='ocr_line' id='line_1_41' title="bbox 243 2627 1559 2678; baseline -0.001 -22"><span class='ocrx_word' id='word_1_324' title='bbox 243 2629 395 2664; x_wconf 74' lang='lat' dir='ltr'>culpabzle</span> <span class='ocrx_word' id='word_1_325' title='bbox 414 2628 552 2661; x_wconf 83' lang='lat' dir='ltr'>doloris;</span> <span class='ocrx_word' id='word_1_326' title='bbox 571 2629 615 2656; x_wconf 89' lang='lat' dir='ltr'>A.</span> <span class='ocrx_word' id='word_1_327' title='bbox 637 2629 867 2678; x_wconf 51' lang='grc' dir='ltr'>ειιῖραξαὺῐίωη.</span> <span class='ocrx_word' id='word_1_328' title='bbox 941 2628 984 2656; x_wconf 72' lang='grc'>25.</span> <span class='ocrx_word' id='word_1_329' title='bbox 1002 2627 1045 2655; x_wconf 89' lang='lat' dir='ltr'>G:</span> <span class='ocrx_word' id='word_1_330' title='bbox 1067 2628 1174 2667; x_wconf 51' lang='lat' dir='ltr'>fizsum.</span> <span class='ocrx_word' id='word_1_331' title='bbox 1247 2629 1294 2655; x_wconf 82' lang='lat'>26.</span> <span class='ocrx_word' id='word_1_332' title='bbox 1315 2628 1388 2655; x_wconf 91' lang='lat' dir='ltr'>DG:</span> <span class='ocrx_word' id='word_1_333' title='bbox 1410 2636 1559 2663; x_wconf 65' lang='lat' dir='ltr'>gramme</span> 
     </span>
     <span class='ocr_line' id='line_1_42' title="bbox 244 2648 1558 2703; baseline -0.002 -12"><span class='ocrx_word' id='word_1_334' title='bbox 244 2664 338 2691; x_wconf 81' lang='lat' dir='ltr'>deest.</span> <span class='ocrx_word' id='word_1_335' title='bbox 440 2671 484 2697; x_wconf 81' lang='lat'>27.</span> <span class='ocrx_word' id='word_1_336' title='bbox 512 2664 537 2690; x_wconf 93' lang='lat' dir='ltr'>D</span> <span class='ocrx_word' id='word_1_337' title='bbox 564 2664 594 2691; x_wconf 85' lang='lat' dir='ltr'>in</span> <span class='ocrx_word' id='word_1_338' title='bbox 622 2671 736 2698; x_wconf 69' lang='lat' dir='ltr'>maig:</span> <span class='ocrx_word' id='word_1_339' title='bbox 765 2663 869 2703; x_wconf 78' lang='lat' dir='ltr'>Quare</span> <span class='ocrx_word' id='word_1_340' title='bbox 896 2662 1038 2690; x_wconf 74' lang='lat' dir='ltr'>Christus</span> <span class='ocrx_word' id='word_1_341' title='bbox 1062 2662 1202 2697; x_wconf 72' lang='lat' dir='ltr'>per’mzsit</span> <span class='ocrx_word' id='word_1_342' title='bbox 1225 2671 1258 2689; x_wconf 79' lang='lat' dir='ltr'>se</span> <span class='ocrx_word' id='word_1_343' title='bbox 1284 2648 1426 2690; x_wconf 77' lang='lat' dir='ltr'>occidere</span> <span class='ocrx_word' id='word_1_344' title='bbox 1445 2665 1558 2698; x_wconf 69' lang='lat' dir='ltr'>potens·</span> 
     </span>
     <span class='ocr_line' id='line_1_43' title="bbox 242 2697 1558 2740; baseline -0.001 -14.993"><span class='ocrx_word' id='word_1_345' title='bbox 242 2699 322 2726; x_wconf 67' lang='lat' dir='ltr'>zlias</span> <span class='ocrx_word' id='word_1_346' title='bbox 342 2698 491 2734; x_wconf 78' lang='lat' dir='ltr'>impedire</span> <span class='ocrx_word' id='word_1_347' title='bbox 509 2701 538 2725; x_wconf 81' lang='lat' dir='ltr'>et</span> <span class='ocrx_word' id='word_1_348' title='bbox 556 2706 654 2740; x_wconf 75' lang='lat' dir='ltr'>quare</span> <span class='ocrx_word' id='word_1_349' title='bbox 669 2698 821 2738; x_wconf 77' lang='lat' dir='ltr'>permzttit</span> <span class='ocrx_word' id='word_1_350' title='bbox 840 2698 869 2725; x_wconf 82' lang='lat' dir='ltr'>in</span> <span class='ocrx_word' id='word_1_351' title='bbox 889 2706 922 2725; x_wconf 76' lang='lat' dir='ltr'>Se</span> <span class='ocrx_word' id='word_1_352' title='bbox 935 2706 1079 2733; x_wconf 60' lang='lat' dir='ltr'>pecc-irc.</span> <span class='ocrx_word' id='word_1_353' title='bbox 1154 2705 1200 2732; x_wconf 83' lang='lat'>29</span> <span class='ocrx_word' id='word_1_354' title='bbox 1216 2697 1321 2725; x_wconf 89' lang='lat' dir='ltr'>ADG:</span> <span class='ocrx_word' id='word_1_355' title='bbox 1342 2698 1436 2725; x_wconf 76' lang='lat' dir='ltr'>aliter</span> <span class='ocrx_word' id='word_1_356' title='bbox 1456 2697 1558 2727; x_wconf 80' lang='lat' dir='ltr'>deest:</span> 
     </span>
     <span class='ocr_line' id='line_1_44' title="bbox 244 2731 915 2761; baseline 0 -1"><span class='ocrx_word' id='word_1_357' title='bbox 244 2734 283 2760; x_wconf 86' lang='lat' dir='ltr'>ib.</span> <span class='ocrx_word' id='word_1_358' title='bbox 307 2732 350 2760; x_wconf 88' lang='lat' dir='ltr'>G:</span> <span class='ocrx_word' id='word_1_359' title='bbox 371 2736 516 2760; x_wconf 84' lang='lat' dir='ltr'>meretur.</span> <span class='ocrx_word' id='word_1_360' title='bbox 589 2731 630 2761; x_wconf 81' lang='grc'>35.</span> <span class='ocrx_word' id='word_1_361' title='bbox 653 2734 696 2760; x_wconf 88' lang='lat' dir='ltr'>A:</span> <span class='ocrx_word' id='word_1_362' title='bbox 718 2733 803 2760; x_wconf 82' lang='lat' dir='ltr'>modz</span> <span class='ocrx_word' id='word_1_363' title='bbox 821 2733 915 2760; x_wconf 86' lang='lat' dir='ltr'>deest.</span> 
     </span>
    </p>
   </div>
   <div class='ocr_carea' id='block_1_5' title="bbox 244 2828 1556 2919">
    <p class='ocr_par' dir='ltr' id='par_1_18' title="bbox 244 2828 1556 2919">
     <span class='ocr_line' id='line_1_45' title="bbox 318 2828 1556 2879; baseline -0.002 -19"><span class='ocrx_word' id='word_1_364' title='bbox 318 2840 346 2860; x_wconf 88' lang='lat'>1.</span> <span class='ocrx_word' id='word_1_365' title='bbox 372 2830 417 2878; x_wconf 58' lang='lat'>,5⁰</span> <span class='ocrx_word' id='word_1_366' title='bbox 453 2829 620 2879; x_wconf 71' lang='lat' dir='ltr'>Gregorii,</span> <span class='ocrx_word' id='word_1_367' title='bbox 661 2829 696 2860; x_wconf 90' lang='lat' dir='ltr'>In</span> <span class='ocrx_word' id='word_1_368' title='bbox 728 2829 929 2870; x_wconf 78' lang='lat' dir='ltr'>Evangelia,</span> <span class='ocrx_word' id='word_1_369' title='bbox 971 2829 1075 2860; x_wconf 86' lang='lat' dir='ltr'>Hom.</span> <span class='ocrx_word' id='word_1_370' title='bbox 1108 2828 1255 2860; x_wconf 87' lang='lat' dir='ltr'>XXXIX.</span> <span class='ocrx_word' id='word_1_371' title='bbox 1290 2828 1382 2870; x_wconf 81' lang='lat' dir='ltr'>Opp.</span> <span class='ocrx_word' id='word_1_372' title='bbox 1416 2835 1499 2859; x_wconf 84' lang='lat' dir='ltr'>tom.</span> <span class='ocrx_word' id='word_1_373' title='bbox 1535 2828 1556 2867; x_wconf 85' lang='lat'>1,</span> 
     </span>
     <span class='ocr_line' id='line_1_46' title="bbox 244 2881 481 2919; baseline 0 -13"><span class='ocrx_word' id='word_1_374' title='bbox 244 2886 321 2917; x_wconf 82' lang='lat' dir='ltr'>pag.</span> <span class='ocrx_word' id='word_1_375' title='bbox 346 2881 481 2919; x_wconf 31' lang='lat'>104413.</span> 
     </span>
    </p>
   </div>
   <div class='ocr_carea' id='block_1_6' title="bbox 1758 238 1832 284">
    <p class='ocr_par' dir='ltr' id='par_1_19' title="bbox 1758 238 1832 284">
     <span class='ocr_line' id='line_1_47' title="bbox 1758 238 1832 284; baseline 0 -11"><span class='ocrx_word' id='word_1_376' title='bbox 1758 238 1832 284; x_wconf 58' lang='lat'>393</span> 
     </span>
    </p>
   </div>
   <div class='ocr_carea' id='block_1_7' title="bbox 1589 822 1818 885">
    <p class='ocr_par' dir='ltr' id='par_1_20' title="bbox 1589 822 1818 885">
     <span class='ocr_line' id='line_1_48' title="bbox 1624 822 1787 850; baseline 0.006 -1"><span class='ocrx_word' id='word_1_377' title='bbox 1624 822 1648 850; x_wconf 81' lang='lat'>3.</span> <span class='ocrx_word' id='word_1_378' title='bbox 1671 824 1718 850; x_wconf 83' lang='lat' dir='ltr'>sor</span> <span class='ocrx_word' id='word_1_379' title='bbox 1738 824 1787 850; x_wconf 86' lang='lat' dir='ltr'>the</span> 
     </span>
     <span class='ocr_line' id='line_1_49' title="bbox 1589 858 1818 885; baseline 0.004 -1"><span class='ocrx_word' id='word_1_380' title='bbox 1589 859 1688 885; x_wconf 69' lang='lat' dir='ltr'>whole</span> <span class='ocrx_word' id='word_1_381' title='bbox 1709 858 1818 885; x_wconf 75' lang='lat' dir='ltr'>world.</span> 
     </span>
    </p>
   </div>
   <div class='ocr_carea' id='block_1_8' title="bbox 1595 2162 1820 2267">
    <p class='ocr_par' dir='ltr' id='par_1_21' title="bbox 1595 2162 1820 2259">
     <span class='ocr_line' id='line_1_50' title="bbox 1595 2162 1820 2197; baseline -0.004 -8"><span class='ocrx_word' id='word_1_382' title='bbox 1595 2162 1641 2189; x_wconf 82' lang='lat' dir='ltr'>Hc</span> <span class='ocrx_word' id='word_1_383' title='bbox 1661 2167 1741 2197; x_wconf 72' lang='lat' dir='ltr'>xxept</span> <span class='ocrx_word' id='word_1_384' title='bbox 1761 2162 1820 2189; x_wconf 83' lang='lat' dir='ltr'>and</span> 
     </span>
     <span class='ocr_line' id='line_1_51' title="bbox 1602 2197 1818 2233; baseline 0.005 -9.009"><span class='ocrx_word' id='word_1_385' title='bbox 1602 2197 1724 2232; x_wconf 80' lang='lat' dir='ltr'>g1ieved</span> <span class='ocrx_word' id='word_1_386' title='bbox 1746 2197 1818 2233; x_wconf 84' lang='lat' dir='ltr'>only</span> 
     </span>
     <span class='ocr_line' id='line_1_52' title="bbox 1645 2232 1773 2267; baseline 0 -8"><span class='ocrx_word' id='word_1_387' title='bbox 1645 2232 1693 2259; x_wconf 86' lang='lat' dir='ltr'>for</span> <span class='ocrx_word' id='word_1_388' title='bbox 1714 2232 1773 2267; x_wconf 81' lang='lat' dir='ltr'>sin,</span> 
     </span>
    </p>
   </div>
  </div>
 </body>
</html>
