2062 3276
198 931 235 951 10

200 1211 236 1242 15

201 1793 240 1824 25

225 2094 245 2114 O

248 282 384 312 SERMO
407 271 472 328 λη
728 283 918 323 QUARTA
948 283 1073 315 mas.

249 393 323 429 sibi
356 392 556 440 ingratum
592 400 628 428 et
661 403 731 440 per
764 402 1013 438 consequens
1058 388 1269 438 indignum
1315 388 1370 427 sic
1410 390 1563 427 redimi.

247 451 355 488 Talis
389 463 482 498 ergo
516 463 595 486 non
628 449 734 486 venit
767 449 816 485 ad
851 447 1053 485 Christum
1095 448 1143 484 ad
1178 459 1339 484 sensum
1373 447 1566 495 evangelii

249 511 316 545 sed
349 510 397 545 ab
431 508 516 556 ipso
550 520 589 544 se
628 506 826 543 subtrahit
871 519 940 554 per
985 514 1210 554 peccatum.
1256 507 1387 542 Causa
1431 515 1564 542 autem

249 567 475 614 assignatur
508 578 580 614 pro
613 574 697 602 tota
730 564 804 601 ista
837 563 1054 610 sentencia,
1101 577 1190 600 cum
1227 562 1477 611 evangelium
1512 563 1565 600 ita

249 624 400 661 subdit:
443 624 529 673 quia
572 623 752 660 descendi
783 623 829 659 de
861 623 941 658 celo
975 634 1047 658 non
1081 622 1295 671 alsaciam
1331 622 1564 657 voluntatem

250 696 371 719 meam
404 683 473 718 sed
505 682 584 718 eius
616 681 680 730 qui
711 681 811 716 misit
843 693 914 716 me.
961 679 1037 717 Ubi
1072 679 1230 715 videtur
1269 678 1474 716 Christum
1509 679 1566 715 in-

250 742 412 778 tendere
445 741 552 788 quod
587 738 792 775 descendit
826 740 873 774 de
907 738 1004 783 celo,
1052 739 1126 774 hoc
1160 746 1230 783 est,
1278 737 1407 773 fuerat
1439 737 1567 774 incar—

251 808 367 836 natus
395 807 442 834 ut
476 797 594 834 faciat
628 806 669 833 ut
699 796 807 832 norit
829 796 927 832 velle
951 795 1229 843 principaliter
1252 797 1411 831 Patrem
1435 808 1565 837 suum,

250 857 344 906 quia
384 865 537 893 certum
571 864 627 891 est
661 867 705 891 ex
738 854 814 890 fide
847 855 955 902 quod
990 853 1186 902 quidquid
1221 855 1338 889 Pater
1382 854 1429 889 de
1474 852 1567 889 celis

250 914 433 961 voluerit,
466 923 547 950 tam
573 912 761 949 divinitus
785 925 905 961 quam
931 911 1176 958 humanitus,
1211 912 1294 947 vult
1318 920 1355 948 et
1369 912 1566 950 Verbum:

251 972 439 1009 dix-initus
463 971 639 1020 quidem,
674 970 768 1019 quia
800 970 982 1007 omnium
1016 969 1137 1006 trium
1172 981 1437 1017 personarum
1472 968 1568 1005 diri-

251 1044 394 1068 narum
429 1039 485 1066 est
518 1042 597 1066 una
630 1041 796 1065 concors
830 1037 867 1064 et
899 1037 1035 1064 eterna
1068 1026 1226 1074 volicio,
1261 1036 1297 1063 et
1321 1026 1567 1068 humanitus,

252 1089 346 1138 quia
380 1101 469 1125 cum
505 1086 686 1124 Christus
719 1087 940 1123 secundum
980 1095 1167 1122 naturam
1207 1094 1455 1133 assumptam
1497 1084 1569 1121 scit

252 1146 389 1184 omnia
422 1155 459 1182 et
496 1158 660 1194 peccare
695 1158 775 1181 non
809 1143 968 1193 poterit,
1002 1152 1111 1192 patet
1136 1145 1243 1192 quod
1267 1143 1464 1192 quidquid
1487 1143 1569 1179 vult

252 1205 428 1242 Trinitas
460 1205 543 1240 vult
576 1212 613 1240 et
646 1212 853 1251 assumpta
886 1201 1116 1239 humanitas
1151 1202 1270 1238 modo
1304 1214 1388 1238 suo.

313 1266 360 1299 Et
406 1262 594 1298 noticiam
641 1261 753 1298 istius
799 1260 906 1297 modi
951 1259 1142 1308 loquendi
1186 1260 1327 1296 vellem
1373 1259 1570 1296 hereticos

254 1322 342 1357 illos
395 1322 600 1357 attendere
654 1319 721 1368 qui
773 1319 951 1355 abiciunt
1003 1319 1155 1366 glosam
1208 1317 1325 1354 istam
1369 1316 1570 1354 Ambrosii

255 1390 462 1427 tamquam
497 1377 715 1414 hereticam
760 1378 868 1425 quod
912 1386 1002 1425 post
1046 1375 1397 1413 consecracionem
1443 1375 1570 1412 hostie

256 1451 335 1474 non
369 1445 548 1473 remanet
581 1436 707 1484 panis,
748 1436 816 1471 sed
856 1436 964 1483 quod
1008 1434 1051 1470 fit
1094 1433 1209 1482 panis
1254 1433 1469 1471 dicendum
1515 1442 1571 1470 est

256 1508 338 1533 esse
371 1495 625 1532 solummodo
660 1506 804 1542 corpus
838 1492 1004 1539 Christi3
1038 1493 1112 1529 hoc
1145 1500 1202 1529 est
1225 1493 1445 1528 secundum
1471 1492 1572 1539 glos-

256 1567 339 1591 sam
392 1554 605 1590 verborum
658 1551 874 1595 Ambrosii,
930 1551 1143 1587 dicendum
1198 1559 1255 1587 est
1307 1562 1390 1586 esse
1442 1550 1570 1586 solum

257 1611 532 1661 principaliter
565 1623 710 1658 corpus
744 1609 903 1646 Christi.
950 1611 1018 1645 Est
1058 1608 1165 1645 enim
1206 1609 1348 1645 modus
1381 1607 1571 1656 loquendi

255 1670 450 1718 scripture
507 1668 841 1716 subintelligendo
900 1668 949 1704 ad
1005 1668 1170 1703 verbum
1224 1665 1460 1714 simpliciter
1512 1678 1573 1702 ex-

259 1728 429 1777 primere
474 1726 704 1764 huiusmodi
748 1725 964 1774 negativas,
1009 1734 1052 1761 ut
1096 1725 1220 1761 Marci
1265 1723 1428 1761 dicitur:
1480 1724 1572 1768 Qui-

258 1799 403 1835 cunque
435 1799 494 1822 me
527 1785 662 1834 recipit
695 1797 768 1820 non
802 1797 861 1820 me
894 1783 1029 1833 recipit
1061 1784 1130 1819 sed
1161 1796 1244 1819 eum
1280 1783 1346 1832 qui
1377 1782 1479 1819 misit
1502 1795 1571 1819 me.

259 1848 306 1881 Et
341 1846 389 1881 ad
424 1845 600 1892 Ephesos
633 1844 719 1889 V10‚
767 1852 811 1878 12
854 1841 1024 1878 dicitur:
1066 1842 1151 1877 Non
1192 1848 1246 1877 est
1287 1840 1391 1876 nobis
1432 1840 1572 1876 colluc-

259 1903 383 1939 tuac-io
416 1904 606 1938 adversus
638 1913 793 1937 carnem
827 1907 862 1936 et
894 1899 1121 1949 sanguinem
1155 1900 1224 1935 sed
1255 1899 1444 1935 adversus
1462 1899 1572 1948 prin-

260 1961 361 2010 cipes
393 1968 428 1996 et
455 1967 678 2009 potestates.
714 1958 790 1995 Ubi
815 1967 967 1994 eertum
993 1966 1048 1994 est
1082 1958 1190 2005 quod
1212 1956 1429 2005 Apostolus
1452 1956 1575 1993 voluit

261 2028 297 2055 et
330 2018 465 2054 docuit
498 2019 685 2054 adversus
720 2029 878 2053 carnem
914 2025 950 2052 et
983 2015 1220 2063 sanguinem
1252 2016 1319 2051 sed
1343 2028 1423 2050 non
1446 2015 1573 2050 solum

261 2086 297 2114 et
332 2075 605 2124 principaliter
639 2074 842 2111 hominem
877 2073 1076 2112 reluctari.
1109 2076 1156 2109 Et
1189 2073 1294 2109 idem
1319 2072 1443 2109 tercio
1466 2081 1575 2120 patet

261 2148 304 2172 ex
338 2134 555 2182 evangelio,
590 2142 626 2170 et
648 2132 840 2169 johannis
864 2131 1103 2180 specialiter,
1139 2131 1205 2167 ubi
1229 2130 1411 2168 Christus
1435 2144 1574 2167 secun-

262 2195 356 2229 dum
391 2193 593 2241 quandam
630 2190 915 2239 proprietatem
949 2190 1114 2238 originis
1139 2190 1284 2237 prefert
1308 2188 1577 2225 communiter

263 2254 418 2287 Patrem
473 2263 602 2286 suum.
667 2248 873 2297 Numquid
927 2261 1020 2296 ergo
1073 2248 1203 2296 glossa
1254 2246 1455 2283 sufficiens
1504 2260 1575 2294 pro

263 2308 468 2357 evangelio
507 2307 653 2344 sufficit
692 2316 729 2344 et
766 2306 979 2343 Ambrosio
1025 2306 1091 2354 qui
1137 2305 1177 2342 in
1223 2306 1342 2341 modo
1386 2304 1576 2353 loquendi

263 2368 391 2404 fuerat
424 2366 607 2403 assiduus
641 2365 725 2402 eius
758 2365 929 2414 sequax?
964 2365 1180 2410 Quomodo
1220 2376 1314 2412 ergo
1347 2364 1574 2411 negandum

335 2534 352 2552 ι.
376 2526 418 2551 A:
442 2524 565 2551 redemi.
673 2532 694 2556 ι.
720 2522 784 2550 DE:
805 2522 1008 2558 approbatur.
1110 2522 1137 2548 ti.
1158 2521 1182 2548 E
1203 2521 1232 2548 in
1255 2529 1367 2556 marg:
1394 2520 1513 2548 Cris-tm
1533 2521 1578 2547 in—

263 2563 412 2587 carnatus
432 2567 539 2594 quare.
598 2566 634 2586 12.
650 2559 696 2586 A:
718 2558 848 2585 volucio.
904 2565 949 2584 20.
972 2557 996 2584 Ι)
1019 2557 1047 2584 iu
1070 2565 1182 2591 marg:
1200 2557 1433 2584 Sacramentum
1453 2555 1577 2582 altaris.

264 2603 303 2622 21.
324 2595 348 2622 E
368 2595 396 2622 in
420 2602 534 2628 marg:
556 2593 647 2621 Nola.
738 2592 780 2621 23.
801 2592 1000 2627 simpliciler;
1026 2592 1050 2619 E
1069 2591 1224 2626 corrigere
1245 2591 1324 2618 vult:
1346 2590 1576 2626 principaliter.

264 2629 301 2657 31.
324 2630 365 2656 D:
389 2629 439 2656 ubi
458 2629 538 2661 vult;
557 2628 594 2656 E:
617 2627 740 2655 extinct.
814 2626 854 2655 35.
877 2627 920 2655 D:
941 2626 1086 2654 assiduus
1106 2627 1203 2654 twice.

336 2726 365 2758 5.
389 2723 468 2756 Joh.
487 2724 542 2763 Vl,
572 2723 624 2756 38.
760 2733 813 2755 21.
849 2723 900 2754 Cf.
928 2722 1096 2754 Fasciculi
1124 2723 1187 2754 ziz.
1220 2732 1297 2764 pag.
1329 2732 1406 2764 127:
1440 2720 1578 2752 Tertius

265 2772 360 2803 testis
387 2778 437 2802 est
464 2772 500 2802 B.
527 2770 732 2801 Ambrosius
765 2770 798 2801 in
831 2769 919 2801 libro
952 2780 1016 2800 suo
1051 2770 1092 2800 de
1119 2769 1348 2801 Sacramentis
1382 2774 1414 2799 et
1440 2768 1579 2809 ponitur

267 2819 300 2849 in
326 2828 459 2849 canone
486 2818 534 2848 De
563 2817 843 2856 consecratione,
872 2817 948 2848 dist.
976 2817 1013 2847 11.
1044 2815 1152 2848 Panis
1179 2820 1230 2848 est
1257 2816 1291 2847 in
1318 2815 1440 2846 altari.
1473 2813 1580 2856 Qod

267 2869 346 2896 erat
366 2865 485 2906 panis,
512 2864 633 2906 inquit,
660 2864 732 2895 iam
761 2868 811 2896 est
837 2873 964 2905 corpus
994 2862 1129 2895 Christi
1150 2866 1233 2904 post
1258 2861 1577 2896 consecrationem.

269 2920 321 2952 24.
347 2910 450 2942 Marci
478 2910 530 2950 IX,
560 2908 611 2942 36.

1802 288 1846 323 91

1596 1265 1678 1292 True
1700 1266 1842 1297 meaning

1585 1301 1659 1328 osst
1677 1300 1860 1327 Ambrose's

1587 1335 1690 1363 words
1712 1343 1744 1361 as
1767 1339 1796 1361 to
1813 1334 1861 1361 the

1685 1370 1764 1396 host.
