2062 3276
205 301 286 346 468

224 606 355 634 Clu‘ist's
376 606 461 633 three

236 642 384 676 banquets
405 649 443 667 on

294 676 390 703 earth.

208 1590 296 1626 They
317 1593 476 1625 represent

224 1626 307 1652 three
328 1625 418 1652 kinds
439 1624 474 1651 of

220 1660 359 1695 spiritual
380 1659 463 1686 food.

786 305 1010 336 ,IOHANNIS
1030 305 1212 335 WYCLIF
1233 305 1488 335 SERMONUM
1568 290 1718 347 [SERMO
1740 300 1802 328 LX·

990 432 1184 473 SERMO
1220 432 1306 471 LX.

551 526 759 562 Distribuit
792 527 1124 563 discumbentibus.
1156 527 1244 563 Joh.
1278 528 1364 569 V10,
1396 539 1455 562 11.

551 586 719 621 Constat
758 597 801 621 ex
839 584 938 621 serie
979 584 1172 632 evangelii
1206 586 1314 633 quod
1348 584 1531 620 Christus
1565 594 1803 619 conversans

494 641 533 679 in
565 642 682 679 terris
714 642 806 679 fecit
838 643 914 679 tria
947 642 1147 679 convivia:
1182 642 1358 690 primum
1392 655 1471 691 quo
1495 641 1604 690 pavit
1627 640 1804 689 quinque

495 700 621 737 millia
645 700 853 737 hominum
878 700 1223 737 discumbencium
1247 713 1366 749 super
1388 701 1545 741 fenum:
1575 700 1683 748 quod
1706 698 1805 735 cele-

495 761 654 795 bratum
689 768 745 795 est
777 758 817 794 in
850 758 1028 807 quinque
1062 758 1231 806 panibus
1261 758 1466 795 ordeaceis
1490 767 1526 795 et
1550 758 1704 794 duobus
1727 755 1805 804 pis-

495 817 619 862 cibus,
653 816 1016 865 superfueruntque
1050 816 1264 852 duodecim
1298 816 1461 865 cophini
1488 816 1803 863 fragmentorum

494 876 556 919 (de
590 887 669 923 quo
703 874 883 911 convivio
917 882 1025 922 patet
1058 873 1183 910 Marci
1206 876 1313 910 VIIIO
1348 883 1385 911 et
1407 875 1494 910 Joh.
1517 875 1622 921 VIO).
1658 873 1807 909 Secun-

495 933 590 968 dum
625 932 848 969 convivium
876 932 949 968 fuit
972 941 1147 980 quatuor
1172 931 1324 968 milium
1349 932 1558 969 hominum
1583 932 1630 967 de
1654 939 1805 978 septem

495 990 666 1039 panibus
701 999 738 1026 et
770 990 869 1038 pisci
899 988 902 1042 ι
933 990 1032 1026 culis
1066 989 1218 1037 paucis,
1255 991 1619 1038 superfueruntque
1653 996 1806 1036 septem

496 1056 632 1097 sporte
670 1049 734 1092 (de
772 1061 851 1096 quo
891 1056 1000 1096 patet
1039 1047 1167 1084 Marci
1199 1049 1312 1093 VIII).
1353 1048 1541 1084 Tercium
1582 1045 1806 1083 convivium

495 1108 557 1142 vel
589 1119 729 1142 cenam
762 1115 851 1154 post
884 1119 1003 1154 quam
1030 1119 1110 1142 non
1133 1105 1254 1142 aliam
1280 1106 1373 1143 fecit
1396 1115 1488 1142 ante
1512 1104 1805 1142 dormicionem

496 1165 536 1201 in
570 1177 700 1209 cruce,
734 1164 826 1200 fecit
860 1164 923 1200 die
956 1176 1052 1200 cene
1086 1177 1175 1200 curn
1210 1164 1424 1201 duodecim
1459 1163 1652 1212 apostolis
1675 1162 1715 1198 in
1739 1174 1807 1198 esu

497 1222 588 1271 agni
627 1222 828 1270 paschalis
869 1224 931 1267 (de
972 1236 1051 1271 quo
1086 1223 1192 1259 Luce
1225 1223 1350 1259 XXIIO
1382 1224 1411 1271 ).
1451 1224 1493 1258 In
1526 1234 1606 1270 quo
1637 1234 1718 1257 non
1751 1228 1808 1256 est

496 1289 657 1317 notatus
689 1293 880 1316 numerus
914 1293 1064 1328 panum
1097 1280 1158 1317 vel
1198 1280 1515 1329 fragmentorum
1557 1291 1633 1329 que
1672 1290 1807 1326 super-

497 1339 670 1383 fuerunt,
705 1340 772 1374 sed
807 1338 849 1374 fit
883 1338 1040 1375 mencio
1074 1339 1122 1374 de
1155 1351 1258 1386 pane
1293 1348 1329 1376 et
1351 1338 1443 1375 vino
1468 1351 1557 1375 cum
1584 1349 1686 1385 agno
1711 1335 1807 1372 deli-

497 1406 601 1443 cato,
647 1396 951 1445 instituiturque
994 1405 1294 1433 sacramentum
1343 1396 1577 1439 eukaristie3
1631 1404 1668 1431 et
1715 1402 1807 1431 ante

497 1454 721 1491 convivium
756 1455 940 1491 lavantur
972 1456 1092 1503 pedes
1127 1468 1279 1500 eorum,
1314 1455 1519 1503 precincto
1543 1453 1703 1491 Christo
1736 1452 1808 1488 lin-

497 1514 590 1549 theo
625 1515 681 1557 (ut
714 1521 824 1561 patet
856 1514 943 1549 Joh.
977 1514 1113 1558 XIIIO).

555 1573 632 1607 Ista
664 1571 741 1607 tria
765 1570 945 1607 convivia
968 1571 1125 1619 signant
1149 1571 1347 1620 triplicem
1372 1580 1530 1619 pastum
1556 1569 1805 1618 spiritualem

498 1642 577 1677 quo
617 1629 798 1665 Christus
836 1629 964 1676 pascit
1003 1629 1204 1675 ecclesias,
1251 1628 1402 1665 scilicet
1442 1637 1600 1677 pastum
1647 1635 1807 1675 patrum

496 1686 638 1724 veteris
670 1686 914 1734 testamenti,
947 1696 1107 1735 pastum
1139 1687 1342 1724 viancium
1377 1686 1417 1723 in
1438 1699 1542 1723 novo
1565 1693 1806 1722 testamento

498 1753 535 1781 et
566 1753 726 1794 pastum
761 1746 969 1781 beatorum
1003 1745 1042 1781 in
1075 1746 1171 1783 celo.
1207 1748 1296 1782 Non
1329 1744 1434 1781 enim
1469 1744 1621 1781 curavit
1653 1742 1807 1780 celestis

499 1803 678 1839 medicus
723 1804 771 1839 de
815 1812 932 1851 pastu
975 1804 1037 1840 vel
1083 1816 1177 1840 cura
1221 1803 1399 1851 corporis
1444 1802 1518 1839 nisi
1559 1801 1808 1850 premitteret

498 1869 657 1909 pastum
697 1870 735 1897 et
773 1874 909 1898 curam
950 1861 1096 1907 anime,
1135 1860 1229 1910 quia
1261 1861 1449 1898 indecens
1481 1860 1620 1896 fuisset
1651 1867 1806 1896 tantum

499 1918 706 1956 dominum
755 1920 906 1956 donare
938 1928 1020 1955 tam
1055 1932 1177 1967 egeno
1210 1921 1477 1968 quadrantem
1517 1918 1585 1967 qui
1618 1918 1737 1954 habet
1769 1916 1810 1952 in

498 1978 687 2014 thesauro
728 1990 800 2014 suo
840 1990 912 2014 suo
952 1977 1156 2014 infinitum
1196 1989 1408 2014 numerum
1455 1977 1714 2013 talentorum.
1761 1976 1809 2010 Et

499 2035 662 2083 probari
711 2044 844 2083 potest
888 2037 935 2072 de
987 2035 1162 2073 racione.
1216 2038 1321 2072 Deus
1370 2035 1473 2071 enim
1519 2033 1642 2071 nichil
1686 2034 1811 2069 donat

500 2093 654 2130 homini
692 2093 766 2130 nisi
805 2106 923 2142 quern
964 2093 1092 2141 diligit
1131 2103 1168 2130 et
1200 2107 1270 2142 per
1310 2105 1559 2141 consequens
1591 2091 1666 2128 nisi
1699 2090 1809 2139 prius

501 2151 654 2187 dederit
697 2151 770 2187 sibi
817 2151 1006 2199 graciam,
1053 2164 1129 2199 que
1172 2153 1277 2188 valet
1323 2150 1477 2188 homini
1522 2150 1660 2187 omnia
1705 2150 1810 2184 bona

214 2214 484 2250 1‚Thatp1·0vided
501 2209 658 2245 fortune
702 2210 763 2245 vel
804 2218 948 2246 nature
991 2209 1211 2257 possibilia.
1259 2211 1363 2257 Ergo
1410 2211 1516 2245 Deus
1560 2220 1642 2244 non
1688 2208 1810 2243 donat

218 2251 266 2278 for
287 2250 335 2277 the
358 2250 486 2276 Fathers

246 2286 280 2312 of
297 2285 346 2312 the
368 2285 406 2311 O.
421 2284 458 2311 T.

501 2266 656 2302 homini
694 2268 799 2303 bona
839 2267 1005 2303 minima
1042 2268 1103 2303 vel
1143 2266 1274 2303 media
1312 2266 1388 2303 nisi
1427 2266 1537 2314 prius
1577 2267 1698 2301 donet
1736 2263 1810 2300 sibi

500 2325 696 2361 talentum
736 2325 821 2361 auri
862 2325 1111 2373 prestancius
1151 2338 1288 2373 ymmo
1327 2337 1368 2361 se
1405 2324 1550 2372 ipsum.
1599 2323 1811 2371 Signanter

501 2395 595 2430 ergo
639 2382 802 2430 ponitur
845 2382 885 2419 in
933 2382 1065 2431 primo
1105 2383 1287 2419 convivio
1327 2381 1633 2419 circumstancie
1672 2393 1810 2428 supra-

501 2440 617 2487 dicte,
648 2453 737 2477 cum
762 2449 895 2489 patres
918 2441 1061 2477 veteris
1084 2441 1313 2478 testamenti
1338 2440 1482 2489 signati
1505 2453 1575 2488 per
1597 2450 1808 2476 numerum

571 2606 591 2625 1.
612 2598 656 2625 A:
678 2597 785 2625 Sermo
807 2596 910 2625 LVIII.
972 2606 1001 2630 4.
1022 2598 1049 2625 A
1070 2598 1099 2624 in
1122 2606 1218 2632 marg.
1240 2598 1292 2625 inf.
1315 2598 1366 2625 fol.
1388 2596 1474 2630 312⁸:
1500 2597 1676 2625 Convivium
1697 2596 1812 2623 Cltristl

500 2632 629 2667 triplex:
649 2631 856 2666 primumsuit
868 2632 1002 2667 quinque
1016 2632 1141 2659 millium
1155 2633 1320 2663 hominum,
1342 2633 1394 2659 ubi
1411 2632 1633 2668 supeffuerunt
1653 2631 1811 2658 duodecim

501 2667 625 2702 cophini
641 2667 678 2693 de
698 2675 757 2702 quo
777 2669 844 2701 (cet.
865 2675 950 2694 erasa
972 2672 1064 2700 sunt).
1085 2667 1258 2694 Secundum
1269 2667 1339 2702 suit
1358 2671 1495 2702 quatuor
1514 2666 1639 2694 millium
1657 2666 1812 2692 hominum

502 2701 550 2728 (de
568 2709 627 2736 quo
649 2701 754 2728 Marci
776 2701 861 2735 VIII).
888 2701 1107 2734 '1‘ewz'zmzfmt
1125 2703 1155 2729 in
1176 2702 1227 2728 die
1252 2710 1332 2732 cene,
1365 2705 1424 2729 ’ost
1443 2710 1533 2737 quam
1553 2701 1711 2736 nonfecit
1726 2700 1813 2727 aliud

501 2738 574 2763 ante
589 2736 767 2774 passionem
789 2736 838 2763 (de
856 2744 916 2771 quo
932 2736 1010 2763 Luce
1024 2736 1128 2763 ΧΧΙΙι.
1185 2736 1212 2763 6.
1229 2737 1272 2763 A:
1296 2710 1460 2763 ortii'aceis.
1518 2744 1557 2763 10.
1575 2735 1648 2762 DG:
1667 2735 1811 2770 piscibus.

502 2778 540 2798 12.
564 2770 733 2805 I)G:Jecit
752 2771 845 2797 deest.
938 2771 973 2798 15.
996 2771 1068 2797 DG:
1085 2779 1146 2806 per
1164 2779 1266 2798 anum.
1364 2772 1405 2798 16.
1427 2770 1598 2807 DG:J‘ecit
1614 2770 1810 2797 mencionem.

502 2804 543 2832 23,
568 2804 611 2831 G:
633 2808 742 2843 curat.⁴
807 2805 859 2841 ⁷28.
881 2804 954 2832 DG:
977 2805 1050 2836 aut,-
1076 2806 1115 2832 ib,
1137 2806 1165 2832 A
1185 2805 1214 2832 in
1237 2813 1350 2840 marg:
1371 2805 1476 2833 Racio.
1556 2803 1594 2832 31.
1616 2804 1689 2832 Do:
1711 2804 1812 2840 igitur

503 2840 542 2873 (et
563 2840 708 2874 passim);
736 2839 776 2866 lb.
799 2839 873 2866 DG:
895 2839 959 2867 dat.
1032 2839 1074 2868 35.
1095 2839 1169 2868 DG:
1190 2841 1366 2875 signanter.

575 2933 602 2954 1.
631 2923 759 2965 Gospel
785 2922 839 2954 for
863 2922 921 2955 the
947 2924 1088 2966 Sunday
1115 2923 1233 2955 before
1258 2924 1407 2956 Advent.

1822 704 1837 736 5

1822 971 1899 1029 lj‘ol.

1824 1020 1906 1058 342³

1827 1284 1863 1316 15

1826 2155 1867 2187 30
