2062 3276
142 397 216 428 Fol.

136 444 216 484 304⁸

175 888 213 909 10

174 1167 209 1200 15

169 1750 208 1782 25

233 242 368 272 SERMO
390 230 472 290 xv]
716 246 907 286 QUARTA
935 247 1061 279 mas.

293 353 384 389 Ideo
418 365 507 389 cum
553 352 751 400 scriptura
795 352 919 389 utitur
963 352 1244 401 predicacione
1290 353 1446 401 figurali
1492 357 1549 399 (ut

233 419 342 457 patet
373 410 414 446 in
448 410 617 447 materia
651 412 698 446 de
731 410 860 447 hostia
893 415 1154 457 consecrata),
1183 407 1188 463 Ι
1217 424 1298 447 non
1339 411 1485 447 mirum
1519 412 1549 447 si

232 469 430 516 propheta
474 468 572 505 dicit
605 468 809 505 Christum
850 481 1032 519 purgare
1064 469 1175 519 filios
1208 469 1313 505 Levi.
1364 471 1411 505 Et
1457 483 1546 506 cum

231 525 503 573 predicatores
536 535 629 562 sunt
661 535 873 574 argentum
907 526 997 575 igne
1031 526 1316 573 examinatum,
1362 540 1442 563 non
1476 527 1549 562 mi-

232 597 320 620 rum
353 584 384 620 si
409 584 589 621 Christus
621 585 776 620 sedebat
809 584 998 621 divinitus
1032 593 1069 621 et
1101 585 1175 621 hoc
1199 594 1410 633 argentum
1435 584 1550 633 spiri-

230 642 391 678 tualiter
442 642 676 689 emundavit,
729 651 766 678 et
817 642 872 679 sic
917 642 1099 679 Christus
1151 643 1292 679 colavit
1345 644 1549 691 apostolos

231 702 430 737 mundans
463 712 530 736 eos
564 701 612 737 ab
646 700 815 749 antiqua
849 701 1008 737 macula
1041 702 1173 738 dando
1214 700 1269 737 eis
1302 701 1546 749 sapienciam

231 765 427 807 tamquam
472 771 611 794 aurum
656 767 694 794 et
738 758 1016 807 eloquenciam
1062 767 1101 794 ut
1133 766 1354 809 argeutum.
1401 761 1449 795 Et
1494 759 1548 795 sic

229 825 343 852 erant
375 816 545 864 apostoli
579 829 651 864 pro
683 816 804 853 inicio
836 817 1030 865 temporis
1075 816 1171 865 legis
1215 817 1347 865 gracie
1382 818 1548 853 Domino

228 874 419 924 sacrificia
452 875 665 923 ‹fferentes,
699 888 780 911 non
803 875 933 911 solum
959 874 1131 912 hostiam
1155 884 1445 922 consecratam,
1480 876 1547 911 sed

229 933 352 980 (quod
386 933 473 980 plus
506 936 578 978 est)
614 933 794 969 dolentes
828 947 900 981 pro
934 933 1107 981 peccatis
1140 933 1304 970 ecclesie
1335 934 1487 970 novelle
1511 942 1549 969 et

230 999 394 1038 repente
439 1003 626 1038 magnam
672 991 881 1028 ecclesiam
926 993 975 1028 ad
1022 991 1141 1027 fidem
1176 991 1338 1027 Domini
1384 1004 1548 1028 conver—

227 1057 367 1086 tentes,
403 1050 489 1086 Hoc
521 1057 656 1085 autem
690 1049 763 1085 fuit
795 1049 960 1096 iustum,
995 1062 1086 1085 cum
1120 1049 1242 1086 frater
1274 1049 1407 1085 iunior
1430 1051 1546 1086 dehet

227 1118 363 1143 semen
395 1107 532 1156 fratri
571 1107 717 1143 seniori
758 1115 911 1143 mortuo
954 1108 1144 1143 suscitare
1187 1111 1245 1153 (ut
1291 1116 1399 1155 patet
1445 1110 1542 1146 Gen.

226 1166 454 1212 XXXV1110,
480 1165 518 1211 8)
553 1173 590 1201 et
623 1165 698 1201 hoc
731 1165 972 1202 sacrificium
1006 1167 1120 1212 Juda,
1155 1166 1230 1202 hoc
1263 1174 1332 1212 est,
1367 1165 1544 1202 virorum

227 1222 430 1259 Christum
471 1223 769 1266 confitencium,
809 1223 912 1260 sicut
946 1232 1057 1260 erant
1091 1223 1236 1271 singuli
1270 1223 1475 1261 christiani
1509 1233 1546 1260 et

226 1281 468 1318 sacrificium
511 1282 744 1329 Jerusalem,
791 1283 865 1319 hoc
910 1291 980 1328 est,
1025 1281 1205 1318 virorum
1247 1284 1374 1319 Deum
1421 1282 1545 1319 alcius

228 1339 610 1387 contemplancium,
646 1339 873 1377 cuiusmodi
908 1348 1046 1377 eranta
1068 1340 1215 1388 postoli
1249 1349 1286 1376 et
1318 1342 1546 1377 sacerdotes

226 1397 388 1434 ecclesie
422 1397 634 1445 primitive,
669 1398 744 1434 hoc
776 1398 973 1447 (inquam)
1006 1398 1248 1434 sacrificium
1282 1398 1379 1447 legis
1414 1398 1545 1447 gracie

226 1455 376 1503 placuit
399 1458 482 1492 Deo
516 1455 717 1504 copiosius
751 1470 873 1504 quam
907 1456 1104 1493 sacrificia
1126 1457 1225 1492 Abel
1258 1466 1295 1493 et
1319 1465 1542 1493 ceterorum

225 1526 303 1561 que
336 1513 557 1551 offerebant
580 1516 663 1550 Deo
697 1514 893 1551 sacrificia
926 1523 1017 1551 ante
1051 1515 1192 1562 legem.
1228 1517 1275 1550 Et
1298 1515 1353 1550 illi
1377 1524 1544 1563 possunt

225 1571 359 1608 vocari
404 1573 484 1608 dies
526 1573 657 1617 seculi,
702 1572 797 1620 quia
841 1572 959 1621 pauci
1011 1585 1148 1609 eorum
1203 1573 1429 1609 habuerunt
1478 1586 1544 1621 pe-

227 1629 383 1666 riodum
417 1630 653 1678 longiorem,

281 1688 359 1724 Alii
402 1697 537 1725 autem
581 1688 675 1726 anni
718 1688 758 1725 in
804 1688 948 1737 quihus
992 1691 1218 1726 sacerdotes
1253 1689 1414 1725 Levitici
1459 1702 1544 1737 reg-

225 1756 421 1783 naverunt
466 1756 634 1795 possunt
678 1747 811 1784 vocari
855 1747 946 1782 anni
987 1748 1146 1796 antiqui,
1191 1747 1285 1795 quia
1330 1747 1541 1795 antiquum

225 1804 379 1840 dierum
414 1805 634 1853 expressius
675 1813 964 1842 memorarunt.
1011 1808 1059 1841 Et
1103 1805 1158 1842 sic
1203 1805 1300 1842 dicit
1345 1807 1541 1853 propheta

225 1864 333 1910 quod
362 1863 529 1912 placebit
559 1864 728 1899 Domino
760 1863 992 1913 sacrificium
1023 1864 1124 1899 ιΙιιαῖα
1157 1872 1192 1899 et
1213 1862 1433 1900 Jerusalem
1468 1878 1540 1911 pro

225 1929 406 1968 tempore
440 1921 535 1969 legis
568 1922 715 1969 gracie,
759 1922 855 1958 sicut
896 1921 976 1957 dies
1008 1922 1128 1957 seculi
1157 1929 1191 1957 et
1223 1923 1321 1958 sicut
1352 1923 1445 1958 anni
1474 1935 1539 1958 an-

223 1979 326 2027 tiqui.
364 1979 452 2016 Fuit
485 1979 591 2016 enim
626 1979 986 2028 correspondencia
1015 1979 1118 2016 inter
1140 1980 1261 2017 vitam
1286 1989 1323 2016 et
1346 1980 1541 2017 sacrificia

223 2038 498 2084 apostolorum
533 2047 570 2074 et
603 2047 735 2086 patres
767 2037 910 2074 veteris
943 2038 1185 2084 testamenti,
1219 2037 1321 2074 sicut
1353 2038 1425 2074 fuit
1456 2051 1541 2074 cor-

222 2095 513 2142 respondencia
544 2095 649 2132 inter
682 2105 876 2144 martyres
909 2104 946 2132 et
979 2098 1233 2144 presbyteros
1266 2096 1393 2132 tribus
1428 2096 1538 2138 Levi:

221 2152 261 2188 in
315 2153 512 2201 prioribus
566 2163 699 2191 autem
752 2154 934 2202 patribus
987 2154 1059 2190 fuit
1111 2155 1290 2191 seculum
1344 2167 1416 2203 pro
1461 2168 1540 2191 una

222 2210 389 2258 periodo
422 2211 502 2248 sive
536 2212 611 2259 die,
646 2214 713 2249 sed
747 2212 788 2248 in
820 2213 1094 2249 sacerdotibus
1128 2213 1388 2261 sequentibus
1428 2222 1540 2250 erant

221 2268 260 2305 in
294 2282 374 2305 uno
407 2283 513 2306 anno
547 2270 662 2306 multi
694 2270 914 2319 presbyteri
947 2280 1250 2319 consequentes.

280 2327 396 2364 Circa
430 2329 533 2365 hanc
566 2328 777 2376 epistolam
812 2342 884 2377 pro
918 2329 1193 2376 complecione
1217 2329 1417 2366 dictorum
1444 2329 1537 2365 alibi

221 2385 428 2422 dubitatur
459 2395 594 2422 utrum
629 2388 854 2423 sacerdotes
888 2387 984 2435 legis
1007 2387 1140 2435 gracie
1165 2389 1310 2423 debent
1333 2400 1355 2423 a
1380 2387 1538 2423 Christo

221 2443 289 2491 qui
323 2453 379 2480 est
413 2453 641 2492 temporum
687 2446 857 2482 duarum
903 2446 1035 2493 legum
1082 2445 1259 2481 medium
1306 2445 1536 2493 exemplari,

221 2510 259 2537 et
290 2501 446 2538 videtur
479 2504 588 2551 quod
610 2516 705 2549 non,
739 2503 834 2552 quia
857 2503 1039 2539 Christus
1062 2517 1271 2552 nunquam
1296 2503 1537 2540 mendicavit

219 2560 279 2596 vel
312 2559 529 2608 quicquam
563 2560 717 2609 accepit
749 2562 798 2598 ab
832 2561 967 2610 aliquo
1001 2561 1075 2597 nisi
1109 2563 1271 2610 quando
1315 2562 1535 2598 secundum

288 2714 334 2739 24.
366 2706 389 2733 E
418 2707 448 2733 in
478 2714 592 2741 marg:
623 2707 697 2735 Dies
716 2708 819 2735 seculi.
962 2707 1004 2735 25.
1036 2707 1059 2734 E
1088 2708 1117 2735 in
1149 2715 1264 2742 marg:
1294 2707 1378 2734 Anni
1405 2707 1535 2741 antiqui.

219 2747 233 2768 2
258 2762 263 2768 .
290 2742 334 2768 A:
365 2742 440 2769 Deo.
584 2740 624 2769 35.
656 2742 681 2769 D
712 2742 742 2769 in
770 2750 883 2777 marg:
918 2743 1068 2774 Dubium,-
1098 2742 1122 2769 E
1153 2743 1183 2769 in
1215 2750 1331 2777 marg:
1364 2742 1535 2769 Dubitacz'o.

220 2774 264 2802 3‘.
285 2777 330 2804 A:
358 2776 564 2804 manducavit.
638 2775 684 2812 39.
706 2778 750 2805 A:
773 2785 836 2813 pro
856 2777 973 2813 aliquo.

292 2872 307 2884 f,

292 2884 308 2905 ³
337 2879 369 2904 et
395 2882 494 2915 seqq.
522 2872 603 2905 Mal.
631 2872 684 2913 Ill,
713 2873 742 2906 3.

1763 244 1835 278 125

1600 364 1678 393 How
1701 365 1805 393 Christ

1610 401 1727 435 purged
1750 402 1800 428 the

1566 436 1713 470 apostles,
1735 436 1793 463 and
1809 436 1848 463 os

1591 471 1640 497 the
1662 471 1815 498 sacrifices

1625 506 1689 532 that
1711 507 1781 542 they

1641 542 1769 569 offered.

1618 2342 1697 2369 How
1718 2342 1765 2369 far

1625 2377 1758 2404 Christ's

1598 2413 1738 2446 example
1759 2413 1785 2439 is

1599 2447 1727 2485 binding
1747 2456 1786 2474 οη

1631 2487 1755 2516 pr1estS.
