2062 3276
199 263 279 307 456
779 271 1002 301 „IOHANNIS
1020 270 1206 302 WYCLIF
1226 272 1480 304 SERMONUM
1516 258 1667 315 [SERMO
1691 270 1796 298 l-Vlll·

490 379 547 422 (ut
585 386 693 424 patet
726 378 812 413 Act.
836 378 904 424 VO,
936 382 1014 422 10):
1057 379 1124 414 sed
1157 391 1237 413 non
1271 378 1360 414 licet
1393 378 1433 414 in
1465 378 1605 415 ordine
1639 392 1798 427 correp-

487 435 614 471 cionis
646 435 875 471 huiusmodi
908 437 1126 482 procedere
1158 435 1324 480 infinite,
1359 438 1426 472 sed
1459 436 1499 472 in
1531 446 1705 485 quatuor
1739 450 1798 473 ex-

488 493 633 529 clusive
666 502 826 541 oportet
858 493 1062 541 quiescere
1094 494 1201 530 iuxta
1233 494 1331 529 illud
1353 496 1477 531 Amos
1511 497 1560 541 10,
1598 495 1638 531 3:
1673 496 1800 544 Super

488 552 610 587 tribus
641 552 849 587 sceleribus
872 553 1060 588 Damasci
1091 559 1125 588 et
1146 564 1263 601 super
1295 560 1460 600 quatuor
1482 565 1553 588 mm
1577 560 1797 589 convertam

487 622 583 645 eum.
620 608 695 654 Qui
730 608 835 645 enim
870 609 1015 646 resistit
1048 610 1111 646 isti
1145 610 1394 658 correpcioni
1427 610 1574 658 triplici
1603 611 1832 647 deformatfi

489 667 715 715 ymaginem
755 667 981 714 Trinitatis,
1028 669 1121 703 dum
1164 668 1404 704 memoriam
1446 668 1577 716 perdit
1618 670 1665 704 de
1706 669 1800 705 resi-

489 725 689 773 piscencia
722 725 876 773 peccati
910 725 1114 761 commissi
1138 727 1246 773 quod
1269 739 1370 762 unus
1395 727 1601 763 caritative
1625 739 1800 763 comme-

490 792 633 819 morat.
681 784 866 819 Secundo
906 783 1017 820 racio
1063 793 1224 820 cecatur
1263 784 1302 820 in
1347 784 1515 821 veritate
1555 797 1675 833 quam
1721 786 1800 821 duo

489 850 687 877 testantur
733 850 770 877 et
813 841 939 878 tercio
977 850 1062 877 tota
1102 841 1272 878 ecclesia
1321 842 1565 890 corripiente
1605 842 1802 879 resistitur

490 898 773 935 benevolencie
796 898 969 947 Spiritus
993 899 1129 936 Sancti
1154 899 1195 935 in
1218 913 1297 948 quo
1320 902 1539 936 secundum
1567 903 1800 937 mandatum

490 956 652 993 Domini
687 956 760 993 erit
792 966 929 993 status.

200 1021 259 1048 We
277 1022 385 1060 should
400 1021 474 1059 haye
548 1017 628 1051 Nec
661 1014 835 1063 amplius
869 1016 986 1051 debet
1018 1015 1088 1051 tali
1123 1015 1207 1051 fieri
1242 1015 1419 1051 fidelium
1444 1015 1662 1064 spiritualis
1696 1029 1803 1052 com-

202 1056 474 1118 Πῗὴῖἒῖᾞὲξῐζζὲῂ
492 1072 729 1118 municacio,
757 1083 1102 1110 sacramentorum
1126 1073 1353 1121 percepcio,
1377 1074 1661 1122 temporalium
1688 1074 1802 1110 mini-

211 1126 472 1195 53232121211151155
491 1131 638 1168 stracio
672 1130 753 1168 sive
777 1131 969 1168 defensio.
996 1133 1021 1167 1.
1044 1132 1132 1167 Joh.
1149 1133 1217 1175 VO,
1243 1133 1287 1167 16
1313 1131 1476 1168 dicitur:
1510 1133 1583 1168 Est
1600 1140 1801 1181 peccatum

236 1189 443 1223 amendrhent.
491 1191 542 1225 ad
565 1196 741 1233 mortem,
760 1202 833 1225 nou
857 1190 941 1225 dico
965 1197 1004 1225 ut
1021 1202 1098 1238 pro
1121 1202 1163 1225 eo
1187 1197 1301 1239 roget
1323 1190 1416 1238 quis.
1442 1192 1490 1226 Et
1513 1192 1557 1226 ΙΙ.
1574 1191 1660 1226 Joh.
1680 1203 1737 1236 10,
1758 1204 1766 1226 1
1786 1204 1795 1226 1

492 1247 657 1284 dicitur:
692 1248 734 1283 Si
765 1248 848 1296 quis
880 1248 980 1283 venit
1001 1248 1053 1283 ad
1076 1260 1142 1283 vos
1164 1255 1198 1283 et
1221 1248 1318 1283 lianc
1341 1248 1556 1284 doctrinam
1582 1261 1653 1284 non
1675 1249 1803 1298 affert,

492 1306 609 1341 nolite
642 1318 725 1341 eum
759 1306 932 1354 recipere
964 1306 999 1341 in
1034 1306 1189 1342 domum
1222 1318 1289 1341 nec
1310 1306 1391 1342 Ave
1423 1306 1457 1342 ei
1479 1306 1671 1342 dixeritis.
1711 1306 1803 1350 Qui-

492 1376 637 1412 cunque
675 1364 773 1399 em‘m
814 1364 959 1400 dixerit
997 1364 1032 1400 ei
1061 1364 1142 1400 Ave
1180 1364 1473 1400 communicabit
1511 1364 1689 1413 operibus
1728 1365 1806 1400 eius

492 1422 696 1472 malignis,·
739 1434 818 1457 non
869 1421 1129 1469 intelligendo
1174 1423 1281 1470 quod
1334 1422 1563 1470 quicunque
1609 1431 1803 1470 quantum

492 1479 716 1528 peccaverit
740 1481 879 1516 eodem
904 1492 1046 1527 genere
1069 1479 1223 1528 peccati
1246 1489 1383 1528 peccet
1405 1480 1444 1516 in
1467 1480 1661 1528 Spiritum
1686 1482 1806 1517 Sanc-

492 1548 576 1574 tum
598 1538 659 1574 vel
683 1538 1043 1583 irremediabiliter,
1067 1538 1169 1574 sicut
1192 1538 1371 1574 dixerant
1394 1538 1587 1586 Caymite,
1612 1551 1701 1575 cum
1725 1551 1806 1574 non

493 1596 542 1632 sit
575 1595 764 1643 possibile
798 1596 1001 1632 hominem
1037 1596 1091 1632 sic
1124 1608 1292 1644 peccare
1324 1596 1365 1631 in
1396 1597 1458 1632 via
1487 1597 1583 1645 quin
1605 1597 1806 1633 fructuose

493 1653 640 1702 poterit
673 1653 850 1702 penitere
883 1663 920 1690 et
952 1653 1109 1690 salvari.
1144 1655 1314 1701 Oportet
1344 1654 1435 1690 ideo
1469 1664 1511 1690 ut
1543 1654 1583 1690 in
1606 1654 1807 1691 obstinato

494 1721 716 1760 appareant
757 1711 961 1748 evidencia
999 1711 1112 1759 signa
1145 1712 1423 1760 resipiscencie
1456 1713 1558 1749 facte
1592 1724 1635 1749 ex
1669 1712 1808 1749 habitu

495 1779 710 1818 antequam
745 1769 941 1806 reassumi
975 1771 1117 1806 debeat
1150 1771 1199 1806 ad
1232 1770 1427 1817 gremium
1463 1770 1602 1807 matris
1626 1770 1804 1807 ecclesie.
1847 1773 1862 1805 ὃ

206 1834 287 1862 Such
309 1832 479 1860 comection
553 1830 670 1864 Istam
706 1840 799 1876 ergo
822 1829 947 1875 legem
975 1827 1245 1876 correpcionis
1268 1828 1440 1864 fraterne
1464 1838 1647 1865 tenentur
1669 1841 1807 1865 omnes

207 1867 475 1936 ῑῇῐέῗιῆξιέὲῇωἶὲῑ
496 1885 702 1923 christiani
743 1895 925 1934 potentes
967 1895 1003 1922 et
1041 1886 1209 1923 scientes
1249 1899 1428 1922 exercere
1467 1886 1507 1923 in
1544 1887 1685 1923 fratres
1718 1899 1807 1934 pec—

224 1924 464 1965 uoi11dle1dto
497 1954 630 1980 cantes
669 1945 736 1980 sed
776 1944 964 1992 precipue
1004 1953 1209 1992 magnates
1249 1953 1285 1980 et
1326 1944 1467 1992 prelati
1507 1945 1683 1981 ecclesie.
1730 1945 1807 1981 Sed

294 1980 393 2007 peace.
496 2002 668 2038 obicitur
707 2015 778 2050 per
809 2004 885 2038 hoc
918 2004 1025 2050 quod
1058 2012 1151 2038 tunc
1184 2011 1418 2050 sequeretur
1450 2016 1596 2050 magna
1627 2002 1808 2039 turbacio

497 2059 675 2105 ecclesie,
716 2073 807 2096 cum
848 2060 975 2096 maior
1014 2073 1106 2108 pars
1141 2060 1305 2096 ecclesie
1337 2060 1559 2108 insurgeret
1596 2061 1636 2096 in
1668 2061 1833 2097 fratres:

495 2131 587 2154 suos
620 2126 657 2154 et
689 2118 744 2154 sic
777 2118 1039 2165 impediretur
1071 2131 1146 2166 pax
1168 2117 1345 2161 ecclesie,
1381 2131 1470 2155 cum
1494 2119 1661 2167 quilibet
1682 2118 1810 2154 insur-

495 2185 604 2224 geret
638 2185 777 2212 contra
810 2176 973 2212 fratrem
999 2185 1035 2212 et
1065 2175 1217 2212 amicos
1246 2176 1485 2213 carissimos.
1521 2179 1599 2213 Ista
1627 2186 1683 2212 est
1713 2176 1808 2212 levis

496 2233 848 2282 pusillanimorum
902 2233 1106 2270 evidencia
1153 2246 1290 2269 verum
1351 2246 1554 2270 assumens
1602 2233 1809 2282 supposito

497 2301 662 2340 peccato
692 2291 956 2328 invalescente
980 2291 1019 2327 in
1043 2291 1220 2328 ecclesia.
1255 2293 1332 2328 Sed
1356 2291 1424 2328 illa
1447 2292 1628 2328 turbacio
1651 2294 1810 2328 cederet

1822 914 1860 934 10

1824 1196 1860 1227 15

1823 1783 1838 1803 1³

498 2351 547 2386 ad
585 2362 725 2397 pacem
767 2349 942 2386 ecclesie.
985 2352 1066 2386 Nec
1105 2359 1162 2385 est
1200 2350 1386 2397 possibile
1420 2352 1527 2398 quod
1560 2350 1723 2386 ecclesie
1756 2350 1865 2387 siczzfi

497 2408 641 2443 infecte
674 2407 724 2443 sit
757 2420 845 2455 pax,
879 2407 971 2456 quia
1005 2407 1111 2444 iuxta
1144 2409 1383 2456 prophetam
1406 2409 1495 2445 Ysa.
1520 2409 1710 2454 XLV1110,
1736 2418 1807 2444 22:

500 2467 585 2501 Non
624 2473 679 2502 est
711 2478 798 2514 pax
830 2466 968 2515 impiis,
1008 2466 1097 2501 dicit
1129 2466 1331 2504 Dominus.
1371 2467 1487 2502 Tales
1527 2466 1632 2502 enim
1672 2466 1808 2502 dicunt

499 2523 735 2571 sophistice:
769 2524 870 2567 Pax,
904 2536 1003 2572 pax,
1035 2524 1103 2559 sed
1134 2536 1206 2559 non
1240 2531 1293 2560 est
1322 2536 1407 2572 pax
1440 2533 1495 2569 (ut
1529 2524 1674 2560 dicitur
1705 2526 1808 2560 Jere-

501 2581 577 2617 mie
599 2583 720 2627 VIIIO,
753 2585 825 2625 11).
859 2582 1028 2628 Oportet
1061 2581 1164 2617 enim
1191 2594 1357 2629 querere
1380 2581 1544 2618 terciam
1568 2594 1707 2629 pacem
1734 2593 1808 2629 que

569 2760 815 2788 s.1›:.stc1111i‹›
836 2761 914 2788 sico
980 2771 1007 2790 ι)
1031 2761 1070 2788 1);
1093 2761 1213 2797 corrig!
1230 2763 1301 2788 tute.
1368 2769 1393 2788 ιε
1426 2761 1498 2788 DG:
1519 2762 1641 2796 sp'ffltilu
1645 2762 1695 2788 ills·
1714 2762 1784 2788 dee
1790 2767 1807 2788 t

536 2794 605 2821 .:I›
632 2795 777 2830 defessio
893 2796 932 2822 16.
955 2796 998 2823 A.
1025 2796 1054 2823 in
1075 2796 1385 2824 ltmc.1‹›.2.o
1406 2797 1450 2823 A:
1477 2796 1612 2835 qualilti
1628 2804 1707 2830 peto
1701 2797 1807 2823 11¹¹·'411A

500 2837 539 2857 21
568 2829 640 2857 HG.
675 2830 731 2864 Ca)
733 2831 813 2857 nite.
955 2830 997 2857 23.
1024 2831 1068 2857 A:
1099 2830 1162 2857 Sul
1182 2827 1305 2868 opotte't
1330 2830 1413 2865 Juoi
1437 2831 1466 2857 in
1494 2831 1617 2865 quantis
1643 2831 1807 2857 olstinito

500 2863 541 2890 ‘5.
567 2865 612 2891 A:
642 2868 804 2899 antequam
830 2864 930 2893 deest:
961 2865 1243 2900 ib.s):g,tm1um
1330 2872 1375 2899 2.o
1403 2866 1430 2892 A
1456 2865 1485 2891 in
1514 2873 1627 2899 ma1g..·
1658 2864 1806 2893 Obieecio.

563 2899 589 2925 A
610 2898 639 2925 in
663 2907 774 2933 m·11·.:g
799 2898 979 2933 Responsio.
1052 2897 1097 2933 ’ὀμ
1119 2901 1163 2926 A:
1191 2907 1207 2926 ι
1208 2899 1299 2925 μ’·ιιίιι
1299 2902 1324 2925 ·t.
