2062 3276
170 1324 267 1352 God's
288 1324 394 1352 liatred
416 1324 451 1352 of

238 1359 381 1387 idleness.

201 2484 230 2511 Is
250 2483 301 2511 the
322 2483 403 2519 Pope

229 2519 330 2546 leader
349 2519 384 2546 of

175 2552 308 2581 Christ¹s
329 2554 437 2590 army?

753 284 977 317 JOHANle
995 283 1180 316 wvemF
1199 282 1456 316 SERMONUM
1496 269 1647 330 [ΞΡ-ΗΜΘ
1670 279 1762 309 xxn.

458 388 520 425 via
560 399 789 426 meruerant
828 390 901 426 fuit
941 402 984 426 ex
1022 389 1186 438 speciali
1219 389 1364 427 virtute
1402 398 1439 426 et
1477 390 1611 437 gracia
1651 390 1766 427 huius

460 447 551 495 agni
583 460 629 484 ac
661 447 692 484 si
726 450 831 484 Deus
864 460 965 496 opus
999 448 1208 496 proprium
1243 456 1469 485 coronaret.

516 505 635 541 Amen
668 514 801 542 autem
835 505 875 542 in
907 505 1118 555 proposito
1151 515 1208 543 est
1239 505 1418 543 veritatis
1452 506 1644 542 indicium
1677 519 1770 555 con-

461 562 631 600 firmate.
678 565 833 600 Laudes
878 573 1011 600 autem
1057 564 1337 613 septemplices
1383 564 1556 612 figurant
1606 564 1769 600 indubie

460 619 724 658 ministerium
763 621 878 658 nobis
917 622 1213 668 absconditum,
1254 622 1308 659 ita
1338 631 1379 658 ut
1407 622 1620 658 benediccio
1649 621 1803 670 signi-5

460 678 550 716 ficet
574 679 824 716 eternitatem
850 679 980 716 dicere
1005 679 1076 716 Dei
1109 682 1159 717 ad
1192 680 1298 717 intra
1332 693 1410 729 quo
1445 679 1636 728 proponit
1670 688 1769 716 eter-

457 736 602 774 naliter
627 737 862 774 benedicere
887 737 1100 784 creaturis;
1126 738 1286 775 claritas
1308 747 1441 775 autem
1466 737 1597 786 signat
1621 737 1768 786 glorio-

458 807 541 831 sam
566 794 869 832 ordinacionem
894 795 1083 841 divinam,
1114 809 1192 845 qua
1216 797 1324 833 clara
1347 795 1608 832 ordinacione
1633 805 1770 832 eterna

458 853 619 890 ordinat
651 852 706 890 ita
739 865 836 892 esse.
882 856 983 891 Nam
1017 853 1057 890 in
1090 854 1276 891 omnibus
1317 853 1402 891 istis
1440 853 1770 891 ordinacionibus

458 910 607 948 relucet
646 911 770 948 tercio
802 912 992 961 sapiencia
1032 911 1202 949 infinita.
1249 913 1341 948 Ideo
1380 911 1572 948 nimirum
1610 923 1829 949 necesse10

459 978 517 1005 est
556 971 665 1018 quod
709 969 936 1017 graciarum
982 970 1093 1007 accio
1139 969 1302 1007 ebulliat
1341 982 1385 1006 ex
1424 969 1495 1006 Dei
1542 969 1692 1006 fabrica
1731 969 1771 1005 in

458 1026 619 1072 effectu3
653 1028 778 1064 honor
809 1036 942 1065 autem
971 1028 1085 1065 latrie
1110 1037 1147 1065 et
1170 1027 1377 1077 yperdulie
1406 1036 1623 1076 perpetuus
1654 1029 1770 1064 debet

457 1084 578 1121 tribui
611 1085 675 1122 isti
708 1098 824 1134 agno,
853 1095 890 1122 et
914 1099 1004 1123 curn
1028 1087 1077 1123 sit
1103 1086 1234 1123 media
1256 1098 1429 1135 persona
1451 1085 1491 1122 in
1515 1085 1670 1131 divinis,
1695 1097 1771 1134 que

458 1151 516 1180 est
539 1143 611 1180 Dei
646 1143 769 1180 virtus
801 1153 838 1180 et
862 1144 933 1181 Dei
958 1144 1176 1192 sapiencia,
1211 1144 1251 1181 in
1284 1144 1395 1181 cuius
1427 1144 1572 1180 virtute
1600 1152 1637 1180 et
1659 1143 1772 1180 forti-

457 1200 596 1238 tudine
630 1210 774 1238 cuncta
814 1202 895 1238 eius
937 1204 1117 1239 membra
1154 1215 1225 1239 sua
1257 1202 1408 1239 faciunt
1441 1202 1546 1238 facta
1579 1214 1662 1247 sua,
1696 1200 1826 1237 sibi15

461 1258 651 1295 tribuitur
685 1268 766 1296 tam
802 1260 926 1296 virtus
948 1273 1068 1309 quam
1083 1261 1284 1310 fortitudo
1308 1260 1348 1296 in
1370 1261 1504 1296 secula
1528 1260 1770 1296 seculorum.

517 1319 566 1354 Et
610 1329 653 1354 ex
697 1317 781 1354 istis
826 1327 935 1366 patet
980 1327 1174 1367 quantum
1215 1320 1320 1355 Deus
1366 1317 1433 1367 qui
1479 1326 1536 1354 est
1579 1317 1770 1367 sapiencia

460 1376 632 1411 omnibus
665 1376 865 1412 mobilibus
898 1377 1077 1412 mobilior
1099 1376 1232 1413 ocium
1257 1376 1355 1413 odit.
1389 1378 1491 1413 Nam
1516 1375 1556 1412 in
1580 1375 1770 1424 paradiso

460 1446 532 1482 pro
565 1441 671 1470 statu
704 1433 939 1471 innocencie
973 1434 1157 1471 homines
1190 1434 1261 1471 Dei
1295 1434 1488 1471 fabricam
1522 1433 1770 1470 custodirent

460 1493 518 1538 (ut
552 1500 661 1540 patet
694 1494 791 1529 Gen.
827 1494 910 1540 110),
947 1491 986 1528 in
1019 1501 1124 1529 statu
1158 1505 1251 1529 vero
1285 1493 1419 1541 lapsus
1453 1491 1635 1528 homines
1669 1500 1769 1527 tam·
1788 1505 1829 1526 20

459 1562 578 1598 quam
605 1550 698 1586 boni
723 1549 870 1587 Christi
894 1550 1040 1587 milites
1064 1552 1136 1587 sub
1161 1563 1264 1598 pena
1288 1549 1596 1598 dampnacionis
1630 1561 1770 1598 perpe-

458 1616 524 1644 tue
557 1608 800 1653 laborarent,
836 1617 873 1644 et
906 1608 1030 1645 tercio
1064 1608 1170 1645 beati
1204 1608 1244 1645 in
1276 1617 1382 1645 statu
1406 1607 1666 1645 beatitudinis
1689 1620 1770 1644 non

458 1666 606 1702 habent
650 1665 829 1714 requiem
875 1666 937 1702 die
981 1667 1041 1702 vel
1084 1675 1202 1703 nocte
1247 1667 1456 1703 laudantes
1500 1666 1686 1714 opificem
1733 1674 1770 1702 et

458 1723 676 1760 Dominum
723 1736 763 1760 se
807 1724 1041 1761 salvantem.
1094 1726 1299 1771 Quantum
1346 1733 1479 1761 autem
1526 1726 1769 1771 degenerant

456 1781 630 1818 viatores
676 1781 743 1830 qui
781 1782 1020 1830 voluptuose
1059 1782 1250 1819 affectant
1290 1782 1439 1828 ocium,
1480 1782 1550 1819 Dei
1590 1780 1769 1818 officium
1787 1785 1826 1817 25

458 1839 717 1885 dimittentes,
763 1849 853 1876 sunt
887 1840 991 1877 enim
1028 1849 1135 1877 extra
1175 1849 1323 1877 statum
1368 1839 1616 1885 innocencie,
1662 1848 1770 1875 extra

457 1906 607 1934 statum
641 1898 899 1934 beatitudinis
933 1911 978 1934 ac
1013 1898 1136 1934 eciam
1173 1898 1350 1935 viatoris.
1387 1901 1433 1934 Et
1456 1898 1511 1934 sic
1536 1897 1659 1934 tercia
1683 1909 1770 1945 per—

459 1955 617 1992 secucio
664 1956 829 1993 ecclesie
870 1965 907 1992 et
946 1966 1090 2004 quarta
1134 1970 1210 2005 que
1258 1956 1481 1993 consistunt
1527 1955 1566 1991 in
1610 1955 1770 2005 negocio

453 2014 750 2063 perambulante
794 2015 829 2050 in
874 2015 1039 2050 tenebris
1077 2023 1115 2050 et
1153 2015 1308 2051 incursu
1354 2027 1399 2051 ac
1433 2014 1611 2051 demonio
1655 2012 1770 2049 meri-

459 2072 571 2108 diano
605 2080 695 2108 sunt
729 2072 899 2108 maxime
933 2072 1156 2120 periculose
1190 2081 1227 2109 et
1260 2072 1386 2120 magis
1421 2072 1522 2108 filios
1552 2070 1717 2108 ecclesie
1748 2076 1828 2108 asso

459 2129 705 2166 beatitudine
739 2131 966 2175 retrahunt;
1000 2143 1092 2166 nam
1119 2139 1301 2178 tempore
1326 2130 1493 2166 istarum
1519 2128 1769 2178 persecucio-

457 2200 553 2223 num
587 2196 767 2224 rarenter
799 2187 948 2224 intrant
982 2187 1274 2224 beatitudinem
1308 2197 1345 2224 et
1373 2187 1533 2236 spissim
1559 2195 1769 2235 penetrant

457 2253 610 2282 tartara
632 2244 824 2291 viatores;
860 2244 970 2282 cuius
994 2258 1114 2282 causa
1138 2254 1209 2292 est,
1240 2245 1331 2294 quia
1356 2245 1433 2293 legi
1457 2254 1494 2282 et
1517 2243 1769 2281 ordinacioni

458 2302 608 2340 Christi
642 2303 811 2339 nimium
847 2305 1122 2340 adversantur.
1157 2304 1250 2340 Ideo
1283 2316 1444 2340 necesse
1478 2312 1535 2339 est
1569 2304 1676 2351 quod
1709 2303 1769 2338 lex

457 2361 573 2398 nobis
613 2361 844 2398 adversaria
876 2361 931 2398 sic
965 2360 1005 2397 in
1037 2362 1099 2398 via
1133 2362 1266 2398 tradat
1303 2375 1376 2399 nos
1415 2360 1636 2398 tortoribus
1676 2373 1769 2397 eon·
1785 2363 1825 2397 35

460 2420 754 2468 dempnandos.

518 2479 618 2514 Cum
652 2477 893 2514 christianus
933 2478 1127 2514 exercitus
1160 2478 1209 2514 sit
1250 2490 1398 2514 cuneus
1438 2477 1589 2514 bellans
1629 2485 1769 2513 contra

460 2536 690 2583 dyabolum,
731 2536 938 2572 dubitatur
971 2537 1018 2573 de
1051 2536 1192 2573 ordine
1226 2545 1263 2572 et
1296 2534 1614 2572 circumstant-iis
1654 2534 1769 2570 huius

530 2690 548 2709 1.
572 2681 639 2709 DE:
662 2682 839 2709 meruerint.
901 2681 924 2708 5.
943 2681 965 2708 li
980 2681 1008 2708 in
1026 2689 1138 2714 marg:
1160 2681 1353 2708 Benedz‘ccia.
1416 2688 1440 2715 7.
1457 2680 1611 2708 creaturis
1619 2689 1629 2711 ,⁴
1648 2680 1672 2707 D
1688 2688 1768 2707 corr.

458 2716 487 2744 iu
509 2719 690 2745 creaturas:
715 2716 754 2743 ib.
778 2717 805 2743 1:
825 2716 1000 2752 significan
1028 2717 1067 2742 ib.
1089 2715 1113 2743 E
1133 2715 1161 2742 in
1184 2724 1299 2749 marg:
1321 2715 1467 2743 Claritas.
1533 2714 1654 2751 ,itt—16.
1675 2717 1718 2742 A:
1741 2717 1771 2742 et

458 2751 517 2778 Dei
534 2767 565 2770 —-
586 2752 682 2778 virtus
703 2751 797 2778 deest.
936 2751 970 2778 15.
993 2751 1020 2777 I:
1048 2751 1113 2777 eius
1132 2750 1261 2783 s'aciunl.
1401 2751 1440 2777 16.
1464 2750 1562 2777 ADE:
1591 2752 1652 2776 tam
1673 2750 1766 2776 deest.

456 2786 543 2847 >Reli
563 2786 592 2812 in
616 2794 728 2820 marg:
753 2785 832 2812 Deus
852 2786 918 2812 odit
937 2785 1046 2812 ocium.
1103 2781 1141 2812 3i.
1163 2785 1190 2811 I:
1213 2784 1414 2812 relrnltentes.
1472 2784 1518 2819 37.
1541 2784 1593 2811 DE
1607 2785 1636 2811 in
1653 2793 1766 2818 marga

470 2822 503 2848 )u
526 2821 596 2848 ium.

528 2903 543 2935 5
573 2910 605 2934 et
631 2913 729 2945 seqq.
758 2903 907 2944 Ap.V11‚
933 2913 980 2935 12.
1084 2913 1132 2944 17.
1159 2903 1324 2944 Sap.VlI,
1346 2912 1398 2944 24.
1490 2913 1543 2946 29.
1572 2903 1626 2934 Ps.
1646 2903 1716 2941 XC,
1735 2901 1766 2933 0.
