2062 3276
170 268 252 303 424

209 1016 292 1043 Love
311 1018 342 1041 to
363 1021 419 1040 our

228 1049 400 1087 neighbour

220 1088 355 1112 conststs
375 1090 405 1110 m

212 1120 344 1155 obeying
362 1119 414 1145 the

178 1154 449 1182 commandments

196 1189 230 1217 of
246 1189 296 1216 the
317 1188 429 1215 second

272 1223 360 1251 table.

204 1998 283 2026 Two
304 1997 394 2025 kinds
415 1996 448 2023 of

200 2033 296 2065 hisnu
317 2032 351 2059 of
368 2039 456 2066 grace

207 2068 264 2095 and
286 2067 320 2095 of
337 2071 453 2094 nature.

752 259 974 292 JOHANNIS
992 257 1177 290 WYCLIF
1197 255 1454 288 SERMONUM
1513 240 1666 299 [SERMO
1687 251 1766 279 LIV-

459 369 514 406 sic
562 381 643 405 non
687 366 761 404 erit
803 366 879 402 nisi
923 364 1149 403 obediendo
1196 361 1344 400 Christi
1397 361 1597 399 mandatis
1648 370 1769 410 atque

460 426 636 465 consiliis
699 425 955 470 reformatus,
1028 422 1121 472 quia
1184 421 1406 458 secundum
1470 419 1770 468 philosophicos

461 484 664 522 contraria
713 481 926 520 contrariis
976 490 1066 517 sunt
1116 480 1307 517 curanda.
1362 478 1473 516 Sicut
1518 490 1612 526 ergo
1663 477 1769 514 idern

461 553 519 580 est
553 545 680 579 Deum
720 541 884 589 diligere
928 548 964 576 et
1007 539 1090 576 eius
1129 545 1317 586 precepta
1356 548 1527 582 servare,
1571 534 1627 572 sic
1664 535 1770 572 idem

462 610 520 638 est
551 603 679 637 Deum
719 599 829 636 odire
869 607 905 634 et
943 597 1027 634 eius
1065 604 1255 645 precepta
1294 603 1593 643 contempnere,
1627 602 1665 630 et
1703 596 1805 642 per5

463 670 725 707 consequens,
779 656 879 693 sicut
924 657 1047 692 homo
1091 654 1266 691 odiendo
1311 653 1422 701 (quia
1467 652 1657 688 mandata
1701 650 1773 688 Dei

462 716 739 754 inobedienter
763 714 1101 761 contempnendo)
1132 712 1239 748 fatue
1262 711 1333 748 fuit
1356 712 1503 759 lapsus,
1535 709 1590 746 sic
1614 717 1774 758 oportet

464 776 571 824 quod
612 774 661 810 sit
692 773 754 809 via
793 770 998 809 contraria
1032 778 1257 806 renovatus.
1296 769 1370 806 Via
1403 777 1536 805 autem
1571 767 1775 804 contraria

465 842 522 870 est
556 831 627 868 Dei
671 840 708 868 et
749 843 893 879 sponse
933 840 1001 865 sue
1040 827 1221 873 dilecciO,
1261 837 1298 864 et
1331 827 1423 876 quia
1468 827 1515 862 de
1555 824 1775 862 dileccione

467 890 539 927 Dei
584 889 735 926 dictum
787 897 843 924 est
888 899 1072 923 sermone
1116 885 1312 934 proximo,
1365 885 1455 921 ideo
1506 885 1553 920 de
1603 883 1834 932 proximi10

468 947 689 985 dileccione
721 946 936 983 dicendum
971 954 1028 981 est
1061 945 1221 980 amodo.

527 1004 720 1042 Consistit
736 1013 868 1041 autem
887 1002 1055 1039 dileccio
1079 1000 1252 1050 proximi
1276 1000 1315 1037 in
1339 999 1601 1037 observancia
1624 1007 1776 1047 septem

469 1065 752 1101 mandatorum
786 1063 960 1099 secunde
983 1061 1131 1106 tabule,
1168 1059 1261 1108 quia
1285 1058 1351 1107 qui
1376 1058 1575 1106 gradatim
1607 1058 1778 1094 honorat

469 1131 656 1171 parentes
695 1133 776 1157 non
814 1120 945 1157 solum
991 1118 1031 1154 in
1070 1117 1201 1155 verbis
1240 1119 1308 1153 sed
1347 1128 1469 1165 opere
1509 1125 1546 1152 et
1579 1124 1690 1152 cavet
1729 1116 1778 1151 ab

469 1180 615 1218 iniuria
654 1192 734 1215 non
766 1177 988 1215 occidendo
1022 1176 1249 1224 proximum
1290 1175 1371 1211 ullo
1406 1175 1527 1210 modo
1560 1186 1633 1210 nec
1665 1172 1835 1221 spiri-15

468 1238 632 1276 tualiter
664 1236 888 1274 occidendo
923 1248 1138 1283 personam
1173 1233 1429 1270 coniunctam
1464 1231 1667 1280 coniugio,
1707 1243 1780 1267 nec

471 1305 614 1346 quarto
654 1294 868 1332 iniuriatur
901 1293 940 1330 in
973 1292 1087 1329 bonis
1121 1292 1279 1328 fortune
1312 1292 1494 1335 furando,
1528 1302 1600 1326 nec
1640 1288 1779 1338 quinto

469 1355 509 1392 in
532 1354 661 1391 verbis
694 1352 914 1389 offenderet
939 1353 1087 1388 bonum
1122 1351 1227 1387 fame
1251 1349 1499 1397 denigrando
1532 1360 1604 1384 nec
1629 1349 1779 1384 bonurn

469 1412 628 1450 virtutis
667 1411 925 1456 infirmando,
971 1421 1043 1446 nec
1083 1418 1191 1445 sexto
1236 1416 1303 1444 aut
1343 1406 1515 1455 septimo
1560 1406 1781 1443 secundum

471 1468 847 1519 concupiscenciam
900 1468 1173 1504 inordinatam
1220 1465 1324 1502 circa
1369 1477 1532 1501 uxorem
1578 1464 1639 1501 vel
1677 1464 1783 1499 bona
1800 1476 1841 1497 20

470 1530 628 1566 fortune
662 1528 849 1564 molestat
882 1525 1128 1574 proximum:
1162 1524 1227 1560 ille
1263 1524 1460 1572 (inquam)
1495 1522 1622 1569 diligit
1654 1521 1784 1570 proxi-

472 1600 581 1623 mum
622 1586 725 1622 sicut
765 1586 895 1631 debet,
936 1584 1029 1632 quia
1063 1583 1169 1619 iuxta
1210 1582 1385 1630 primum
1418 1580 1588 1617 istorum
1631 1588 1782 1628 septem

473 1644 672 1681 benefacit
711 1642 937 1680 obediendo
975 1640 1159 1689 proximo
1199 1640 1303 1676 sicut
1343 1640 1459 1675 debet
1499 1647 1535 1675 et
1573 1638 1680 1674 iuxta
1720 1649 1785 1673 sex

472 1703 632 1740 residua
657 1711 769 1738 cavet
801 1702 850 1737 ab
874 1699 1033 1736 iniuria.
1069 1702 1109 1735 In
1132 1698 1277 1747 quibus
1310 1698 1464 1733 duobus
1488 1695 1669 1732 consistit
1702 1704 1787 1731 tota

473 1760 645 1797 iusticia.
690 1762 738 1796 Et
777 1758 807 1795 si
848 1758 923 1795 ista
967 1758 1025 1794 lex
1067 1757 1273 1805 septuplex
1314 1755 1414 1791 foret
1457 1754 1673 1791 coniuncta
1711 1752 1785 1801 legi
1803 1755 1842 1787 25

473 1818 623 1867 triplici
664 1819 711 1854 de
751 1816 974 1853 dileccione
1012 1815 1082 1851 Dei
1125 1824 1161 1851 et
1200 1815 1397 1850 subducta
1436 1812 1546 1849 omni
1585 1812 1663 1849 alia
1701 1812 1787 1859 lege

474 1879 684 1913 observata
717 1877 767 1912 ad
800 1875 978 1921 regulam
1013 1874 1073 1909 vel
1105 1881 1267 1921 propter
1298 1872 1448 1907 nullam
1482 1883 1626 1907 novam
1658 1871 1785 1917 legem

477 1934 640 1980 omissa,
673 1946 793 1982 quam
827 1932 917 1969 felix
950 1932 1050 1968 foret
1083 1930 1249 1968 ecclesia
1282 1928 1511 1967 christiana.

538 1994 613 2028 Pro
660 1991 791 2040 primo
836 1990 1004 2026 istorum
1045 1998 1196 2037 septem
1244 1987 1451 2024 sciendum
1491 1987 1599 2035 quod
1645 1985 1788 2033 duplex

481 2060 539 2087 est
578 2049 766 2087 nativitas
807 2048 958 2085 scilicet
997 2048 1217 2083 secundum
1258 2048 1385 2082 Deum
1426 2058 1496 2092 per
1535 2043 1711 2091 graciam
1753 2051 1789 2078 et
1806 2048 1847 2079 30

481 2109 702 2145 secundum
755 2116 963 2155 parentem
1018 2105 1243 2153 proximum
1298 2117 1368 2151 per
1420 2112 1628 2147 naturam;
1681 2101 1789 2149 quod

481 2175 650 2203 testatur
672 2165 891 2213 Apostolus
925 2163 1093 2211 epistola
1124 2162 1332 2207 hodierna,
1367 2174 1456 2198 cum
1492 2159 1607 2196 dicit:
1642 2159 1791 2194 Induite

482 2237 620 2260 novum
669 2223 857 2259 hominem
903 2222 967 2270 qui
1011 2222 1218 2257 secundum
1260 2220 1384 2255 Deum
1430 2225 1584 2254 creatus
1628 2224 1703 2261 est;
1755 2225 1791 2251 et

480 2283 568 2319 Joh.
603 2283 651 2327 10,
682 2291 743 2326 127
775 2281 840 2316 13:
881 2280 999 2316 Dedit
1037 2279 1089 2314 eis
1116 2285 1344 2328 potestatem
1367 2277 1476 2327 filios
1509 2275 1585 2311 Dei
1603 2274 1701 2325 fieri
1731 2273 1795 2322 qui

484 2352 558 2376 non
593 2351 643 2375 ex
681 2338 934 2389 sanguinibus
966 2350 1085 2386 neque
1117 2349 1167 2373 ex
1200 2336 1395 2371 voluntate
1433 2334 1563 2370 carnis
1595 2344 1713 2381 neque
1744 2335 1849 2369 ex35

484 2398 678 2434 voluntate
718 2397 794 2432 viri
829 2397 897 2432 sed
935 2407 985 2431 ex
1016 2396 1100 2430 Deo
1141 2394 1221 2430 nati
1256 2401 1353 2429 sunt.
1404 2395 1479 2428 Ista
1518 2400 1652 2428 autem
1693 2389 1794 2426 nati-

483 2455 583 2492 vitas
616 2463 705 2503 post
738 2453 988 2491 nativitatem
1023 2453 1225 2489 carnalem
1260 2451 1449 2487 infectam
1474 2458 1530 2486 est
1553 2459 1635 2486 tam
1659 2460 1794 2484 neces-

485 2513 603 2560 saria,
638 2514 745 2561 quod
778 2513 999 2549 secundum
1033 2509 1309 2547 testimonium
1332 2507 1519 2545 Veritatis
1541 2508 1736 2551 Joh.1110‚
1774 2505 1790 2540 5

558 2688 582 2708 2.
600 2681 639 2707 D:
659 2680 880 2715 philosophum.
937 2678 961 2706 3.
977 2678 1051 2706 DG:
1073 2678 1182 2713 igitur.
1238 2686 1267 2711 4.
1284 2678 1324 2704 D:
1347 2678 1412 2704 eius
1432 2678 1525 2704 deest.
1583 2684 1607 2711 7.
1627 2675 1796 2710 D:satuil.

489 2725 522 2743 ιι.
544 2714 618 2742 DG:
645 2714 745 2741 modo.
832 2722 873 2742 ιι.
896 2714 936 2740 1›:
965 2717 994 2740 el
1013 2713 1114 2742 deest:
1141 2712 1181 2739 ib.
1203 2712 1244 2738 D:
1272 2715 1388 2739 caveat.
1471 2711 1512 2739 25.
1533 2712 1577 2738 A:
1603 2710 1800 2746 septimplex;

489 2750 530 2777 G:
551 2750 708 2785 septiplex
770 2756 814 2778 γ,
830 2750 874 2775 28.
897 2748 968 2775 1)(Ῑιε
985 2751 1118 2783 propter
1136 2747 1250 2774 nullam
1271 2754 1350 2773 nova
1371 2747 1440 2782 lege
1459 2746 1599 2773 obmissa.
1661 2744 1699 2772 31.
1722 2744 1794 2771 DG:

487 2787 670 2820 parentum;
695 2784 735 2811 lb.
757 2784 831 2810 DG:
853 2783 935 2819 quia.
1008 2782 1050 2815 35,
1072 2781 1117 2809 30.
1140 2782 1181 2809 1›:
1203 2782 1306 2808 carnis
1327 2789 1424 2816 neque
1444 2781 1512 2808 riri.

561 2880 614 2913 32.
640 2877 728 2920 Eph.
754 2878 811 2917 IV,
839 2887 892 2918 24.

2050 3190 2062 3276 i
