2062 3276
224 269 360 298 samio
381 259 433 317 x.]
708 273 897 313 QUARTA
927 273 1052 305 PARS.
1775 266 1796 302 8
1806 278 1825 313 7

223 378 341 427 positi
365 380 412 415 de
446 379 577 415 futuro
610 379 741 415 standi
776 379 978 416 humiliter
1010 381 1229 416 secundum
1264 380 1382 416 fidem
1417 380 1537 428 scrip-

223 446 310 473 ture
342 436 382 472 in
416 437 499 484 lege
534 436 693 473 Domini
728 450 852 485 usque
886 439 934 473 ad
969 437 1185 474 terminum
1219 437 1296 473 vite
1329 450 1411 473 sue.

282 497 329 530 Et
365 508 443 531 non
477 496 611 531 subest
646 494 718 530 sibi
753 495 921 531 materia
952 496 1189 543 desperandi
1224 495 1298 531 nisi
1332 495 1370 531 in
1405 495 1538 543 aliquo
1589 501 1689 530 There
1710 503 1796 541 ispo

222 552 387 588 istorum
423 552 542 589 trium
577 552 735 589 deficiat
768 562 804 589 et
837 553 1061 600 specialiter
1094 553 1133 589 in
1168 554 1255 589 fide.
1303 553 1400 598 Quis
1433 553 1537 588 enim
1572 537 1818 606 dffgffiflssdwfss'gse

191 610 433 658 §obliquans
467 623 488 647 a
521 612 604 658 lege
630 610 788 646 Domini
822 611 861 647 in
895 611 970 647 fide
995 625 1073 647 non
1097 611 1243 657 defficit,
1268 624 1357 647 cum
1387 610 1538 647 scilicet
1573 606 1657 634 there
1678 607 1702 634 is
1724 607 1811 634 saith.

223 668 432 704 actualiter
476 670 654 704 crederet
699 670 805 716 quod
850 669 953 705 oculi
995 669 1156 705 Domini
1201 669 1414 705 lucidiores
1459 669 1540 705 sole

222 725 357 762 omnia
402 736 760 774 quantumcunque
805 727 1041 763 abscondita
1082 726 1299 769 intuentur,
1335 736 1371 763 et
1404 726 1541 763 onmia

223 794 332 832 gesta
366 784 538 820 hominis
562 794 643 820 tam
678 786 781 820 bona
805 798 926 833 quam
962 785 1065 821 mala
1099 785 1323 821 necessario
1358 786 1540 820 mercede

223 842 494 879 remunerabit
540 844 589 878 ad
634 843 830 890 regulam:
879 842 918 879 Si
963 843 1162 891 (inquam)
1206 844 1306 879 hanc
1348 843 1467 878 fidem
1502 842 1541 878 in

170 909 313 936 10actu
365 900 547 936 habuerit
598 912 669 937 nec
715 900 787 936 erit
832 913 921 948 spes
965 914 1035 937 sua
1080 900 1210 949 sopita
1255 910 1421 949 peccato
1465 913 1542 936 nec

222 958 431 994 actualiter
453 958 509 994 sic
533 958 755 1006 delinquet3
781 958 871 994 ideo
894 972 1030 995 verum
1056 968 1113 995 est
1129 958 1339 1007 antiquum
1365 958 1541 1006 porisma

222 1015 401 1052 fidelium
435 1018 542 1064 quod
575 1016 822 1064 impossibile
856 1025 912 1052 est
945 1016 1118 1053 viantem
1154 1016 1193 1052 in
1229 1016 1364 1064 aliqua
1396 1016 1541 1052 virtute

222 1074 390 1110 deficere
423 1074 497 1110 nisi
530 1073 569 1110 in
599 1074 676 1112 fide
700 1074 871 1111 deficiat.
906 1075 1094 1111 Excuciat
1120 1088 1212 1122 ergo
1236 1074 1362 1110 fidelis
1386 1074 1541 1122 peccati

223 1132 470 1180 presenciam
511 1141 547 1168 et
587 1132 856 1180 cogitaciones
896 1142 1101 1169 extraneas
1142 1142 1178 1169 et
1212 1132 1329 1168 instet
1363 1131 1542 1168 virtuoso

169 1191 204 1223 15
222 1190 292 1226 Dei
326 1190 492 1226 servicio
526 1190 695 1226 fideliter
728 1200 765 1227 et
798 1200 1016 1238 sperantes.

279 1250 359 1284 Nec
391 1248 505 1285 video
529 1250 733 1297 quomodo
768 1258 824 1285 est
856 1249 952 1285 fides
986 1250 1045 1285 vel
1077 1261 1165 1297 spes
1198 1248 1237 1284 in
1272 1248 1432 1285 homine
1466 1248 1541 1284 nisi

221 1306 315 1342 assit
350 1306 515 1352 caritas;
557 1316 593 1343 et
633 1307 785 1342 nullum
826 1306 993 1343 istorum
1035 1307 1243 1343 dimissum
1287 1316 1343 1343 est
1376 1306 1415 1342 in
1451 1316 1542 1343 actu

222 1366 397 1400 secundo
442 1364 515 1400 nisi
561 1366 679 1412 culpa
718 1365 927 1401 actualiter
960 1365 1008 1401 sit
1042 1365 1217 1401 dimissa.
1265 1367 1365 1401 Cum
1407 1374 1540 1401 autern

222 1422 417 1470 sequitur:
459 1424 597 1459 Petrus
636 1425 769 1472 quoad
804 1425 930 1459 Deum
972 1432 1028 1459 est
1070 1423 1313 1469 huiusmodi,
1353 1436 1446 1471 ergo
1485 1431 1541 1459 est

165 1492 206 1513 20
222 1480 465 1526 huiusmodi,
510 1480 746 1529 simpliciter
790 1490 899 1529 patet
936 1483 1044 1529 quod
1083 1481 1113 1517 si
1148 1481 1235 1529 quis
1274 1490 1331 1517 est
1370 1480 1541 1517 infidelis

221 1539 354 1586 quoad
399 1541 540 1585 Deum,
587 1548 681 1575 tunc
734 1548 790 1575 est
835 1539 1073 1587 simpliciter
1117 1539 1307 1584 infidelis,
1362 1538 1393 1575 si
1447 1552 1540 1587 ergo
1608 1546 1806 1586 Ε’«ιῑιιιᾳνῃιΗ

223 1596 403 1633 minister
434 1597 494 1633 vel
533 1610 666 1633 servus
705 1596 935 1634 notabiliter
969 1597 1101 1633 deficit
1140 1597 1179 1633 in
1220 1596 1442 1634 ministerio
1481 1582 1830 1644 velexpsffsssssfissflmn

221 1654 408 1691 servitute
453 1654 586 1691 debita
631 1655 795 1691 domino
840 1655 1066 1703 temporali,
1112 1664 1206 1691 tunc
1245 1664 1302 1691 est
1342 1657 1389 1691 de
1429 1664 1541 1692 tanto

221 1712 294 1748 sibi
328 1712 510 1749 infidelis.
557 1715 690 1759 Quare
724 1726 816 1762 ergo
850 1727 929 1750 non
962 1713 1160 1761 sequitur:
1196 1713 1236 1750 Si
1271 1723 1453 1750 creatura
1486 1712 1541 1749 sic

222 1770 454 1807 notabiliter
505 1771 553 1807 sit
598 1771 771 1808 infidelis
801 1772 805 1819 Ι
835 1771 1000 1808 domino
1043 1774 1125 1808 Deo
1179 1784 1264 1818 suo,
1319 1781 1414 1808 tunc
1468 1771 1541 1808 erit

222 1828 457 1876 simpliciter
500 1829 684 1868 infidelis.
730 1832 777 1865 Et
821 1839 931 1877 patet
964 1831 1072 1877 quod
1119 1829 1234 1866 multi
1274 1829 1541 1875 menciuntur,

221 1886 390 1923 dicendo
414 1889 522 1936 quod
558 1888 704 1924 habent
728 1888 862 1934 fidem,
897 1901 1007 1935 spem
1043 1897 1079 1924 et
1103 1887 1311 1924 caritatem
1347 1897 1542 1924 ettamen

221 1957 292 1981 sua
342 1944 422 1981 vita
475 1954 511 1981 et
563 1959 686 1993 opera
739 1946 1032 1982 contradicunt.
1093 1947 1170 1982 Sed
1223 1945 1378 1982 Veritas
1424 1945 1540 1982 dicit:

227 2002 416 2052 Operibus
460 2004 617 2040 credite.
665 2003 774 2040 Sicut
818 2003 1104 2051 sophisticatur
1148 2003 1252 2040 enim
1294 2003 1333 2040 in
1374 2003 1542 2040 materia

164 2063 206 2094 30
222 2062 269 2096 de
302 2060 496 2108 quiditate
537 2061 663 2098 hostie
704 2071 948 2107 consecrate,
990 2061 1029 2097 in
1064 2062 1231 2098 materia
1265 2063 1312 2098 de
1344 2071 1542 2110 potestate

221 2118 362 2166 prelati
397 2128 433 2155 et
457 2119 496 2155 in
531 2119 699 2156 materia
723 2121 770 2156 de
803 2120 1061 2156 absolucione
1095 2133 1186 2156 cum
1221 2120 1294 2156 sibi
1328 2119 1539 2165 similibus,

222 2176 276 2213 ita
309 2177 595 2225 sophisticatus
626 2177 667 2214 in
691 2178 858 2214 materia
892 2179 938 2214 de
962 2177 1176 2214 virtutibus
1210 2178 1342 2215 anime
1376 2177 1542 2214 insensi-

222 2234 378 2272 bilibus.
420 2237 496 2272 Sed
535 2235 708 2272 sciamus
748 2236 927 2284 ypocrite
968 2238 1075 2284 quod
1109 2239 1214 2272 Deus
1255 2236 1318 2273 cui
1352 2237 1542 2272 debemus

223 2305 305 2329 esse
337 2293 501 2330 virtuosi
535 2307 614 2330 non
646 2303 778 2342 potest
810 2294 939 2331 verbis
973 2294 1118 2330 nostris
1152 2294 1295 2342 decipi,
1330 2303 1367 2331 et
1401 2296 1540 2330 eodem

165 2354 204 2386 35
224 2352 343 2388 modo
376 2360 433 2388 est
466 2353 513 2388 de
547 2365 614 2400 spe
648 2361 685 2388 et
718 2352 885 2389 caritate
919 2352 1186 2389 mendacium.
1221 2354 1269 2388 Et
1302 2361 1410 2400 patet
1434 2353 1541 2400 quod

224 2409 337 2446 multi
372 2419 408 2446 et
442 2410 575 2458 magni
608 2410 647 2446 in
680 2410 845 2447 ecclesia
869 2410 1005 2447 dicunt
1029 2424 1067 2446 se
1102 2423 1184 2446 esse
1209 2411 1343 2447 fideles
1378 2409 1540 2447 ecclesie

223 2468 396 2514 prelatos
419 2477 456 2504 et
479 2477 613 2505 tamen
636 2478 727 2505 sunt
752 2471 834 2505 Deo
866 2468 1064 2506 manifesti
1096 2468 1259 2505 heretici
1292 2478 1328 2505 et
1361 2470 1541 2505 membra

223 2525 394 2563 dvabofi.

132 1749 206 1780 Fol.

127 1802 206 1828 noo*

291 2648 314 2675 5.
341 2649 351 2676 Ι
379 2648 407 2675 iu
437 2656 550 2683 marg:
581 2648 751 2684 Obliquans
778 2657 796 2675 α
824 2649 892 2685 lege
912 2649 1036 2676 Damim
1063 2648 1165 2684 defficit
1190 2649 1220 2676 in
1238 2648 1316 2683 fide.
1402 2649 1429 2677 6.
1457 2648 1480 2676 E
1509 2649 1537 2676 in

223 2691 336 2716 marg-z
359 2682 449 2710 Nota.
525 2691 563 2718 17.
580 2684 618 2710 18.
634 2683 662 2710 1:
683 2683 812 2711 istorum
827 2687 873 2710 ext
885 2684 915 2711 in
930 2687 1000 2711 aclu
1015 2684 1147 2711 secundo
1162 2684 1225 2711 nisi
1237 2684 1335 2719 culpa.
1411 2692 1451 2713 ιο.
1468 2684 1520 2711 DE
1534 2694 1539 2710 :

217 2725 258 2753 pe
277 2717 390 2752 quoad.
478 2726 522 2744 ρο.
546 2718 627 2745 DEI:
649 2718 732 2753 quod
750 2719 844 2745 deest.
927 2726 972 2751 20,
994 2726 1031 2746 21.
1055 2719 1082 2746 1:
1101 2718 1213 2752 fidelis.
1296 2718 1338 2746 23.
1361 2719 1388 2746 I:
1411 2718 1537 2745 dmm'm'.

222 2759 269 2782 24.
290 2752 329 2779 E:
352 2760 411 2780 non
432 2753 572 2787 sequitur
585 2753 679 2779 deest.
743 2754 782 2781 25.
805 2753 886 2780 DEI:
909 2753 950 2780 sit
969 2753 1062 2780 deest.
1130 2753 1170 2785 25,
1187 2753 1232 2781 26.
1256 2753 1337 2780 DEI:
1359 2756 1405 2780 est
1423 2754 1538 2788 simpli-

222 2787 307 2814 citer.
382 2786 426 2813 30.
448 2788 490 2814 A:
513 2787 543 2814 in
565 2788 696 2814 materia
718 2788 811 2815 deest.
893 2788 931 2815 31.
953 2789 996 2815 A:
1018 2788 1078 2815 sibi
1096 2788 1189 2815 deest.
1270 2787 1313 2815 33.
1335 2789 1379 2815 A:
1395 2788 1539 2823 ypocrite

223 2821 317 2849 deest.
390 2820 436 2856 34.
459 2821 526 2849 DE:
548 2821 578 2849 in
599 2822 712 2849 eodem.
786 2821 827 2850 35.
849 2822 890 2849 D:
912 2822 1021 2850 medio.
1095 2821 1138 2858 37.
1160 2824 1206 2850 A:
1225 2825 1255 2850 et
1268 2823 1420 2858 prelatos.

293 2903 345 2936 29.
370 2893 448 2925 Joh.
474 2894 512 2933 X,
542 2893 594 2926 38.
