2062 3276
295 263 430 292 smnio
453 253 531 310 xn]
776 265 967 304 (imam
995 265 1121 296 mas.
1818 255 1834 290 3
1847 253 1863 289 3
1880 267 1888 289 1

296 381 402 410 tatur
425 371 602 409 vindicta
620 384 692 408 suo
717 371 879 408 iudicio.
905 370 970 407 Sic
995 370 1099 407 enim
1124 371 1218 407 fecit
1237 370 1420 408 Christus
1443 380 1609 419 propter

297 430 612 468 insti-uccionern
647 438 844 478 nostram,
876 428 1074 477 paciendo
1108 428 1282 476 flagella,
1316 428 1538 477 obprobria
1572 437 1608 465 et

297 489 463 525 derisus.
510 488 699 525 Defectus
738 487 874 536 itaque
918 486 1036 523 huius
1076 486 1236 523 virtutis
1285 499 1365 535 quo
1411 485 1609 522 deseritur

297 547 483 584 doctrina
517 545 666 583 Christi
700 554 738 582 et
771 544 1031 593 amplectitur
1070 544 1200 592 rigida
1234 544 1424 593 superbia
1457 544 1609 580 diaboli

263 608 355 642 §est
403 617 525 641 causa
569 603 700 640 tocius
745 602 1072 651 perturbacionis
1120 602 1300 639 ecclesie.
1347 603 1463 639 Unde
1512 614 1610 649 rogo

296 663 412 710 bella,
446 663 553 699 unde
583 661 889 710 persecuciones
921 661 981 697 vel
1015 660 1300 698 contenciones
1335 660 1411 697 nisi
1435 673 1457 697 a
1482 668 1610 696 matre

295 720 508 770 superbia?
552 723 654 757 Nam
687 720 809 756 verba
842 719 970 767 rigida
1003 728 1040 755 et
1068 719 1175 756 facta
1208 718 1488 756 inobediencia
1520 727 1610 754 sunt

296 792 415 816 causa
448 778 577 815 tocius
610 778 726 814 huius
759 776 1082 826 perturbacionis
1116 777 1295 824 ecclesie,
1332 776 1426 825 quia
1459 776 1490 812 si
1524 777 1611 825 quis

296 840 343 874 de
366 850 406 874 se
430 837 516 885 ipso
540 836 704 873 sentiret
729 835 949 881 humiliter,
976 837 1158 884 parando
1175 848 1214 872 se
1230 836 1279 872 ad
1296 835 1537 884 paciendum
1554 834 1611 871 in-

243 908 280 928 10
296 895 430 941 iurias,
456 904 590 943 posset
612 907 695 931 esse
718 906 839 930 causa
861 893 1115 942 extinguendi
1138 906 1276 930 ornnes
1302 893 1398 930 istas
1415 892 1608 930 malicias.

355 955 433 991 Sed
466 953 531 990 hic
564 952 746 989 obiciunt
778 953 978 988 seculares
1012 964 1083 1000 per
1116 953 1192 988 hoc
1226 953 1348 1000 quod,
1378 951 1408 988 si
1443 951 1611 1000 quilibet

297 1020 502 1061 pateretur
525 1010 705 1058 iniurias,
739 1010 1036 1058 extingueretur
1060 1009 1218 1046 iusticia
1252 1019 1289 1046 et
1314 1010 1486 1046 mundus
1510 1009 1611 1045 foret

297 1071 438 1119 plenus
471 1068 657 1118 nequicia
688 1068 848 1105 nemine
880 1068 1090 1105 resistente
1124 1067 1295 1105 malicie.

356 1128 432 1165 Hic
481 1136 643 1176 oportet
688 1139 918 1175 supponere
963 1126 1020 1163 sic
1059 1125 1250 1163 obicienti
1297 1126 1417 1162 fidem
1459 1124 1900 1176 dominiHowwepshould

245 1189 389 1223 15Jesu
412 1185 575 1224 Christi.
610 1187 657 1221 Et
682 1194 792 1233 patet
822 1194 917 1221 tunc
948 1186 1056 1233 quod
1081 1184 1247 1233 quilibet
1270 1185 1387 1220 debet
1416 1183 1613 1220 sustinere
1652 1164 1744 1191 suffer
1765 1171 1883 1198 wrong.

202 1236 284 1298 „1:0¹3
298 1244 419 1281 iniuri
448 1241 452 1297 Ι
482 1257 537 1290 as,
573 1257 663 1280 cum
688 1246 794 1280 Deus
828 1243 944 1279 iudex
976 1243 1103 1279 iustus
1136 1243 1185 1279 sit
1218 1242 1333 1279 fortis
1367 1250 1404 1278 et
1436 1241 1611 1290 paciens,

203 1293 242 1317 ³²
300 1312 337 1339 et
370 1316 441 1351 per
474 1303 550 1339 hoc
584 1303 736 1338 luceret
770 1302 1053 1338 habundanter
1093 1300 1252 1338 iusticia
1285 1312 1362 1349 que
1397 1301 1518 1336 modo
1552 1312 1614 1336 ex-

300 1361 510 1409 tinguitur,
561 1362 656 1396 dum
696 1360 870 1408 populus
911 1359 979 1407 qui
1019 1359 1075 1396 sic
1115 1359 1267 1408 patitur
1304 1357 1428 1395 vincit
1466 1358 1613 1395 virtute

301 1419 448 1455 summi
481 1418 638 1463 iudicis,
674 1427 710 1454 et
734 1418 789 1454 sic
822 1417 984 1466 paciens
1018 1417 1235 1454 efficaciter
1269 1416 1473 1453 resisteret
1506 1417 1614 1452 malo

243 1490 285 1511 20
301 1478 432 1525 culpe.
482 1477 593 1513 Licet
626 1486 763 1512 tamen
805 1476 976 1512 seculari
1010 1475 1187 1523 pacienti
1227 1474 1393 1511 iniurias
1434 1476 1614 1510 modeste

301 1535 492 1584 prosequi
544 1536 594 1571 ad
646 1534 951 1571 rectificandum
1006 1534 1114 1582 ipsas
1159 1532 1339 1571 iniurias.
1393 1533 1471 1568 Sed
1516 1532 1612 1568 illud

301 1593 479 1630 officium
514 1592 718 1641 pertinens
758 1591 869 1629 laicis
911 1601 969 1628 est
1008 1591 1287 1640 periculosius,
1334 1603 1424 1628 cum
1463 1590 1524 1627 vix
1557 1590 1615 1627 in-

300 1651 436 1688 venies
483 1664 608 1687 unum
650 1650 717 1700 qui
762 1650 1022 1699 prosequitur
1062 1650 1136 1686 ista
1184 1650 1407 1686 secundum
1456 1649 1614 1697 regulas

303 1709 495 1747 caritatis.
543 1710 658 1746 Unde
692 1708 861 1745 ecclesia
901 1717 1085 1745 servante
1119 1709 1223 1744 hanc
1263 1708 1418 1744 scolam
1451 1719 1614 1755 genera-

245 1768 392 1805 2filiter
424 1768 655 1816 sopirentur
678 1767 836 1813 iniurie,
871 1779 961 1803 cum
996 1767 1055 1803 lex
1080 1766 1229 1803 Christi
1262 1779 1353 1802 cum
1377 1777 1448 1801 sua
1481 1765 1614 1813 gracia

302 1826 352 1863 sit
390 1839 464 1874 pro
499 1826 798 1873 complemento
838 1825 995 1861 iusticie
1028 1824 1281 1873 prestancior
1320 1824 1405 1871 lege
1439 1836 1613 1860 cesarea.

303 1885 343 1921 Si
368 1897 462 1932 ergo
486 1897 558 1920 nos
582 1892 813 1920 executores
837 1883 933 1931 legis
950 1882 1022 1919 Dei
1045 1883 1269 1919 faceremus
1293 1883 1410 1931 plene
1432 1890 1614 1918 nostrum

304 1942 497 1988 debitum,
537 1941 701 1978 indubie
737 1941 849 1978 fieret
888 1954 910 1977 a
943 1943 1028 1977 Deo
1063 1940 1267 1988 copiosius
1300 1939 1473 1987 iusticia,
1514 1939 1615 1975 inni—

302 2002 423 2037 tendo
456 2013 554 2048 pure
588 1999 664 2047 legi
698 1999 770 2036 Dei
804 1999 978 2035 dimissis
1012 1998 1198 2035 humanis
1232 1998 1397 2046 legibus.

246 2061 288 2094 30
362 2060 476 2095 Unde
510 2057 683 2094 infidelis
718 2057 997 2094 consideracio
1032 2066 1089 2093 est
1122 2058 1230 2105 quod
1264 2056 1413 2105 periret
1447 2055 1616 2092 ecclesia

303 2117 377 2153 nisi
412 2125 544 2165 preter
578 2116 706 2164 legem
742 2115 814 2152 Dei
848 2115 1037 2152 humanis
1078 2114 1230 2162 legibus
1263 2114 1528 2162 regularetur.
1575 2115 1617 2150 In

303 2176 379 2211 hoc
426 2174 529 2211 enim
571 2183 762 2222 peccatur
806 2173 1023 2210 infideliter
1056 2172 1298 2209 dimittendo
1332 2171 1613 2209 execucionem

302 2233 399 2281 legis
439 2232 511 2269 Dei
552 2241 588 2269 et
633 2231 862 2268 inducendo
910 2231 1155 2268 tradiciones
1200 2232 1398 2267 humanas
1437 2231 1616 2266 fomenta

302 2291 454 2328 licium.
501 2290 711 2327 Sufficeret
745 2290 850 2326 enim
892 2290 1059 2338 epikeya
1092 2289 1132 2325 in
1172 2289 1324 2337 populo
1358 2290 1408 2325 ad
1449 2301 1616 2325 concor-

246 2350 286 2383 35
304 2350 482 2385 dandum
522 2349 621 2385 tales
654 2348 836 2385 iniurias.
883 2350 930 2384 Et
969 2348 1183 2396 theologus
1223 2348 1339 2383 debet
1373 2346 1526 2383 hortari
1566 2348 1614 2383 ad

304 2407 564 2443 concordiam
594 2407 814 2443 secundum
849 2407 975 2454 legem
1009 2405 1081 2442 Dei
1115 2418 1185 2453 per
1215 2406 1291 2442 hoc
1324 2406 1434 2454 quod
1464 2406 1614 2441 bonum

303 2465 461 2501 virtutis
508 2465 547 2500 in
595 2464 802 2501 humiliter
848 2464 1047 2512 paciendo
1093 2463 1261 2500 iniurias
1306 2472 1366 2499 est
1413 2462 1615 2499 infinitum

304 2522 555 2571 prestancius
595 2535 715 2571 quam
758 2523 1023 2560 commodum
1062 2522 1289 2570 temporale
1329 2523 1439 2570 quod
1479 2533 1617 2558 casua-

303 2580 395 2617 liter
429 2593 473 2617 ex
512 2580 778 2618 contencione
811 2580 1075 2629 contingeret.
1123 2581 1217 2617 Ideo
1250 2592 1332 2616 non
1371 2588 1429 2616 est
1462 2579 1538 2616 nisi
1573 2591 1617 2615 ex

373 2734 399 2761 7.
421 2726 465 2753 D:
486 2729 516 2753 et
534 2725 628 2753 deest.
701 2725 728 2753 8.
751 2725 794 2754 H:
817 2726 907 2754 lzm'us
926 2727 1020 2753 deest.
1094 2732 1122 2760 9.
1145 2725 1188 2752 H:
1208 2733 1242 2752 se
1258 2725 1354 2752 deest.
1429 2733 1469 2753 10.
1491 2725 1533 2752 D:
1555 2733 1617 2752 om-

305 2761 378 2789 nino
399 2761 482 2788 istas.
567 2768 602 2788 11.
623 2761 667 2788 A:
693 2761 837 2788 obiciant.
924 2760 961 2788 13.
983 2763 1028 2787 A:
1056 2760 1228 2788 recistente.
1303 2760 1338 2788 15.
1362 2759 1405 2787 H:
1434 2760 1521 2787 debet
1536 2760 1615 2795 pati.

305 2805 344 2831 17-
367 2796 409 2823 H:
437 2799 466 2823 et
484 2795 528 2822 sic
568 2803 612 2822 er.
686 2804 725 2828 17,
748 2796 785 2823 18.
807 2797 851 2823 A:
880 2796 1036 2832 arguitur.
1111 2802 1149 2822 21.
1171 2796 1216 2822 A:
1245 2795 1375 2822 iniuras.
1448 2802 1491 2822 22.
1512 2795 1615 2822 ADG:

305 2831 393 2858 laicis
407 2831 511 2863 deest‚·
530 2803 570 2857 ie.
587 2830 631 2857 Ηε
649 2831 854 2868 ρει-ἰεμίοειίιε
874 2834 914 2857 ul.
979 2830 1021 2857 25.
1037 2828 1143 2858 AGH:
1164 2838 1229 2857 cum
1244 2830 1338 2857 deest.
1404 2828 1450 2856 30.
1471 2829 1513 2856 D:
1536 2829 1616 2856 Nota

305 2866 444 2898 infidelis.
519 2864 564 2897 30,
585 2863 624 2892 31.
648 2865 690 2891 G:
716 2865 800 2892 Lude
818 2881 851 2884 —
872 2865 992 2901 legibus
1012 2865 1106 2892 deest.
1179 2863 1225 2898 34.
1246 2864 1288 2892 D:
1311 2864 1462 2900 epilcora;
1488 2865 1533 2891 A:
1555 2864 1617 2900 epi-

305 2900 397 2928 steila.
471 2898 501 2927 35
533 2899 576 2927 h:
598 2897 678 2927 Nota
699 2900 876 2933 theologus.
