2062 3276
299 246 435 275 SERMO
457 235 551 293 xm]
780 249 973 289 QUARTA
1000 250 1126 281 PARS.

303 354 478 391 Domino
513 367 586 403 pro
619 367 690 391 sua
724 354 898 391 maxima
931 354 1176 403 gratitudine
1202 365 1354 394 tantam
1381 370 1541 406 penam,
1565 368 1613 395 .et

301 425 382 448 non
422 412 552 448 minus
593 413 840 449 horrendum
880 421 936 448 est
977 413 1198 460 proditorie
1238 416 1486 452 confederari
1522 430 1609 453 cum

303 469 476 506 exercitu
516 470 678 515 diaboli,
726 470 886 506 Christo
920 479 957 506 et
995 484 1066 507 suo
1101 472 1288 508 exercitui
1329 474 1500 510 maxime
1542 475 1613 510 ini-

304 528 420 565 mico.
467 528 532 564 Sic
578 540 671 576 ergo
711 529 828 564 debet
873 527 1113 566 christianus
1157 529 1233 566 isto
1279 531 1342 567 die
1387 532 1522 568 dolere
1565 533 1612 568 de

269 590 470 634 §peccato
509 587 616 635 quod
657 585 873 631 commisit,
920 587 967 622 de
1006 587 1162 624 defectu
1200 588 1457 636 gratitudinis
1491 603 1611 638 quam

302 643 439 680 omisit
473 652 510 680 et
543 643 669 680 tercio
693 644 741 679 de
774 643 917 680 iterata
949 644 1171 682 offensione
1195 659 1315 695 quam
1349 656 1440 695 post
1474 660 1613 684 recon-

302 701 551 738 ciliacionem
577 701 802 749 graciosam
827 701 973 738 intulit.
1010 705 1135 740 Debet
1159 713 1293 741 autem
1317 708 1491 753 gaudere
1517 707 1609 742 dum

302 769 483 795 remanet
507 759 748 795 christianus
781 761 889 808 quod
914 761 1032 797 habet
1055 770 1137 798 tam
1162 771 1333 810 gratum,
1367 772 1448 800 tam
1474 773 1613 812 poten-

301 826 381 853 tem
417 827 453 854 et
483 826 563 853 tam
601 817 792 854 humilem
818 817 1047 865 dominum3
1081 821 1198 857 debet
1230 823 1406 858 secundo
1439 824 1614 870 gaudere

250 890 288 911 10
303 876 413 924 quod
445 884 527 911 tam
562 876 691 923 plene,
724 884 806 912 tam
842 885 982 924 parate
1016 886 1053 913 et
1075 887 1157 914 tam
1191 891 1329 916 secure
1362 880 1612 917 satisfactum

305 942 362 969 est
395 946 468 981 pro
502 942 670 981 peccato
703 946 788 980 suo,
823 935 931 982 quod
965 935 995 971 si
1020 945 1150 972 esse-nt
1183 936 1331 974 infiniti
1366 938 1505 975 mundi
1537 939 1613 975 sal-

302 991 435 1035 vandi,
471 991 650 1039 precium
685 992 861 1028 solutum
895 993 1116 1039 sufficerem
1150 995 1285 1042 passio
1319 996 1447 1033 eciam
1474 997 1614 1033 fundat

303 1049 681 1086 reconciliacionem
723 1049 1047 1100 quociescunque
1092 1053 1334 1090 christianus
1374 1055 1613 1103 peccaverit,

303 1107 334 1144 si
372 1107 543 1144 voluerit
582 1116 885 1156 perseveranter
930 1109 1062 1146 redire
1102 1112 1151 1146 ad
1198 1111 1469 1160 penitenciam
1510 1113 1614 1149 fruc-

251 1169 482 1211 15tuosam3
524 1178 596 1202 nec
629 1165 722 1202 licet
762 1167 808 1202 de
842 1166 928 1203 istis
962 1167 1158 1215 diffidere,
1193 1169 1285 1218 quia
1320 1171 1517 1208 Dominus
1552 1171 1614 1208 cui

304 1225 495 1260 debemus
537 1223 803 1270 reconciliari,
850 1225 998 1262 taxavit
1038 1236 1249 1274 peccatum
1290 1237 1327 1265 et
1367 1229 1519 1277 aptavit
1559 1229 1614 1266 sic

303 1281 641 1319 satisfaccionem.
676 1282 830 1328 Quibus
854 1292 988 1320 autem
1014 1286 1156 1321 desunt
1180 1286 1255 1323 ista
1278 1286 1461 1335 insignia,
1492 1297 1615 1324 restat

304 1340 434 1376 luctus
473 1349 712 1388 perpetuus;
754 1341 844 1378 ideo
889 1342 1021 1379 devoti
1061 1343 1269 1381 christiani
1304 1345 1422 1381 hodie
1462 1346 1614 1394 specia-

303 1397 393 1434 liter
416 1399 637 1446 gaudenter
670 1400 842 1435 subeunt
865 1400 1134 1448 penitenciam
1172 1411 1208 1438 et
1232 1404 1404 1439 reddunt
1428 1405 1612 1441 devotam

247 1469 288 1490 20
303 1455 536 1493 oracionem
581 1465 617 1493 et
657 1466 796 1493 cavent
830 1459 878 1494 de
918 1467 1085 1506 peccato
1125 1473 1198 1508 pro
1238 1474 1317 1509 quo
1357 1463 1614 1499 solummodo

304 1517 409 1550 Deus
454 1514 684 1560 offenditur,
732 1515 825 1564 quia
870 1516 987 1552 aliter
1032 1518 1183 1566 duplici
1230 1519 1479 1557 contricione
1524 1529 1615 1557 sunt

304 1572 550 1619 conterendi,
604 1572 756 1610 scilicet
801 1575 848 1610 de
893 1574 1042 1623 triplici
1096 1577 1201 1613 malo
1247 1578 1440 1625 preterito
1486 1588 1522 1615 et
1568 1580 1615 1614 dc

305 1631 517 1679 multiplici
554 1632 660 1667 malo
694 1632 841 1668 futuro.

361 1691 409 1724 Et
454 1688 613 1725 interim
668 1690 798 1726 solum
845 1700 969 1727 restat
1016 1701 1188 1740 punctus
1242 1694 1435 1730 mundani
1480 1695 1614 1742 gaudii

247 1746 406 1783 25inter
450 1747 531 1793 illa,
577 1747 633 1783 sic
672 1749 780 1796 quod
820 1749 1015 1796 prescitus
1055 1752 1172 1787 debet
1218 1751 1370 1788 conteri
1416 1753 1463 1789 de
1504 1753 1613 1789 omni

304 1804 552 1841 contricione
569 1818 646 1854 qua
666 1806 962 1854 predestinatus
978 1808 1212 1854 conteritur,
1238 1819 1274 1846 et
1298 1811 1474 1847 secundo
1499 1813 1615 1848 debet

304 1863 457 1899 conteri
491 1864 538 1899 de
571 1863 681 1900 omni
722 1864 873 1901 solacio
913 1867 960 1902 de
1000 1880 1079 1915 quo
1120 1868 1415 1915 predestinatus
1454 1870 1614 1914 letatur,

303 1933 393 1957 cum
442 1921 607 1969 propria
652 1922 827 1959 stulticia
877 1924 994 1960 vertit
1042 1934 1169 1961 totam
1222 1926 1433 1962 materiam
1480 1928 1614 1975 gaudii

304 1979 432 2015 fidelis
477 1978 517 2014 in
562 1980 730 2026 luctum,
785 1989 822 2017 et
867 1982 922 2018 sic
973 1981 1143 2031 intelligi
1189 1992 1322 2032 potest
1365 1984 1465 2021 illud
1510 1988 1615 2022 Jere-

246 2049 288 2072 no
304 2036 381 2073 mie
415 2038 554 2082 XV110,
596 2038 663 2074 18:
697 2039 857 2088 Duplici
888 2040 1120 2077 contricione
1152 2049 1306 2078 contere
1338 2055 1410 2079 eos.

361 2096 438 2131 Sed
472 2097 650 2132 secundo
676 2097 857 2144 queritur
890 2100 1097 2146 quomodo
1122 2099 1239 2147 digne
1273 2101 1497 2137 recolemus
1530 2102 1614 2138 obi-

303 2161 385 2188 tum
414 2152 485 2189 Dei
519 2153 662 2199 nostri,
698 2167 788 2191 cum
824 2155 910 2204 ipse
931 2169 1013 2192 non
1048 2166 1134 2205 eget
1157 2167 1296 2194 nostro
1330 2159 1512 2205 servicio,
1547 2162 1614 2197 sed

304 2220 439 2247 manet
474 2211 512 2246 in
546 2212 694 2259 gaudio
718 2223 1000 2251 consummato
1034 2224 1071 2251 et
1104 2224 1189 2252 tota
1222 2229 1293 2253 sua
1317 2217 1471 2264 penalis
1504 2231 1615 2266 pere-

303 2268 484 2316 grinacio
520 2280 801 2307 consummata
835 2281 892 2308 est
926 2271 1032 2309 iuxta
1057 2274 1206 2310 thema.
1242 2276 1319 2311 Sed
1353 2275 1445 2311 hinc
1470 2276 1616 2313 dicitur

246 2327 285 2360 35
304 2328 412 2374 quod
451 2327 615 2364 racione
655 2328 714 2364 sui
753 2330 834 2366 veri
874 2339 911 2366 et
958 2331 1111 2380 proprii
1159 2332 1329 2369 dominii
1372 2346 1510 2370 verum
1559 2344 1616 2371 est

304 2386 412 2432 quod
452 2385 536 2433 ipse
576 2399 657 2422 non
697 2396 785 2434 eget
832 2397 970 2425 nostro
1004 2389 1186 2437 servicio,
1231 2392 1298 2426 sed
1338 2404 1411 2427 nos
1451 2402 1615 2429 econtra

304 2454 466 2490 egemus
505 2452 547 2479 ut
587 2444 807 2481 serviamus
848 2445 925 2482 sibi
965 2460 1039 2495 pro
1079 2448 1266 2485 habendo
1306 2462 1378 2485 suo
1419 2450 1613 2489 dominio.

303 2502 478 2536 Econtra
512 2510 645 2538 autem
681 2512 738 2539 est
772 2504 819 2539 de
853 2504 1027 2541 dominis
1060 2506 1364 2554 temporalibus.

371 2641 396 2660 2.
412 2635 456 2661 A:
473 2638 514 2661 ex!
528 2635 622 2663 deest.
695 2635 720 2663 3.
737 2636 780 2664 G:
800 2638 923 2665 Christo
939 2638 1040 2673 deest;
1062 2639 1101 2667 ib.
1119 2640 1163 2667 G:
1179 2641 1334 2674 exercitus·
1356 2641 1396 2668 ib.
1412 2641 1455 2669 D:
1470 2643 1614 2669 maximo.

301 2677 331 2701 4.
357 2668 433 2696 AG:
461 2669 498 2697 Si
520 2678 614 2706 ergo:
642 2669 683 2697 D:
711 2671 823 2705 iqz'tu7·,-
848 2673 888 2700 ib.
914 2673 1021 2700 AGH:
1048 2674 1098 2701 die
1124 2675 1218 2702 deest.
1350 2677 1377 2703 6.
1405 2676 1448 2703 D:
1475 2677 1613 2704 irritata.

301 2704 328 2730 8.
356 2703 460 2731 DGH:
489 2705 582 2739 qui‹1‚·
613 2705 652 2732 ib.
681 2705 723 2733 Η;
751 2709 813 2733 tam
840 2707 926 2735 deest
953 2708 1054 2736 before
1081 2712 1218 2744 gratum.
1328 2719 1368 2738 10.
1396 2711 1438 2738 D:
1467 2715 1495 2738 et
1521 2712 1614 2739 deest.

303 2746 341 2765 12.
369 2739 412 2765 A:
437 2739 543 2774 passio
571 2740 664 2766 deest.
774 2741 811 2769 13.
839 2743 883 2770 A:
911 2744 1205 2772 reconsilzticionem.
1316 2745 1350 2773 15.
1379 2745 1422 2772 H:
1450 2745 1530 2773 Dens
1556 2747 1614 2774 cui.

303 2773 343 2799 16.
365 2772 439 2799 DG:
459 2774 503 2800 sic
523 2774 616 2801 deest.
691 2783 728 2808 17.
744 2777 788 2803 A:
807 2777 929 2804 desinit.
1003 2785 1048 2805 20.
1070 2780 1114 2806 A:
1134 2780 1222 2808 solo.-
1240 2781 1331 2807 modo
1352 2780 1448 2807 deest.
1470 2781 1512 2807 H:
1535 2781 1617 2808 Deus

300 2808 471 2835 solomodo.
540 2816 575 2841 21
603 2808 645 2836 H:
660 2811 756 2837 solum
771 2811 865 2838 deest.
940 2812 982 2839 25.
1000 2814 1042 2840 Ηε
1058 2814 1128 2840 ism.
1197 2815 1241 2841 28.
1257 2816 1300 2843 A:
1317 2819 1427 2842 comm
1442 2816 1615 2844 nmleriain.

302 2841 347 2869 30.
369 2842 444 2870 DG:
470 2851 523 2869 eos
543 2843 681 2871 Domine.
772 2844 809 2872 31.
833 2846 857 2873 l)
879 2846 907 2873 in
931 2855 1017 2882 marg
1040 2858 1045 2874 z
1076 2849 1212 2883 Ques-lio.
1303 2849 1349 2883 34.
1372 2850 1414 2876 D:
1441 2854 1485 2876 <ul
1511 2851 1614 2883 twice;

303 2877 342 2903 lb.
366 2876 437 2904 DG:
458 2877 522 2905 Sed
540 2878 634 2905 deest.
707 2878 737 2907 35
770 2882 814 2907 A:
834 2881 961 2909 domini.

1415 2935 1484 2963 22²⁴>

1668 709 1728 737 We
1749 712 1858 739 should

1684 745 1794 777 rcioice
1814 747 1843 773 in

1699 781 1834 808 Christ's

1646 816 1806 850 goodness
1825 816 1883 843 and

1634 851 1663 877 in
1686 851 1733 877 his
1753 852 1903 886 complete

1637 885 1826 913 satis-tactim]
1848 886 1896 912 for

1739 929 1795 947 sm.

1639 2107 1716 2134 How
1739 2116 1784 2134 we
1804 2116 1854 2135 are
1875 2113 1905 2134 to

1660 2151 1745 2170 serve
1767 2142 1880 2170 Christ.
