2062 3276
217 267 269 311 84
802 274 1025 306 „IOHANNIS
1044 274 1228 306 WYCLIF
1249 274 1503 306 SERMONUM
1607 260 1759 318 [SERMO
1782 271 1817 299 X-

506 393 551 416 eo
585 382 693 428 quod
718 382 821 415 Deus
855 394 934 416 non
967 390 1096 428 potest
1129 380 1309 416 frustrari
1342 393 1363 416 a
1396 393 1467 416 suo
1500 380 1718 428 proposito,
1752 381 1818 416 sed

505 437 595 473 finis
628 447 793 486 propter
815 451 932 486 quem
960 441 1063 474 Deus
1096 438 1327 474 intendebat
1362 439 1434 473 hoc
1468 438 1595 474 facere
1629 437 1701 474 fuit
1734 437 1819 483 iste,

503 508 597 543 ergo
629 495 807 543 oportuit
831 496 1054 533 necessario
1088 496 1206 532 finem
1242 495 1365 543 sequi.
1400 497 1447 531 Et
1471 497 1541 532 hec
1565 495 1672 532 racio
1696 508 1819 543 quare

502 553 761 601 predestinati
796 554 938 601 quibus
973 554 1014 589 fit
1048 553 1243 590 revelacio
1276 553 1377 589 sicut
1406 553 1565 589 fuerunt
1598 553 1660 589 isti
1692 556 1819 590 Evan-

502 612 640 658 gelista
681 621 717 647 et
752 613 896 647 Paulus
930 612 1176 647 confidentes
1214 611 1254 647 in
1288 611 1358 647 Dei
1397 611 1562 647 veritate
1595 611 1852 647 necessario5

502 669 558 706 sic
591 671 775 716 agebant.

561 728 674 763 Unde
707 726 889 774 sequitur
921 727 959 762 in
993 736 1099 764 textu
1134 726 1347 774 evangelii:
1388 727 1464 771 Qui
1500 727 1622 763 credit
1661 727 1696 762 in
1734 739 1817 763 eum

503 798 573 821 non
613 785 821 827 iudicatur,
862 786 925 833 qui
966 794 1091 821 autem
1133 798 1204 820 non
1244 785 1369 822 credit
1408 786 1482 820 iam
1522 785 1712 820 iudicatus
1750 793 1819 829 est,

503 844 589 891 quia
631 855 701 878 non
742 844 863 878 credit
896 843 931 878 in
965 844 1115 879 nomine
1147 843 1334 892 unigeniti
1352 843 1434 892 filii
1465 843 1558 883 Dei,-
1600 842 1665 878 ubi
1711 851 1821 890 patet

501 901 587 936 luce
638 900 782 936 clarius
832 902 938 948 quod
991 901 1220 949 quicunque
1272 900 1483 937 crediderit
1532 900 1571 936 in
1617 900 1817 936 Christum
1841 915 1879 936 ιο

502 958 667 994 caritate
701 971 778 1006 que
817 972 896 994 non
939 959 1081 995 excidit
1115 972 1187 1006 pro
1221 959 1329 994 nullo
1362 967 1543 1006 tempore
1576 959 1625 994 ad
1659 970 1817 994 sensum

502 1016 722 1064 expositum
764 1016 975 1053 iudicatur.
1021 1019 1068 1053 Et
1100 1026 1209 1064 patet
1243 1029 1285 1052 ex
1325 1018 1462 1052 eodem
1499 1017 1604 1064 quod
1639 1016 1705 1064 qui
1740 1029 1818 1052 non

501 1074 555 1110 sic
600 1074 638 1110 in
673 1075 874 1110 Christum
915 1075 1126 1111 crediderit
1166 1076 1214 1110 ad
1261 1087 1403 1122 penam
1445 1083 1679 1122 perpetuam
1721 1083 1820 1110 eter-

502 1132 644 1168 naliter
684 1131 897 1173 iudicatur,
938 1142 974 1168 et
1014 1146 1084 1180 per
1122 1144 1370 1180 consequens
1403 1132 1481 1168 iam
1516 1132 1714 1168 iudicatus
1748 1141 1818 1177 est,

502 1190 595 1237 quia
629 1190 761 1226 deficit
794 1189 866 1226 sibi
901 1190 997 1226 fides
1028 1203 1104 1238 que
1138 1190 1302 1226 caritate
1336 1199 1529 1237 perpetua
1563 1190 1817 1226 formaretur.
1841 1194 1878 1226 15

270 1253 434 1293 Jiidgmeut
561 1250 607 1284 Et
641 1248 820 1295 sequitur
853 1248 891 1283 in
925 1257 1050 1284 textu:
1085 1249 1171 1283 Hoc
1203 1255 1258 1284 est
1290 1248 1470 1284 indicium
1505 1248 1590 1296 quia
1625 1248 1696 1283 lux
1720 1248 1819 1283 venit

222 1289 475 1351 cffigff¹fffit¹¹1³u¹e¹1¹f
502 1306 537 1341 in
577 1307 759 1341 mundum
800 1313 833 1342 et
875 1306 1095 1342 dilexerunt
1138 1306 1307 1341 homines
1341 1306 1468 1355 magis
1500 1306 1676 1341 tenebras
1708 1317 1820 1354 quam

219 1358 477 1420 diffcilgstiffimrggd
503 1364 638 1407 lucem,
672 1363 737 1398 ubi
760 1363 917 1399 videtur
945 1363 1192 1411 evangelium
1224 1363 1416 1399 iudicium
1442 1376 1583 1411 parum
1609 1364 1819 1399 extendere

288 1414 415 1455 osekv'is
501 1423 549 1457 ad
589 1421 795 1457 veritatem
829 1434 901 1469 pro
936 1435 1014 1469 qua
1048 1424 1152 1457 Deus
1186 1421 1414 1457 eternaliter
1446 1421 1647 1461 iudicavit,
1682 1430 1718 1457 et
1750 1434 1819 1469 po-

500 1488 649 1515 nuntur
682 1480 861 1526 exempla
890 1488 971 1515 tam
1005 1479 1044 1515 in
1078 1481 1182 1515 bono
1213 1492 1331 1527 quam
1367 1479 1406 1514 in
1441 1480 1560 1515 malo.
1595 1481 1696 1515 Nam
1724 1491 1812 1514 cum
1837 1494 1878 1514 20

500 1537 606 1573 venit
630 1537 837 1585 plenitudo
861 1537 1066 1585 temporis,
1100 1538 1163 1573 lux
1187 1537 1294 1573 verbi
1320 1536 1390 1572 Dei
1414 1536 1520 1572 venit
1550 1537 1589 1572 in
1623 1538 1816 1572 mundum

503 1595 911 1642 perincarnacionem
937 1608 1097 1631 omnem
1124 1594 1327 1630 hominem
1353 1594 1583 1631 illuminans
1599 1595 1816 1642 aliquante.

502 1653 667 1689 Materia
719 1662 850 1689 autem
904 1654 1162 1700 dampnanda
1206 1652 1341 1688 iudicii
1387 1662 1463 1688 stat
1506 1652 1545 1688 in
1590 1652 1666 1688 isto
1711 1653 1817 1700 quod

502 1711 722 1746 dilexerunt
757 1711 936 1746 homines
977 1711 1101 1758 magis
1135 1712 1317 1746 tenebras
1351 1711 1471 1758 quam
1504 1710 1647 1746 lucem.
1693 1712 1819 1746 Nemo

503 1768 608 1804 enim
643 1769 930 1816 dampnabitur
963 1768 1036 1804 nisi
1067 1770 1215 1805 malum
1252 1769 1365 1815 culpe
1405 1769 1491 1816 plus
1526 1768 1663 1816 diligat
1697 1781 1816 1815 quam
1837 1773 1876 1804 25

503 1828 652 1862 bonum
698 1826 866 1866 iusticie,
912 1826 1006 1874 quia
1049 1826 1123 1862 nisi
1169 1826 1340 1862 finaliter
1390 1835 1599 1873 peccatum
1644 1826 1817 1873 preferat

504 1893 594 1920 ante
621 1886 743 1920 Deum
780 1884 846 1932 qui
881 1894 937 1920 est
971 1886 1119 1920 bonum
1154 1883 1371 1923 infinitum,
1406 1897 1485 1919 non
1519 1883 1817 1931 dampnabitur.

505 1943 595 1978 Ideo
640 1942 899 1990 intelligendo
938 1955 1008 1989 per
1046 1942 1227 1978 homines
1268 1943 1492 1978 mundanos
1533 1951 1670 1989 captos
1710 1941 1818 1977 finali

503 1999 714 2047 philargia,
760 2009 869 2048 patet
907 2001 1071 2036 verbum
1118 2000 1310 2047 evangelii
1356 2001 1560 2048 quomodo
1599 1999 1820 2035 dilexerunt

505 2057 687 2093 homines
728 2057 854 2105 magis
895 2060 1079 2094 tenebras
1118 2071 1238 2105 quam
1274 2058 1416 2097 lucem,
1451 2071 1531 2093 non
1564 2058 1691 2093 solum
1727 2056 1820 2104 quia
1838 2073 1878 2092 ,πο

505 2115 724 2151 dilexerunt
769 2124 926 2151 terrena
971 2128 1047 2163 que
1092 2125 1182 2151 sunt
1226 2116 1275 2151 ad
1319 2128 1479 2151 omnem
1524 2124 1718 2162 punctum
1759 2114 1819 2150 sui

505 2172 742 2209 intrinsecus
780 2175 991 2209 tenebrosa
1032 2173 1156 2220 magis
1195 2185 1315 2220 quam
1357 2172 1515 2209 celestia
1548 2185 1624 2220 que
1657 2181 1748 2208 sunt
1781 2172 1820 2207 in

505 2230 832 2267 consideracione
855 2232 915 2266 vel
948 2230 1162 2266 affeccione
1196 2230 1322 2278 magis
1356 2240 1522 2276 remota,
1557 2230 1646 2266 licet
1680 2229 1757 2266 sint
1781 2229 1820 2265 in

507 2287 565 2323 sui
601 2298 742 2324 natura
777 2288 909 2324 lucida
941 2297 1060 2336 atque
1094 2289 1213 2324 clara.

566 2348 678 2382 Unde
711 2345 806 2394 quia
841 2346 1021 2382 homines
1051 2346 1271 2382 dilexerunt
1294 2345 1503 2382 virtutibus
1537 2346 1624 2393 plus
1657 2349 1879 2393 peecata35

507 2413 543 2439 et
583 2405 705 2451 (quod
752 2413 808 2440 est
847 2416 1001 2440 summe
1040 2403 1310 2451 dampnabile)
1346 2403 1547 2439 terrestria
1580 2404 1667 2450 plus
1701 2416 1820 2451 quam

510 2463 649 2503 Deum,
684 2461 722 2497 in
758 2463 831 2498 hoc
865 2474 998 2498 errore
1031 2461 1165 2497 iudicii
1200 2470 1276 2497 stat
1300 2461 1541 2509 dampnacio
1564 2460 1820 2508 sempiterna.

508 2519 634 2555 Erant
680 2520 776 2555 enim
822 2532 939 2569 opera
984 2532 1116 2556 eorum
1161 2520 1285 2564 mala,·
1322 2520 1443 2555 omnis
1481 2519 1577 2555 enim
1617 2519 1680 2567 qui
1724 2518 1823 2554 male

508 2577 591 2627 agit
624 2578 702 2613 odit
736 2578 855 2613 lucem
889 2585 923 2613 et
947 2590 1018 2613 non
1043 2578 1142 2613 venit
1173 2578 1224 2613 ad
1256 2578 1390 2621 lucem,
1424 2585 1462 2612 ut
1495 2589 1566 2612 non
1600 2584 1823 2626 arguantur

580 2731 609 2755 4.
626 2722 653 2749 1:
675 2723 740 2750 iste.
797 2731 822 2757 7.
838 2723 865 2750 I:
887 2730 946 2750 non
962 2723 1063 2750 credit
1076 2723 1105 2750 in
1120 2731 1196 2750 eum.
1255 2730 1291 2750 12.
1310 2723 1354 2749 A:
1371 2722 1454 2757 quod
1467 2722 1559 2750 deest.
1617 2721 1653 2749 13.
1669 2723 1695 2750 1:
1712 2721 1821 2749 credit.

512 2765 550 2792 17.
571 2757 599 2784 I:
629 2757 813 2784 dilexerant.
912 2766 955 2793 27.
978 2764 1063 2791 anle;
1092 2758 1119 2785 I:
1146 2757 1326 2792 aliquando.
1425 2757 1469 2784 28.
1492 2757 1559 2784 DE:
1586 2757 1684 2784 malos
1704 2759 1820 2791 captos.

511 2792 555 2824 32,
578 2791 620 2819 33.
641 2793 685 2819 A:
709 2792 738 2818 in
760 2792 1017 2820 consideracione
1036 2809 1066 2812 —
1088 2793 1150 2819 sint
1169 2793 1263 2818 deest.
1337 2791 1377 2819 1³5.
1400 2794 1445 2819 A:
1474 2792 1578 2819 l'erum
1599 2792 1683 2826 quia.

583 2897 613 2931 7.
638 2886 715 2919 Joh.
742 2886 794 2928 Ill,
820 2886 867 2919 18.
969 2886 1018 2919 16.
1045 2887 1088 2920 ib.
1112 2897 1161 2932 ¹9·
1259 2886 1310 2920 38.
1337 2887 1381 2919 ib.
1405 2897 1454 2931 19>
1483 2897 1534 2928 20,
1563 2896 1616 2919 21.
