2062 3276
230 906 268 928 10

229 1187 264 1219 15

196 1930 269 1961 Fol.

213 1979 270 1999 ,7—a

214 2003 247 2019 “l

283 264 419 295 samio
441 254 519 312 xp]
759 267 951 307 QUARTA
979 267 1105 298 PARS.

342 376 433 411 Ideo
473 387 684 411 caveamus
724 373 867 410 ultimo
901 375 949 410 de
981 373 1070 421 gule
1104 372 1184 409 filia
1218 385 1295 420 que
1328 381 1385 408 est
1425 372 1592 409 luxuria.

1804 257 1880 305 337

284 433 456 469 Gulosus
489 445 664 481 namque
697 444 790 480 sepe
822 439 983 479 spumat
1016 430 1055 466 in
1084 429 1291 466 libidinem
1326 438 1362 466 et
1394 429 1594 466 virtuosus
1616 436 1783 473 Lastlywc
1805 443 1884 465 must

284 489 441 526 animus
486 489 760 538 corrumpitur
808 489 915 537 apud
960 491 1103 534 Deum,
1149 496 1186 524 et
1231 500 1300 536 per
1345 500 1593 536 consequens

284 547 386 584 fetor
419 548 595 585 bestialis
629 547 799 584 materia
838 555 950 583 ortus
989 546 1172 594 disrupta
1216 545 1432 582 inducitur.
1479 547 1593 582 Unde

283 605 417 654 fugam
451 606 556 642 illius
588 605 679 642 vicii
703 606 820 641 docet
843 604 1025 642 Christus
1047 605 1134 640 Joh.
1159 604 1280 650 X1X0,
1316 602 1593 651 incorruptam

282 664 476 712 virginem
509 663 654 711 virgini
689 663 1027 699 commendando.
1063 662 1345 698 Recoleremus
1379 669 1512 698 autem
1547 662 1594 697 de

285 722 458 770 septima
509 721 748 758 condicione
793 729 984 769 sequente
1029 732 1174 768 corpus
1220 728 1440 765 mortuum,
1487 720 1595 768 quod

283 779 420 816 statim
462 779 651 816 deficiens
691 792 713 815 a
744 778 889 815 virtute
923 778 1090 827 regitiva
1129 777 1170 814 in
1203 776 1515 826 corrupcionem
1557 785 1594 813 et

284 837 452 875 fetorem
495 837 736 883 dissolvitur,
777 836 833 873 sic
866 838 975 885 quod
1015 844 1208 884 corrupto
1241 836 1354 872 freno
1394 834 1594 883 pudicicie

284 895 443 932 deficiet
475 895 642 944 regitiva
666 894 888 943 prudencia
921 895 971 931 ad
994 897 1122 931 Deum
1147 902 1185 930 et
1208 893 1437 942 proximum
1461 893 1595 930 debite

283 953 530 1001 diligendum
571 962 609 990 et
650 965 786 990 coram
821 961 991 1001 utraque
1032 951 1200 989 ecclesia
1244 960 1434 988 causatur
1477 951 1592 988 fetor.

284 1013 399 1048 Unde
448 1023 610 1048 necesse
656 1010 730 1047 erit
780 1010 972 1058 suffragio
1018 1009 1218 1058 spirituali
1264 1009 1446 1054 destitui;
1499 1022 1592 1045 narn

283 1071 412 1106 bonus
446 1070 611 1118 angelus
645 1068 745 1117 fugit
778 1069 946 1105 fetorem
986 1068 1125 1105 videns
1159 1069 1267 1117 quod
1301 1067 1494 1104 celibatus
1528 1067 1594 1115 qui

283 1136 510 1165 servaretur
544 1140 634 1164 cum
670 1126 801 1175 capite
834 1135 872 1163 et
895 1139 1045 1175 sponso
1078 1126 1209 1163 tocius
1244 1125 1409 1162 ecclesie
1433 1124 1595 1161 Christo

283 1185 538 1234 dirumpitur.
583 1185 724 1233 Angeli
757 1184 893 1233 itaque
926 1193 1130 1221 servantes
1163 1192 1400 1232 perpetuam
1436 1183 1596 1231 virgini-

281 1253 404 1281 tatem
445 1243 546 1280 sicut
586 1252 622 1280 et
656 1243 838 1280 Christus
877 1255 923 1279 ac
957 1242 1131 1279 cariores
1165 1242 1248 1278 eius
1283 1241 1402 1278 amici
1441 1241 1596 1289 fugiunt

281 1310 318 1338 et
362 1301 503 1338 odiunt
548 1302 649 1338 hanc
692 1301 856 1338 fetidam
902 1301 1189 1349 corruptelam.
1234 1299 1457 1348 Diligamus
1502 1311 1595 1347 ergo

280 1373 470 1408 sponsum
505 1359 670 1396 ecclesie
703 1359 767 1395 cui
799 1372 937 1395 sumus
960 1368 1071 1396 casto
1095 1371 1234 1395 amore
1267 1359 1338 1394 sub
1361 1357 1470 1406 gravi
1494 1370 1595 1405 pena

279 1418 372 1455 forti
416 1418 574 1454 vinculo
612 1417 778 1454 affidati.
824 1418 962 1454 Solum
1013 1417 1116 1453 enim
1157 1416 1327 1464 virgines
1366 1415 1594 1464 spirituales

282 1489 358 1525 que
392 1485 482 1512 sunt
517 1477 697 1512 membra
729 1475 894 1523 virginis
928 1484 965 1511 et
999 1475 1138 1511 matris
1179 1474 1345 1511 ecclesie
1383 1481 1596 1522 sequuntur

281 1547 426 1585 agnum
474 1533 513 1570 in
564 1533 695 1581 patria
739 1545 961 1582 quocunque
1012 1533 1111 1570 ierit.
1172 1533 1412 1569 Recolamus
1472 1531 1594 1579 igitur

283 1591 557 1640 septemplicis
596 1591 704 1629 verbi
747 1591 895 1628 Christi
936 1600 973 1627 et
1017 1590 1289 1639 septemplicis
1330 1589 1485 1638 peccati
1525 1602 1595 1637 per

283 1651 414 1699 ipsum
448 1649 571 1697 fugati
605 1651 797 1686 addentes
832 1649 1027 1686 memorie
1051 1649 1356 1697 septemplicem
1392 1648 1596 1684 condicio-

284 1721 374 1745 nem
409 1708 590 1756 corporis
625 1708 787 1753 mortui,
821 1720 911 1744 cum
944 1707 1067 1744 nichil
1091 1708 1179 1756 plus
1211 1708 1315 1744 valet
1348 1708 1395 1742 ad
1429 1708 1596 1742 doman-

228 1793 243 1798 -
285 1769 378 1803 dum
415 1766 546 1803 carnis
580 1766 777 1802 desideria
802 1779 922 1814 quam
957 1778 1126 1814 pensare
1150 1765 1280 1814 qualis
1315 1764 1388 1801 erit
1421 1773 1594 1801 mortua.

286 1826 399 1861 Unde
437 1824 595 1861 videtur
635 1824 757 1860 michi
797 1837 881 1860 esse
926 1824 1083 1872 signum
1124 1825 1230 1872 quod
1266 1822 1448 1859 Christus
1487 1831 1596 1859 amat

287 1883 524 1919 militantem
561 1882 772 1919 ecclesiam
798 1894 841 1918 ex
875 1884 950 1919 hoc
974 1884 1082 1931 quod
1106 1881 1281 1918 ostendit
1305 1881 1378 1917 sibi
1414 1880 1596 1928 exempla

286 1941 532 1989 pestilencie,
579 1941 778 1977 bellorum
820 1937 824 1991 Ι
867 1950 903 1977 et
948 1940 1189 1977 variacionis
1235 1938 1433 1976 instabilis
1482 1938 1598 1974 huius

287 1999 437 2037 mundi.
471 2001 524 2034 Ex
559 1999 634 2035 hoc
668 1999 772 2034 enim
807 1999 1038 2047 castigatur,
1074 1999 1241 2035 docetur
1275 2007 1311 2034 et
1335 1996 1598 2033 necessitatur

286 2059 479 2093 mundum
516 2058 698 2093 deserere
732 2066 768 2092 et
792 2059 875 2093 Deo
909 2070 981 2093 suo
1016 2065 1223 2105 tamquam
1250 2054 1451 2091 infallibili
1485 2054 1597 2091 adiu-

285 2116 363 2152 tori
397 2116 618 2151 intendere.
664 2117 712 2150 Et
745 2127 815 2162 per
847 2114 965 2152 istam
1004 2114 1108 2151 viam
1143 2113 1327 2162 proderit
1367 2112 1484 2149 nobis
1519 2125 1598 2149 me—

285 2173 414 2210 moria
448 2172 590 2209 mortis
626 2172 774 2208 Christi
814 2173 853 2208 in
892 2173 1012 2209 vitam
1056 2181 1251 2218 eternam,
1286 2184 1365 2219 quo
1399 2184 1471 2207 nos
1510 2183 1598 2218 per-

285 2233 405 2268 ducat
438 2231 505 2279 qui
541 2231 669 2267 crucis
703 2231 885 2279 patibulo
920 2244 1058 2279 passus
1094 2239 1151 2267 est
1186 2230 1271 2266 dira
1306 2243 1380 2277 pro
1414 2231 1599 2276 redemp-

284 2290 398 2326 cione
431 2298 580 2328 nostra.
612 2291 753 2325 Amen.

353 2445 377 2473 3.
399 2446 424 2473 D
445 2446 475 2473 in
498 2454 609 2480 marg:
639 2446 756 2473 Conlra
777 2446 942 2472 luxmv‘am.
1015 2453 1043 2478 4.
1066 2446 1109 2472 Α;
1131 2445 1315 2480 disrupultz:
1340 2445 1380 2471 ib.
1402 2444 1504 2471 ADG:
1527 2444 1597 2470 orti.

284 2481 306 2508 5.
324 2480 366 2508 G:
392 2480 532 2508 Christus·
552 2481 659 2509 docel:
679 2481 719 2507 ib.
736 2480 778 2507 H:
799 2480 869 2507 Jolz.
886 2479 971 2512 XIV,-
990 2479 1029 2506 ib.
1047 2480 1070 2506 l)
1087 2480 1115 2506 in
1133 2488 1248 2514 marg:
1269 2479 1393 2510 Mulier,
1410 2478 1599 2513 Eccefill‘um

282 2524 379 2543 suum.
453 2515 481 2543 ὁ.
504 2516 547 2542 (iz
573 2515 760 2543 Recolemus.
834 2514 861 2542 8.
882 2516 926 2542 A:
954 2522 972 2541 a
993 2515 1086 2541 deest.
1163 2522 1191 2549 ς).
1213 2515 1257 2541 A:
1284 2514 1462 2541 dissolvitur
1481 2513 1511 2540 1'11
1532 2521 1599 2540 cm·-

285 2554 395 2586 rupt0;
420 2550 462 2577 D:
489 2553 615 2577 terreno
638 2549 801 2585 pudicicie.
916 2557 950 2578 11.
978 2549 1020 2576 H:
1049 2553 1076 2576 et
1105 2549 1205 2582 decst;
1232 2549 1271 2576 ib.
1294 2549 1398 2576 ADG:
1427 2551 1598 2583 utramque.

286 2594 327 2617 14.
349 2586 392 2612 A:
417 2584 540 2612 Clzristzi
616 2593 654 2620 17.
676 2585 750 2612 DG:
772 2585 882 2620 igitur.
959 2584 998 2611 ιδ’.
1022 2584 1094 2611 ῠΗς
1116 2592 1181 2611 cum
1200 2592 1323 2615 sumus,-
1343 2583 1384 2610 G:
1407 2592 1472 2610 cunt
1491 2583 1594 2610 simus.

284 2627 325 2655 19.
342 2619 383 2646 H:
406 2618 593 2655 aff'ederal&
612 2620 651 2647 ib.
667 2620 772 2647 Solum
782 2629 792 2651 ,·
811 2620 855 2646 A:
877 2619 963 2649 Sal&
984 2619 1055 2645 DG:
1076 2620 1189 2654 splum:
1210 2619 1250 2645 ib.
1269 2618 1310 2645 G:
1333 2619 1434 2646 igitur
1448 2618 1597 2652 virgini-s.

285 2663 324 2681 ει.
358 2655 400 2681 A:
434 2654 645 2682 Recoleremux
798 2661 844 2688 29.
878 2654 920 2680 D:
955 2652 1001 2680 Ex
1033 2654 1101 2680 lmc.
1246 2653 1291 2680 30.
1326 2653 1400 2681 GH:
1435 2653 1591 2691 ineffabili

286 2688 324 2717 31.
347 2688 390 2716 G:
413 2690 549 2716 tendere.
640 2689 681 2716 32.
705 2689 779 2716 AH:
801 2697 860 2724 quo
887 2697 943 2716 nos
963 2704 995 2707 -
1016 2692 1124 2715 nostra
1146 2688 1240 2715 deest.

1661 472 1740 499 shun
1762 474 1832 500 lust.

1640 1421 1722 1458 Only
1741 1421 1859 1456 virgins

1653 1456 1757 1484 follow
1777 1458 1827 1484 the

1633 1491 1731 1519 Lamb
1753 1492 1868 1518 where-

1622 1535 1692 1553 ever
1713 1527 1749 1553 lic
1769 1527 1871 1561 goeth.

1621 1562 1721 1597 Apoc.
1744 1561 1824 1595 XIV,
1846 1571 1873 1594 4.

1655 1887 1723 1915 The
1745 1896 1797 1915 use
1817 1887 1852 1914 of

1631 1923 1795 1957 pestilencc
1816 1923 1873 1949 and

1712 1966 1784 1984 war.
