2062 3276
225 2127 292 2154 The
313 2135 380 2162 way
400 2126 435 2153 of
451 2128 501 2153 the

226 2161 307 2189 Lord
328 2161 354 2188 is
376 2161 450 2188 hard
472 2166 501 2188 at

227 2197 301 2229 first,
325 2196 377 2223 but
397 2204 500 2231 grows

226 2232 340 2263 easier;
362 2232 412 2258 the
433 2239 479 2257 wa

261 2266 295 2293 of
311 2265 360 2292 the
381 2265 458 2292 devii

238 2306 304 2335 gets
325 2300 436 2327 harder
457 2308 490 2327 as

280 2343 324 2362 we
345 2343 383 2369 go
403 2343 453 2362 on.

809 275 1033 307 *IOHANNIS
1050 275 1236 308 WYCLIF
1255 277 1511 310 SERMONUM
1587 264 1738 323 [SERMO
1759 275 1823 303 LV.

515 381 789 427 MattheiV10‚
821 395 885 418 ποι
919 383 1007 418 Fiat
1040 383 1216 419 voluntas
1249 391 1324 419 tua.
1362 385 1454 420 Ideo
1487 393 1646 432 oportet
1674 384 1826 421 discere

515 451 591 487 que
623 439 674 475 sit
704 440 888 476 voluntas
912 440 983 476 Dei
1017 442 1282 489 beneplacens
1316 450 1353 477 et
1385 442 1576 490 perfecta.
1609 445 1691 479 Nec
1722 443 1826 479 valet

515 509 650 534 amare
683 497 886 534 Christum
927 497 1096 535 dulciter
1135 507 1172 535 et
1210 500 1442 547 prudenter,
1482 500 1557 536 nisi
1595 508 1632 537 et
1671 509 1827 537 ametur

515 563 758 592 constanter.
787 558 886 592 Nam
912 558 1073 605 quando
1098 559 1236 594 Petrus
1259 557 1476 594 instructus
1501 567 1557 595 est
1580 557 1619 594 in
1642 558 1826 606 passione

515 625 555 650 se
583 613 744 650 Christo
776 613 1024 661 submittere,
1064 614 1119 650 sic
1151 616 1258 663 quod
1292 615 1477 663 promisit
1509 628 1549 652 se
1582 615 1712 664 ipsum
1747 620 1861 652 non5

514 683 660 719 negare
693 680 729 708 et
762 671 793 707 si
826 672 1049 720 oportuerit
1081 672 1211 720 ipsum
1237 673 1449 721 commori,
1473 674 1566 722 quia
1590 682 1724 710 tamen
1745 687 1825 710 non

515 738 572 765 est
617 729 781 765 indutus
824 730 983 774 virtute,
1029 742 1072 766 ex
1119 731 1201 767 alto
1245 731 1388 768 defecit
1422 733 1471 768 ad
1509 744 1647 768 vocem
1687 731 1829 768 ancille

515 786 716 832 hostiarie,
752 786 917 823 Matthei
950 789 1106 834 XXV10‚
1142 790 1208 836 69,
1253 791 1415 837 quando
1448 799 1579 826 autem
1616 792 1828 826 roboratus

515 854 571 881 est
595 857 638 880 ex
664 844 853 881 missione
876 845 1048 893 Spiritus
1071 846 1221 893 Sancti,
1252 846 1333 883 ibat
1365 849 1541 895 gaudens
1565 861 1586 884 a
1613 856 1829 896 conspectu

515 902 688 948 concilii,
735 903 929 951 quoniam
969 903 1111 951 dignus
1151 913 1208 940 est
1242 904 1400 941 habitus
1434 918 1506 953 pro
1545 906 1707 942 nomine
1739 908 1888 942 Jesu1o

515 960 660 997 Christi
706 960 993 998 contumeliam
1040 962 1136 1009 pati.
1190 964 1292 998 Nam
1336 964 1422 999 Act.
1459 965 1528 1010 V0,
1570 974 1620 1011 29
1661 963 1828 1000 dicitur:

520 1018 686 1055 Obedire
709 1020 836 1070 magis
857 1027 1009 1068 oportet
1023 1020 1107 1055 Deo
1128 1032 1240 1068 quam
1257 1020 1481 1057 hominibus.
1505 1022 1596 1058 Ideo
1611 1023 1828 1058 secundum

514 1077 791 1113 Bernhardum
825 1077 1050 1125 diligendus
1084 1086 1141 1113 est
1171 1080 1275 1114 Deus
1307 1090 1358 1114 ex
1389 1087 1466 1115 toto
1499 1080 1616 1115 corde
1648 1079 1830 1126 dulciter,

515 1147 564 1170 ex
601 1142 679 1171 tota
717 1135 844 1171 anima
883 1135 1099 1184 sapienter,
1140 1144 1176 1172 et
1215 1148 1258 1172 ex
1297 1145 1380 1173 tota
1415 1137 1556 1173 virtute
1587 1147 1828 1174 constanter.

515 1192 579 1228 Sic
624 1192 730 1229 enim
777 1194 896 1230 habet
948 1195 1068 1229 homo
1115 1193 1351 1242 dignitatem
1402 1207 1480 1243 qua
1525 1196 1748 1243 preeminet
1794 1203 1887 1235 et15

515 1250 690 1298 presidet
741 1251 895 1288 cunctis
948 1251 1034 1299 ipso
1084 1251 1340 1289 inferioribus
1391 1252 1432 1289 in
1486 1251 1667 1299 natura,
1712 1255 1830 1290 habet

515 1308 730 1345 scienciam
764 1322 842 1358 qua
873 1309 1004 1346 noscit
1036 1309 1145 1346 illam
1181 1309 1415 1358 dignitatem
1450 1323 1534 1347 esse
1566 1311 1605 1347 in
1628 1324 1668 1348 se
1691 1320 1728 1348 et
1750 1324 1832 1348 non

516 1379 558 1403 ex
592 1379 644 1411 se,
680 1375 717 1403 et
757 1368 876 1404 habet
914 1365 1101 1404 vir'tutem
1136 1381 1215 1416 qua
1255 1369 1409 1405 auctori
1448 1382 1519 1406 suo
1564 1370 1755 1406 adhereat
1793 1378 1830 1405 et

516 1434 747 1461 constanter
780 1424 971 1462 inhereat.
1015 1427 1190 1462 Moveret
1224 1435 1357 1463 autem
1392 1428 1443 1463 ad
1476 1428 1655 1464 laborem
1689 1427 1830 1463 iudicis

515 1483 642 1519 nostri
676 1495 765 1519 cum
790 1483 871 1520 suis
895 1483 1045 1520 civibus
1068 1485 1175 1520 nuda
1199 1485 1388 1531 attencio,
1412 1485 1587 1533 legitime
1611 1485 1831 1522 laborantis
1848 1502 1890 1523 20

516 1542 754 1577 habundans
769 1541 1003 1589 premiacio,
1029 1551 1065 1578 et
1083 1543 1303 1579 laborantis
1322 1543 1568 1580 delectabilis
1588 1543 1829 1580 consolaciO.

516 1600 634 1635 Sedet
651 1599 755 1635 enim
774 1600 967 1636 Dominus
984 1612 1074 1636 cum
1099 1600 1309 1636 celestibus
1333 1600 1538 1649 spiritibus
1554 1603 1830 1650 contemplans

516 1657 745 1693 laborantes
778 1657 818 1693 in
852 1658 1019 1694 ecclesia
1053 1657 1263 1704 militante,
1298 1658 1400 1695 sicut
1423 1659 1574 1696 domini
1599 1668 1636 1696 et
1659 1661 1831 1707 populus

515 1714 554 1750 in
577 1714 677 1751 locis
694 1715 782 1751 altis
799 1715 1197 1752 circumvallantibus
1221 1716 1394 1753 stadium
1420 1717 1618 1765 aspiciunt
1634 1726 1831 1754 certantes

515 1772 554 1808 in
578 1773 727 1809 bravio.
749 1773 846 1818 Quis
870 1786 964 1822 ergo
989 1776 1197 1810 attendens
1221 1775 1471 1822 presenciam
1496 1784 1577 1811 tam
1593 1775 1831 1812 venerabilis
1848 1781 1888 1813 25

515 1830 701 1867 comitive
748 1840 784 1867 et
829 1832 1021 1869 honorem
1066 1832 1232 1869 victorie
1277 1846 1357 1869 non
1406 1834 1518 1870 daret
1562 1845 1727 1881 operam
1781 1834 1830 1869 ad

515 1889 802 1937 pugnandum?
848 1889 1049 1926 Premium
1085 1903 1177 1927 vero
1216 1903 1296 1926 non
1337 1899 1394 1926 est
1433 1891 1695 1939 porciuncula
1726 1900 1830 1927 terre

515 1947 575 1983 vel
628 1946 807 1983 redditus
859 1948 1093 1996 temporalis
1144 1949 1212 1984 sed
1271 1957 1379 1985 terra
1429 1949 1653 1986 vivencium
1708 1961 1830 1998 quam

515 2004 770 2053 triumphans
815 2006 1056 2042 hereditabit
1102 2014 1312 2054 perpetuo,
1358 2006 1460 2043 sicut
1505 2009 1634 2044 honor
1679 2015 1736 2043 est
1774 2006 1831 2042 in-

517 2062 765 2099 enarrabilis.
1848 2071 1889 2103 30

575 2121 706 2157 Labor
737 2133 831 2157 vero
864 2130 901 2157 et
932 2121 995 2157 via
1029 2121 1191 2158 Domini
1225 2131 1280 2158 est
1314 2122 1476 2159 strictus
1509 2135 1554 2159 ac
1587 2122 1829 2167 fastidiosus,

516 2187 553 2215 et
586 2178 725 2214 stricta
757 2178 795 2214 in
830 2178 1027 2227 principio
1061 2181 1128 2221 sed
1162 2180 1364 2227 elargatur
1397 2190 1433 2216 et
1466 2180 1656 2216 dulcescit
1690 2180 1729 2216 in
1754 2180 1830 2216 fine

483 2235 715 2273 yintantum
755 2238 863 2285 quod
902 2249 1062 2273 necesse
1107 2246 1235 2273 totum
1278 2238 1457 2274 laborem
1508 2237 1643 2274 militis
1682 2238 1829 2274 diaboli

517 2306 600 2330 esse
624 2293 662 2329 in
685 2294 747 2331 via
781 2294 907 2342 magis
940 2294 1142 2331 difficilem
1168 2308 1288 2343 quam
1319 2304 1376 2332 est
1408 2305 1515 2332 totus
1548 2296 1662 2332 labor
1695 2295 1830 2332 militis

517 2351 663 2388 Christi
697 2351 823 2388 eciam
858 2352 897 2388 in
928 2352 1004 2399 via,
1039 2353 1133 2401 quia
1166 2352 1205 2388 in
1240 2353 1315 2390 fine
1338 2353 1430 2400 vite,
1464 2353 1531 2390 ubi
1555 2354 1668 2390 labor
1692 2353 1829 2389 militis
1846 2360 1885 2392 35

517 2409 663 2446 Christi
698 2418 756 2446 est
788 2410 916 2446 facilis
950 2423 995 2447 ac
1029 2410 1275 2448 delectabilis
1309 2424 1352 2447 ex
1385 2424 1522 2448 amore
1555 2421 1592 2448 et
1621 2424 1689 2460 spe
1712 2411 1829 2448 attin-

514 2467 632 2515 gendi
684 2468 917 2513 terminum,
980 2478 1143 2505 econtra
1200 2470 1314 2506 labor
1375 2469 1511 2506 militis
1570 2469 1719 2506 diaboli
1772 2478 1829 2505 est

516 2525 689 2562 difficilis
723 2539 769 2563 ac
802 2526 1005 2563 horribilis
1039 2539 1082 2563 ex
1115 2526 1316 2564 tirannide
1350 2527 1498 2564 diaboli
1532 2527 1829 2575 ingravescente

516 2592 553 2619 et
576 2585 742 2620 horrore
766 2596 866 2632 pene
883 2585 1082 2632 desperati
1107 2585 1355 2622 imminente.
1381 2585 1492 2622 Sicut
1518 2586 1622 2622 enim
1647 2585 1829 2622 naturale

587 2714 606 2732 1.
622 2706 666 2732 A:
687 2705 799 2733 dicere.
863 2714 888 2734 2.
905 2707 948 2733 D:
969 2707 1042 2740 quia
1062 2707 1111 2734 sit.
1175 2707 1210 2734 15.
1227 2708 1271 2734 A:
1288 2708 1450 2742 preminet.
1510 2716 1548 2742 17·
1563 2707 1606 2734 D:
1627 2708 1700 2742 quia
1720 2707 1827 2734 noscit.

518 2748 524 2767 1
553 2760 558 2765 .
581 2740 653 2767 DG:
675 2739 780 2767 Movet
797 2744 907 2768 autem.
982 2740 1024 2768 32.
1045 2742 1089 2768 A:
1112 2740 1222 2776 infine
1240 2743 1338 2770 twice.
1413 2741 1454 2770 35.
1470 2744 1514 2770 A:
1539 2741 1655 2770 Christi
1672 2758 1703 2761 v—
1723 2742 1830 2769 militis

539 2780 609 2801 eest‚
684 2773 729 2803 38.
749 2776 794 2802 A:
815 2776 1061 2813 ingravascente.

593 2856 642 2878 12.
669 2848 702 2878 S.
729 2848 904 2887 Bernardi,
932 2849 1042 2889 Super
1069 2848 1221 2888 Cantica,
1249 2849 1371 2879 Sermo
1396 2849 1466 2888 XX,
1494 2849 1544 2880 De
1570 2849 1693 2890 triplici
1722 2849 1827 2879 modo

518 2893 727 2933 dileccionis,
755 2904 823 2935 qua
850 2894 962 2925 Deum
990 2895 1178 2936 diligimus.
1205 2895 1309 2936 Opp.‚
1337 2905 1414 2937 pag.
1444 2895 1519 2937 547.
