2062 3276
240 896 426 933 Blaspltemy
448 898 482 925 of

247 932 376 967 prelatus
397 932 468 959 who

270 967 349 994 extol
371 967 449 994 their

238 1010 367 1037 persons
387 1002 483 1028 above

302 1036 415 1063 Christ.

242 1650 308 1678 The
330 1659 420 1686 peace
441 1651 476 1678 of

259 1686 308 1713 the
329 1686 453 1713 Cliurch

277 1721 379 1748 would
403 1721 437 1748 be

235 1756 419 1783 established
443 1756 480 1792 by

260 1790 354 1825 doing
374 1799 461 1826 away

266 1825 338 1852 with
361 1833 440 1851 new-

295 1860 416 1895 sangled

253 1895 460 1929 corruptions.

805 263 1029 296 JOHANNIS
1047 264 1232 296 WYCLIF
1252 265 1507 297 SERMONUM
1609 251 1760 309 [SERMO
1782 262 1819 289 V.

509 369 690 406 johanne
723 370 831 418 quod
863 370 927 418 qui
957 377 1069 406 natus
1101 378 1155 406 est
1188 382 1238 406 ex·
1269 371 1354 407 Deo
1387 384 1459 407 non
1488 379 1615 420 potest
1640 384 1819 421 peccare.

512 435 548 464 et
579 427 634 464 ita
667 429 715 464 de
738 427 880 464 ceteris
902 437 945 464 ut
969 428 1119 465 habens
1153 428 1444 465 revelacionem
1478 430 1586 477 quod
1619 430 1706 478 quis
1730 443 1820 478 pec-

511 494 572 522 cet
603 495 769 533 peccato
802 487 851 522 ad
885 494 1069 531 mortem,
1105 487 1179 522 hoc
1212 495 1283 532 est,
1317 495 1482 534 peccato
1515 486 1645 523 finalis
1668 487 1821 536 inpeni-

510 543 638 580 tencie
676 557 748 592 pro
792 543 1017 580 salvacione
1056 543 1161 580 illius
1205 544 1407 592 superflue
1446 554 1638 591 exoraret,
1685 555 1721 582 et
1765 545 1820 582 sic

511 602 650 638 tollere
683 614 896 649 possumus
929 614 999 649 per
1032 602 1267 650 blasphema
1300 601 1629 640 inconveniencia
1662 616 1739 651 que
1763 607 1854 640 se-5

511 668 690 708 quuntur
720 669 764 696 ut
796 661 903 708 quod
928 662 1034 696 Deus
1067 659 1296 696 eternaliter
1328 659 1529 697 ordinavit
1562 660 1618 697 sic
1652 661 1750 713 fieri,
1785 670 1822 697 et

510 727 644 754 tamen
684 726 725 754 tu
766 727 879 766 potes
918 716 1106 754 facillime
1145 717 1341 766 impedire
1381 731 1431 755 ne
1471 718 1526 755 sic
1560 718 1641 763 fiat,
1686 732 1822 767 ymmo

511 777 618 824 quod
657 777 763 812 Deus
808 789 887 811 non
932 774 1064 812 taliter
1109 775 1320 812 ordinavit.
1367 778 1430 813 De
1475 776 1571 813 ista
1616 777 1821 814 materia

511 842 646 881 patet
679 833 723 869 in
755 833 999 880 Trialogo.

567 893 615 927 Et
648 891 687 927 in
726 892 824 928 tales
863 890 1134 939 blasphemias
1174 893 1323 928 cadunt
1363 892 1601 940 profundius
1639 892 1696 929 illi
1736 905 1882 941 pre-10

509 949 578 985 lati
612 949 777 986 ecclesie
801 949 868 998 qui
901 949 1094 986 extollunt
1115 962 1207 986 suas
1230 950 1437 998 potencias
1460 963 1581 998 supra
1605 950 1822 998 Christum,

510 1006 687 1044 dicentes
720 1007 960 1056 generaliter
992 1008 1100 1056 quod
1133 1017 1300 1056 possunt
1339 1009 1544 1045 absolvere
1584 1022 1606 1046 a
1644 1021 1747 1057 pena
1787 1018 1823 1045 et

509 1065 627 1113 culpa
661 1078 925 1114 quoscunque
958 1065 1026 1114 qui
1060 1065 1197 1102 iuvant
1229 1066 1446 1104 efficaciter
1478 1068 1528 1103 ad
1561 1079 1653 1103 suos
1686 1068 1824 1104 adver-

509 1123 635 1160 sarios
681 1124 945 1172 corporaliter
990 1125 1292 1163 destruendum.
1341 1127 1422 1161 Nec
1468 1125 1614 1161 mirum
1655 1126 1702 1162 de
1747 1125 1822 1162 ista

509 1181 707 1229 potencia,
742 1181 836 1231 quia
872 1184 931 1228 (ut
955 1182 1051 1218 false
1075 1181 1276 1231 inquiunt)
1310 1191 1477 1231 possunt
1501 1183 1704 1220 Christum
1730 1196 1820 1220 cum
1843 1187 1879 1219 15

509 1240 680 1288 dyabolo
732 1240 903 1277 faciliter
956 1241 1213 1288 desponsare,
1268 1240 1358 1277 ideo
1412 1250 1579 1288 possunt
1632 1241 1671 1277 in
1720 1242 1823 1277 blas-

508 1297 691 1345 phemias
740 1311 816 1347 que
860 1307 1096 1347 sequuntur.
1152 1299 1230 1335 Sed
1276 1312 1402 1335 unum
1450 1299 1532 1336 scio
1581 1300 1690 1348 quod
1741 1312 1822 1336 non

508 1357 693 1393 laborant
744 1356 983 1404 generaliter
1035 1365 1072 1393 et
1124 1356 1340 1394 efficaciter
1388 1370 1460 1405 pro
1508 1370 1607 1405 pace
1655 1357 1822 1394 ecclesie

509 1413 730 1450 militantis.
784 1414 1009 1451 Videndum
1057 1423 1114 1451 est
1159 1427 1252 1463 ergo
1299 1428 1341 1452 ex
1386 1415 1463 1451 fide
1507 1415 1705 1463 scripture
1750 1428 1820 1463 per

509 1484 585 1521 que
620 1472 751 1509 media
783 1472 885 1509 foret
918 1485 992 1521 pax
1025 1472 1192 1510 ecclesie
1225 1472 1426 1510 efficacius
1459 1473 1655 1521 stabilita3
1697 1482 1733 1510 et
1766 1473 1820 1510 vi-
1839 1487 1880 1508 20

508 1532 624 1566 detur
649 1530 769 1567 michi
785 1532 891 1579 quod
916 1543 986 1579 per
1009 1530 1345 1567 sustentacionem
1371 1531 1644 1568 ordinacionis
1660 1531 1820 1577 Christi,

510 1597 546 1625 et
570 1600 639 1636 per
663 1601 924 1637 consequens,
947 1601 1016 1636 per
1040 1588 1328 1626 extinccionem
1354 1589 1588 1626 tradicionis
1607 1590 1821 1626 contrarie.

568 1649 621 1682 Ex
654 1659 733 1695 quo
765 1655 876 1694 patet
906 1648 1013 1695 quod
1048 1648 1289 1684 destruendo
1321 1647 1417 1683 istos
1448 1648 1626 1684 novellos
1649 1647 1822 1687 ordines,

510 1704 604 1741 istas
645 1704 738 1741 cleri
776 1704 816 1741 in
855 1704 1146 1752 temporalibus
1186 1705 1419 1742 dotaciones
1460 1715 1496 1742 et
1542 1706 1714 1743 breviter
1761 1719 1820 1742 se·

511 1764 670 1811 quendo
713 1762 991 1799 universaliter
1037 1763 1240 1800 Christum
1290 1763 1329 1799 in
1378 1763 1556 1800 moribus
1602 1763 1820 1812 appropin-
1841 1767 1879 1799 25

510 1822 672 1869 quando
713 1822 762 1857 ad
802 1830 948 1857 statum
989 1821 1223 1858 innocencie
1261 1822 1362 1858 foret
1401 1834 1474 1870 pax
1516 1821 1723 1858 militantis
1761 1835 1822 1859 ec-

510 1878 628 1915 clesie
660 1878 837 1916 stabilita
876 1888 912 1916 et
953 1892 1032 1915 non
1071 1892 1141 1927 per
1174 1880 1556 1916 determinacionem
1591 1892 1706 1928 pape,
1752 1892 1822 1928 per

509 1935 808 1985 apposicionem
863 1936 1068 1985 signorum
1116 1937 1262 1974 notarii
1316 1950 1387 1974 nec
1440 1950 1509 1986 per
1561 1937 1656 1974 talia
1708 1938 1820 1986 signa

510 1995 649 2031 frivola
682 1994 916 2032 humanitus
949 1995 1175 2032 adinventa.
1223 1995 1356 2032 Prima
1396 2009 1487 2044 pars
1527 2005 1637 2043 patet
1670 2008 1712 2032 ex
1746 1997 1820 2033 hoc

509 2054 616 2101 quod
650 2066 724 2101 pax
755 2066 835 2089 non
868 2054 986 2089 datur
1019 2053 1249 2090 hominibus
1288 2053 1362 2090 nisi
1401 2054 1580 2101 graciose
1619 2063 1655 2090 et
1702 2054 1877 2090 mira—'30

509 2112 643 2147 culose
667 2113 772 2147 Deus
805 2111 959 2148 dederit
991 2110 1133 2159 ipsam.
1169 2113 1245 2148 Sed
1279 2124 1349 2159 per
1381 2111 1606 2159 predictum
1642 2111 1815 2148 medium

510 2171 614 2205 Deus
647 2168 837 2205 citissime
870 2171 983 2206 daret
1015 2170 1140 2215 illam,
1178 2182 1271 2217 ergo
1304 2169 1523 2206 conclusio.
1564 2171 1611 2205 Et
1643 2171 1818 2206 secunda

510 2240 600 2274 pars
634 2239 676 2263 ex
710 2228 784 2263 hoc
817 2236 926 2275 patet
958 2229 1065 2276 quod
1098 2227 1193 2264 talia
1232 2227 1343 2275 signa
1376 2228 1556 2264 adultere
1589 2227 1817 2275 generacio·
1834 2255 1897 2286 Fol

508 2285 567 2320 nis
607 2294 827 2332 provocant
860 2288 987 2322 Deum
1027 2287 1076 2322 ad
1114 2285 1235 2331 iramss,
1276 2286 1365 2322 ideo
1403 2286 1463 2322 vel
1492 2286 1496 2334 Ι
1525 2294 1617 2321 sunt
1655 2285 1817 2333 inperti-
1836 2279 1913 2335 2052

507 2342 648 2379 nencia
691 2344 752 2379 vel
800 2343 1001 2380 contraria
1050 2343 1138 2391 paci
1187 2343 1332 2380 anime.
1388 2345 1501 2380 Unde
1545 2344 1630 2379 Yob
1675 2345 1760 2389 1X0‚
1792 2341 1875 2390 433

507 2400 671 2437 dicitur:
712 2401 809 2451 Qtis
841 2402 979 2437 reslitit
1010 2401 1045 2437 ei
1074 2409 1110 2438 et
1136 2414 1271 2451 pacem
1305 2402 1466 2437 hahuit?

579 2554 596 2573 ι.
620 2547 643 2573 Ι)
665 2546 692 2573 in
716 2555 830 2581 marga
851 2546 933 2574 Nota
955 2547 1039 2574 bene.
1113 2554 1137 2574 ρ.
1161 2547 1197 2574 de
1216 2547 1325 2574 celeris
1336 2556 1345 2574 .·
1364 2547 1406 2573 D:
1428 2547 1533 2574 decet:
1560 2546 1600 2573 E:
1620 2547 1716 2579 decet,
1737 2555 1816 2574 corr.

506 2581 543 2608 cle
562 2581 680 2608 ceteris.
755 2591 783 2614 4.
808 2582 832 2608 l:
851 2590 911 2616 pro
932 2582 1098 2609 Salomone
1118 2582 1209 2608 illiux.
1285 2590 1324 2614 η.
1348 2581 1414 2608 DE:
1436 2582 1616 2608 carnaliter.
1686 2582 1724 2608 18.
1748 2582 1814 2608 mi:

507 2619 536 2643 e!
556 2616 748 2650 generaliler
767 2616 862 2643 deest.
956 2624 996 2650 ις).
1019 2616 1043 2642 Ι)
1065 2617 1093 2643 in
1116 2625 1230 2651 marg.:
1258 2614 1338 2642 Nota
1358 2616 1396 2643 de
1412 2624 1491 2651 pace
1506 2616 1729 2650 procuranda:
1757 2618 1763 2643 l
1787 2617 1814 2643 in

508 2659 620 2681 mareu:
643 2650 708 2677 Pax
729 2651 855 2678 ecclesie
871 2659 929 2686 per
948 2659 1006 2686 que
1027 2651 1231 2686 mediasnrel
1253 2650 1425 2686 efficaciter
1444 2650 1598 2679 stabilita:
1618 2651 1641 2677 l«)
1657 2651 1685 2677 in
1703 2659 1815 2685 marga

506 2685 610 2712 Media
628 2693 686 2720 pro
703 2694 782 2720 pace
802 2686 928 2713 ecclesie
945 2685 1138 2712 stabilienda.
1213 2694 1250 2712 21.
1274 2686 1315 2711 ll:
1337 2685 1457 2713 ordinis
1480 2685 1601 2711 Christi.
1674 2685 1715 2713 23.
1738 2687 1764 2713 A
1787 2686 1814 2712 in

507 2728 621 2753 marga
645 2720 819 2747 Conclusio.
892 2721 936 2746 28.
955 2721 979 2747 l:
1001 2720 1129 2747 molaris.
1202 2728 1249 2755 29.
1267 2721 1311 2747 A:
1332 2721 1473 2748 adventa.
1546 2719 1586 2747 31.
1602 2719 1668 2747 lui:
1687 2723 1817 2755 propiet*

506 2755 617 2781 dictum
638 2753 777 2782 medium.

581 2847 607 2869 1.
639 2838 662 2871 Ι.
686 2836 763 2869 Joh.
790 2838 842 2878 111,
868 2848 900 2880 9.
1017 2837 1049 2870 8.
1075 2838 1180 2869 Trial.
1206 2838 1264 2869 lib.
1291 2838 1329 2878 ΙΙ,
1361 2849 1400 2879 14
1431 2839 1480 2870 De
1508 2840 1815 2880 predestinacione.

508 2883 558 2923 ΙΙΙ,
587 2895 604 2925 7
635 2885 681 2915 {ic
708 2885 820 2925 gracia
848 2884 1164 2926 predestinacionis.
