2062 3276
233 917 270 937 10

191 1174 268 1206 Fol.

188 1219 268 1253 311b

226 1498 269 1519 20

286 265 422 295 senno
445 255 555 313 xxm]
764 269 957 309 QUARTA
985 269 1111 301 PARS.

287 375 385 412 illud
409 376 541 413 dicere
565 375 664 413 Isaie
687 378 914 422 XXXV1110‚
946 389 1012 424 17:
1049 376 1149 412 Ecce
1182 376 1216 411 in
1244 388 1343 425 pace
1374 377 1596 413 amaritudo

287 446 370 470 mea
403 435 662 471 amarissima.

345 494 438 529 Post
478 493 551 530 hec
590 493 684 528 vidit
720 492 912 528 Johannes
956 492 1109 528 turbam
1150 505 1333 542 magnam
1376 501 1596 540 martyrum

287 550 354 599 qui
378 551 417 587 in
442 552 596 588 duabus
620 550 821 598 prioribus
845 549 1198 599 persecucionibus
1233 550 1411 597 ecclesie,
1446 550 1598 587 scilicet

286 608 322 644 in
370 610 508 645 timore
549 616 735 645 noctur-110
784 617 821 645 et
860 609 894 644 in
945 608 1089 659 sagitta
1143 609 1294 645 volante
1346 609 1381 645 in
1433 609 1597 645 tenebris

287 666 576 704 beatitudinem
612 675 857 703 meruerunt.
904 665 963 702 Illi
1002 675 1136 703 autem
1178 675 1374 715 martyres
1408 666 1597 704 dicuntur

286 726 582 761 innumerabiles
605 733 770 773 propter
789 724 1068 761 difficultatem
1089 724 1275 761 distincte
1299 725 1597 762 numeracionis

287 796 441 830 eorum,
475 792 512 819 et
545 795 589 819 ex
621 782 731 819 omni
759 795 903 831 genere
935 783 1118 831 gencium
1143 784 1203 819 vel
1226 783 1402 819 tribuum
1438 783 1596 820 collecti

285 850 376 878 sunt
408 842 508 878 tales
542 850 752 889 martyres.
797 842 862 877 Illi
891 848 1016 877 autem
1051 848 1153 877 stant
1184 849 1272 877 ante
1309 842 1490 878 thronum
1524 841 1596 877 Dei

285 908 366 936 tam
414 911 583 948 corpore
627 912 747 948 quam
793 899 929 936 anima
973 912 1047 947 pro
1091 912 1163 936 suo
1208 908 1391 948 tempore
1430 908 1468 936 et
1506 908 1597 936 ante

284 958 627 995 resurreccionem
667 957 826 994 finalem
866 958 1086 994 secundum
1127 970 1212 994 esse
1250 970 1366 994 suum
1407 957 1599 1006 possibile

284 1016 558 1066 propinquum
599 1015 811 1053 existencie
851 1015 1013 1052 actuali.
1060 1017 1175 1052 Stant
1213 1025 1346 1053 autem
1382 1016 1421 1052 in
1455 1015 1599 1064 spiritu

285 1075 324 1111 in
357 1088 437 1124 quo
476 1084 534 1111 est
572 1083 657 1111 tota
703 1087 842 1111 eorum
888 1074 1156 1122 personalitas
1201 1087 1308 1111 nunc
1349 1082 1386 1110 et
1425 1087 1596 1122 semper.

285 1133 393 1169 Stola
426 1142 559 1170 autem
595 1145 734 1169 eorum
767 1133 855 1168 alba
891 1132 1090 1180 significat
1123 1141 1448 1181 perseverantem
1483 1145 1596 1169 suam

285 1191 532 1228 mundiciam
574 1204 701 1240 usque
734 1192 784 1228 ad
818 1190 936 1227 finem
978 1190 1054 1227 vite
1096 1187 1100 1243 J
1140 1190 1288 1228 virtute
1333 1190 1465 1239 gracie
1510 1203 1599 1238 pre-

285 1249 584 1296 destinacionis‚
625 1259 662 1286 et
692 1249 850 1286 videtur
890 1248 1035 1286 clarius
1070 1257 1107 1285 et
1139 1248 1261 1285 textui
1301 1249 1598 1286 consonancius

284 1308 432 1352 referre
453 1308 699 1344 amiccionem
724 1309 773 1344 ad
797 1307 906 1343 illam
931 1308 1092 1344 turbam
1116 1307 1450 1344 innumerabilem
1476 1320 1596 1356 quam

284 1367 334 1402 ad
368 1366 592 1403 Christum:
633 1366 768 1402 Palme
800 1374 933 1402 autem
968 1365 1009 1401 in
1042 1365 1228 1402 manibus
1262 1378 1401 1402 eorum
1441 1365 1600 1413 signant

284 1437 396 1461 suam
436 1424 646 1461 victoriam
687 1432 777 1473 post
816 1425 995 1460 laborem
1042 1423 1354 1460 fructificantem
1395 1423 1436 1460 in
1475 1423 1600 1460 beati-

285 1482 436 1520 tudine.
471 1483 593 1531 Signa
626 1491 759 1519 autem
795 1483 969 1531 perfecte
992 1481 1161 1518 victorie
1185 1490 1276 1518 sunt
1300 1481 1341 1518 in
1365 1482 1599 1518 martiribus

284 1540 364 1578 iam
399 1541 539 1588 beatis,
574 1540 667 1590 quia
701 1553 825 1589 opera
850 1553 989 1577 eorum
1015 1549 1214 1577 testantur
1238 1541 1347 1589 quod
1370 1553 1452 1577 non
1475 1549 1599 1577 restat

285 1599 339 1636 eis
372 1612 507 1648 pugna
540 1599 721 1645 ulterius,
755 1599 858 1636 sicut
892 1607 1014 1636 restat
1048 1598 1346 1648 quantumlibet
1370 1607 1511 1636 sancto
1536 1598 1600 1635 hic

285 1657 326 1694 in
356 1657 432 1695 via.

342 1716 394 1752 Et
427 1716 645 1752 clamabant
679 1728 768 1752 voce
798 1728 956 1766 magna,
991 1715 1179 1752 dicentes:
1212 1715 1328 1751 Salus
1351 1715 1434 1751 Deo
1468 1722 1601 1751 nostro

227 1779 267 1812 25
283 1775 432 1811 sedenti
460 1786 578 1824 super
600 1775 781 1810 thronum
807 1781 842 1810 et
864 1787 989 1824 agno;
1020 1787 1113 1810 nam
1139 1773 1245 1810 beati
1269 1773 1337 1822 qui
1360 1773 1399 1809 in
1424 1773 1600 1810 Domino

230 2072 244 2082 η

230 2081 271 2104 ³0

229 2361 269 2395 35

285 1832 515 1870 moriuntur
561 1833 729 1869 laudant
775 1835 901 1869 Deum
947 1841 1029 1868 tam
1078 1833 1299 1868 secundum
1349 1831 1601 1868 divinitatem

285 1904 407 1940 quam
441 1892 663 1928 secundum
698 1890 991 1927 humanitatem
1033 1889 1272 1926 laudacione
1312 1898 1508 1938 perpetua
1541 1902 1601 1926 se-

286 1951 462 1986 cundum
497 1948 701 1986 racionem
736 1962 815 1998 qua
847 1948 994 1985 insidet
1028 1947 1272 1996 martyribus
1302 1956 1339 1984 et
1363 1948 1602 1985 confessori-

287 2009 360 2044 bus
392 2016 601 2056 tamquam
637 2008 797 2044 throno.

343 2067 396 2102 Et
418 2079 548 2103 omnes
579 2066 712 2117 angeli
736 2066 900 2108 stabant,
933 2065 1063 2113 parati
1097 2066 1147 2101 ad
1181 2065 1457 2113 exequendum
1493 2077 1603 2101 man-

287 2125 425 2161 datum
459 2124 531 2161 Dei
564 2123 604 2160 in
637 2123 804 2161 ecclesia
838 2122 1048 2160 militante.
1097 2122 1155 2159 Illi
1191 2122 1389 2172 (inquam)
1425 2131 1532 2159 stant
1566 2123 1601 2158 in

285 2183 446 2219 circuitu
479 2183 612 2219 throni
643 2181 791 2219 Christi
824 2181 892 2230 qui
931 2190 1022 2218 sunt
1063 2180 1246 2218 homines
1285 2180 1365 2217 iam
1407 2181 1526 2221 beati,
1568 2188 1603 2216 et

285 2249 452 2291 quatuor
489 2241 672 2277 animalia
719 2249 887 2289 possunt
927 2239 1096 2288 intelligi
1141 2248 1316 2288 quatuor
1362 2238 1602 2287 evangeliste

287 2312 460 2348 quorum
506 2299 733 2336 doctrinam
785 2299 1044 2335 inhauserant
1096 2297 1160 2334 hic
1212 2297 1251 2334 in
1289 2296 1364 2334 via.
1417 2296 1602 2334 Seniores

286 2366 420 2394 autem
454 2366 622 2406 possunt
654 2356 823 2405 intelligi
856 2356 1086 2406 patriarche
1119 2356 1216 2404 legis
1248 2355 1392 2392 veteris
1426 2368 1469 2392 ex
1502 2368 1601 2404 quo-

287 2429 374 2452 rum
415 2415 531 2452 dictis
571 2415 812 2464 evangeliste
851 2424 1034 2463 tempore
1074 2414 1170 2462 legis
1203 2413 1335 2462 gracie
1368 2426 1481 2450 suam
1516 2426 1602 2450 sen-

286 2474 459 2511 tenciam
494 2474 799 2511 confirmarunt.
834 2474 886 2509 Et
918 2474 1137 2510 ceciderunt
1169 2473 1205 2509 in
1238 2479 1441 2522 conspectu
1474 2472 1605 2508 throni

287 2532 322 2568 in
344 2532 475 2582 facies
507 2545 610 2576 suas,
644 2532 881 2569 confitentes
927 2531 1132 2568 humiliter
1177 2531 1285 2580 quod
1331 2530 1524 2579 quicquid
1562 2530 1603 2567 in

358 2676 376 2695 1.
394 2667 463 2696 DE:
481 2666 610 2694 XXXIV.
669 2675 707 2695 12.
722 2668 767 2695 A:
779 2667 942 2703 proprium
956 2666 1081 2702 quando
1096 2665 1270 2693 existencie.
1327 2674 1368 2700 14.
1385 2665 1469 2693 DEI:
1484 2664 1602 2700 signat.

288 2703 490 2742 ¹7-,12q1fflm
511 2703 610 2741 deest.
687 2737 692 2742 -
715 2702 754 2729 18.
776 2703 821 2729 A:
843 2702 885 2729 ad
903 2702 1004 2734 dcest;
1031 2701 1072 2729 ib.
1093 2701 1136 2729 D:
1156 2701 1275 2737 signat.
1384 2708 1429 2727 20.
1451 2700 1480 2727 I:
1501 2702 1604 2739 autem

286 2737 711 2799 {mhffiffifegsffiC-te·'’lfw'fe·
727 2745 794 2772 que.
827 2781 832 2787 .
901 2771 908 2777 ·
926 2737 967 2764 25.
988 2737 1017 2764 1:
1044 2736 1167 2786 throno..
1237 2770 1243 2775 ·
1297 2743 1343 2786 2.7.-
1363 2736 1410 2762 A:
1433 2734 1602 2785 'landelini-e.

305 2779 330 2799 2.
426 2795 430 2799 .
501 2775 569 2799 rzstz
584 2772 684 2805 deest,
705 2772 746 2799 ib.
761 2771 831 2800 ΑΕ.
853 2780 904 2808 qut
919 2774 989 2799 sunt
1002 2771 1103 2806 deest,
1124 2771 1167 2799 D.
1188 2778 1239 2806 qut
1253 2773 1314 2804 est,
1337 2771 1377 2798 lb.
1393 2771 1438 2798 A.
1459 2770 1602 2797 hommts.

286 2806 333 2836 36.
355 2807 424 2835 DE:
445 2807 636 2844 evangelico.

362 2903 388 2927 1.
415 2893 479 2935 Ap.
496 2892 567 2932 VII,
594 2902 625 2935 9.
736 2890 765 2923 5.
792 2891 846 2923 Ps.
872 2892 943 2931 XC,
972 2890 1000 2923 5.
1107 2899 1159 2931 24.
1187 2889 1231 2922 ib.
1256 2899 1305 2921 10.
1404 2890 1456 2922 30.
1484 2888 1527 2920 ib.
1552 2897 1601 2922 11.

1811 275 1880 310 191

1636 500 1703 528 The
1723 505 1871 538 martyrs.
