2062 3276
168 254 242 290 ¹74
744 245 969 278 JOHANNIS
986 242 1172 276 WYCLIF
1192 241 1448 274 SERMONUM
1523 226 1674 284 [SERMO
1695 235 1760 264 XX-

449 361 639 402 procurat
671 361 796 389 totam
830 350 1038 388 ecclesiam
1073 348 1199 398 perdi.
1238 350 1320 385 Nec
1355 346 1519 383 dubium
1555 346 1652 395 quin
1686 346 1760 381 hoc

449 412 596 448 factum
644 419 840 459 repugnat
884 408 1104 457 expressius
1150 406 1324 452 caritati,
1368 418 1458 441 cum
1499 404 1643 441 caritas
1682 416 1761 439 non

451 482 622 518 quereus
662 481 732 518 que
770 481 838 504 sua
877 475 965 502 sunt
998 475 1138 502 contra
1171 464 1410 512 Apostolum
1452 476 1533 499 non
1572 461 1763 510 proponit

451 528 712 564 commodum
738 525 949 574 proprium
974 526 1080 560 bono
1112 523 1275 571 publico
1310 530 1346 558 et
1380 520 1528 557 celesti.
1564 519 1604 556 Si
1629 528 1761 556 autem

450 586 545 622 facit
579 584 848 622 communitas
882 591 1023 620 contra
1055 580 1321 618 infeccionem
1348 578 1463 615 huius
1496 586 1636 624 status,
1671 585 1798 617 con-5

451 653 513 680 tra
546 644 673 692 legem
710 641 871 679 Domini
904 640 960 677 sic
994 638 1183 676 defendit.

193 712 267 752 ¹The
288 711 396 738 dex-irs
510 703 557 737 Et
591 700 886 738 considerando
919 697 1084 735 ulterius
1117 706 1231 745 potes
1264 695 1396 733 videre
1429 695 1634 743 quomodo
1675 695 1767 742 dya-

192 747 400 782 ¹¹¹du¹ge¹¹⁶⁰⁵
452 760 564 796 bolus
598 772 641 796 ex
674 758 811 795 innata
852 756 1032 794 versucia
1072 754 1255 804 procedit
1293 753 1333 789 in
1373 752 1644 801 blasphemias
1684 764 1768 788 am-

454 817 613 867 pliores,
648 829 741 853 nam
776 815 889 863 fingit
924 813 1170 851 mendaciter
1203 824 1242 848 se
1277 811 1514 860 potestative
1550 811 1767 847 concedere

453 875 653 912 inauditas
672 873 946 922 indulgencias
966 872 1189 919 cuicunque
1206 869 1355 907 volenti
1380 869 1593 905 defendere
1611 876 1766 916 partem
1789 887 1827 907 10

453 946 565 970 suam
613 945 658 969 ac
697 932 727 969 si
767 932 851 968 sine
896 943 1000 979 pena
1044 929 1103 966 vel
1149 929 1266 977 culpa
1314 926 1449 964 statim
1499 936 1679 962 mortuus
1719 926 1769 961 ad

455 991 615 1028 celestia
661 991 850 1033 evolaret,
890 990 999 1037 quod
1045 996 1202 1024 tantum
1252 994 1367 1022 sonat
1415 984 1609 1032 implicite
1654 997 1698 1020 ac
1737 982 1769 1019 si

456 1049 673 1087 diceretur:
697 1048 884 1086 Concedo
910 1046 1134 1094 cuicunque
1158 1044 1224 1093 qui
1247 1043 1417 1081 voluerit
1441 1052 1595 1090 partem
1620 1040 1769 1078 diaboli

457 1108 672 1144 defendere
706 1115 846 1143 contra
865 1105 1067 1142 Christum
1103 1104 1210 1152 quod
1245 1101 1398 1139 carebit
1430 1113 1533 1149 pena
1567 1109 1603 1136 et
1637 1100 1770 1147 culpa,

457 1165 551 1215 quia
585 1177 705 1202 causa
737 1163 886 1201 Christi
919 1161 1178 1211 postponitui
1211 1170 1247 1197 et
1281 1172 1401 1196 causa
1431 1158 1666 1195 Antichristi
1698 1170 1771 1205 pro
1793 1165 1828 1198 15

458 1224 738 1261 confirmanda
770 1222 846 1258 ista
879 1220 1093 1257 dotacione
1127 1219 1363 1267 blasphema
1401 1226 1610 1264 tamquam
1651 1214 1773 1251 maxi-

460 1295 569 1318 mum
606 1281 796 1317 meritum
830 1280 1090 1328 ponderatur.
1124 1279 1224 1314 Nam
1261 1276 1484 1312 concedens
1518 1275 1617 1310 tales
1642 1273 1772 1309 indul-

459 1339 620 1392 gencias
654 1338 801 1374 diffinit
826 1337 1014 1373 meritum
1041 1348 1125 1372 esse
1150 1347 1339 1382 magnum
1365 1342 1408 1369 ut
1431 1341 1537 1369 taxat
1559 1331 1772 1381 premium.

460 1399 536 1435 Sed
571 1399 620 1433 de
654 1395 869 1433 coaccione
892 1395 962 1431 tali
987 1396 1035 1431 ad
1060 1402 1339 1442 paupertatem
1360 1391 1508 1428 Christi
1532 1403 1612 1427 non
1635 1389 1775 1426 recolit

461 1465 497 1493 et
531 1456 900 1504 quomodocunque
939 1452 1120 1501 ypocrita
1160 1451 1232 1487 iste
1273 1450 1371 1487 alios
1411 1449 1532 1485 falsos
1573 1448 1670 1484 fines
1704 1448 1775 1483 fin—
1793 1466 1835 1487 20

459 1513 558 1550 xerit
577 1526 648 1550 sua
667 1512 841 1549 intencio
860 1511 915 1547 ita
932 1511 1053 1547 vadit.
1079 1512 1167 1546 Non
1192 1508 1296 1545 enim
1322 1507 1553 1555 ignoramus
1576 1505 1775 1543 versucias

462 1572 611 1608 diaboli
646 1571 684 1607 in
717 1572 791 1607 hac
824 1577 936 1618 parte
969 1569 1174 1617 quomodo
1208 1566 1279 1602 Dei
1312 1564 1483 1605 iusticia,
1524 1577 1604 1601 non
1644 1564 1775 1600 sinens

463 1629 636 1678 amplius
670 1629 754 1665 sine
788 1627 1024 1675 dirupcione
1057 1624 1224 1662 ecclesie
1258 1623 1570 1671 malignancium
1595 1622 1649 1659 ita
1672 1630 1777 1658 stare

463 1688 556 1724 fecit
588 1688 715 1735 ipsam
751 1686 1000 1733 acephalam,
1035 1684 1117 1720 eius
1142 1691 1261 1731 caput
1285 1682 1324 1718 in
1349 1683 1446 1717 duas
1470 1690 1604 1729 partes
1629 1678 1777 1716 diaboli

464 1745 691 1790 dividendo,
736 1745 804 1781 sed
844 1743 988 1779 timens
1028 1742 1221 1790 dyabolus
1262 1741 1309 1776 de
1351 1738 1618 1787 dissipacione
1663 1737 1778 1774 huius
1796 1745 1835 1779 25

465 1803 548 1841 nidi
582 1815 700 1851 quem
736 1802 862 1850 magis
896 1800 1025 1849 diligit
1058 1799 1249 1836 inauditis
1283 1797 1448 1834 cautelis
1482 1806 1517 1833 et
1543 1796 1645 1833 fictis
1670 1808 1779 1831 men-

194 1870 260 1897 The
281 1868 382 1896 fiction
404 1867 449 1929 01'f
467 1861 590 1898 daciis
622 1869 813 1909 procurat
846 1861 953 1907 quod
988 1858 1155 1895 ecclesia
1187 1869 1257 1893 sua
1289 1856 1344 1892 sic
1378 1855 1569 1902 dissipata
1603 1855 1652 1890 ad
1684 1852 1780 1889 luci-

184 1905 395 1966 ¹¹¹⁹11¹negffj¹ss¹y
415 1901 449 1929 of
467 1920 635 1956 ferinam
668 1918 945 1955 fortitudinem
980 1918 1207 1953 reducatur.
1242 1914 1409 1951 Cautela
1441 1922 1573 1949 autem
1607 1910 1781 1948 subtilis-

468 1978 568 2015 sima
591 1989 610 2013 a
636 1976 824 2013 fratribus
858 1974 1058 2024 precipuis
1092 1974 1172 2010 suis
1206 1971 1411 2020 discipulis
1444 1971 1508 2007 inx
1513 1979 1604 2006 enta
1636 1978 1711 2006 stat
1742 1968 1782 2004 in

470 2035 651 2072 mendaci
700 2034 866 2070 ficcione
912 2032 1087 2069 thesauri
1135 2031 1276 2068 infiniti
1328 2028 1602 2077 supererogati
1652 2026 1782 2063 meriti
1800 2037 1841 2069 30

470 2093 634 2130 ecclesie
682 2091 969 2139 triumphantis
1017 2103 1135 2139 quem
1183 2091 1288 2125 Deus
1335 2087 1446 2136 ponit
1494 2086 1533 2122 in
1582 2093 1781 2134 potestate

471 2150 722 2188 distributiva
753 2149 945 2197 cuiusque
968 2161 1069 2197 pape
1093 2146 1246 2184 cesarii.
1281 2147 1373 2182 Ideo
1406 2145 1517 2181 illum
1551 2145 1782 2180 thesaurum

471 2218 639 2257 uterque
683 2221 788 2256 papa
832 2216 995 2255 propter
1034 2205 1247 2241 imminens
1292 2203 1514 2252 periculum
1560 2201 1783 2249 largissime

473 2279 580 2304 nunc
613 2265 793 2314 exponit3
836 2274 873 2301 et
906 2264 999 2313 quia
1036 2263 1239 2300 modicum
1273 2261 1423 2298 valeret
1457 2259 1572 2296 huius
1605 2257 1784 2295 thesauri

474 2324 588 2361 ficcio
613 2324 687 2361 nisi
711 2323 829 2359 fuerit
854 2336 926 2371 pro
951 2321 1244 2370 temporalibus
1268 2327 1530 2363 commutata,
1555 2317 1645 2354 ideo
1670 2318 1785 2353 docet
1803 2324 1840 2358 ‘31

474 2382 668 2430 dyabolus
703 2381 833 2429 ipsum
867 2382 1101 2417 thesaurum
1136 2379 1363 2415 seducendo
1387 2376 1583 2425 populum
1609 2388 1681 2424 pro
1707 2375 1786 2410 bel-

474 2440 649 2477 lantibus
694 2448 814 2487 atque
853 2438 1065 2487 pecuniam
1107 2435 1282 2485 elargiri,
1323 2443 1360 2472 et
1398 2444 1478 2471 tam
1522 2434 1638 2470 fallax
1679 2445 1787 2469 com-

478 2498 670 2535 mercium
703 2510 924 2546 numquam
951 2505 1042 2533 ante
1066 2495 1105 2532 in
1129 2503 1266 2531 nostra
1290 2493 1458 2530 ecclesia
1481 2500 1538 2528 est
1568 2491 1786 2527 inventum.

477 2555 773 2605 Sophisticatur
812 2564 946 2592 autem
989 2556 1060 2590 hec
1101 2553 1193 2590 ficta
1232 2560 1411 2600 potestas
1445 2563 1489 2587 ex
1522 2548 1700 2586 heretica
1732 2548 1789 2584 in-

549 2720 589 2741 10.
612 2713 635 2739 E
655 2712 684 2739 in
708 2720 803 2746 marg.
816 2721 821 2739 :
849 2709 1151 2755 Iniulgenciefiies
1221 2716 1262 2737 n».
1284 2709 1328 2735 A.
1358 2708 1394 2735 ie
1414 2707 1507 2734 deest.
1576 2714 1619 2739 4.
1641 2707 1686 2733 A:
1708 2713 1790 2732 asce-

469 2747 651 2819 {agina-'e
659 2747 700 2774 25.
722 2747 790 2774 DE:
817 2731 956 2773 diabolus
976 2753 1004 2772 α.
1079 2744 1123 2772 28.
1145 2744 1169 2770 Ε
1189 2743 1218 2770 in
1241 2751 1337 2778 ma1·.{.,Y
1349 2753 1354 2758 ·
1349 2743 1421 2770 De
1440 2749 1499 2777 quo
1519 2741 1727 2769 conceduntur·
1745 2740 1791 2767 in-

552 2866 581 2899 3.
610 2865 631 2896 Ι.
660 2866 737 2897 Cor.
763 2864 847 2905 XIII,
878 2865 906 2896 5.
