2062 3276
248 244 384 273 SERMo
406 232 514 291 ινα]
728 246 919 286 QUARTA
947 246 1073 278 PARS.
1769 250 1851 286 447

248 352 423 389 hominis
473 361 637 402 appetat
688 351 814 400 magis
864 353 1035 393 bonum:
1087 353 1154 388 sed
1207 351 1295 400 quis
1340 351 1562 389 catholicus

248 410 404 447 dubitat
443 411 538 459 quin
577 411 780 459 sequendo
813 409 1016 446 Christum
1055 409 1094 445 in
1129 409 1320 457 moribus,
1361 410 1562 458 diligendo

248 468 455 505 inimicum
490 468 783 506 thesaurizatur
814 467 889 504 sibi
921 468 1132 504 thesaurus
1166 467 1369 504 infinitum
1396 468 1566 505 validior

250 540 370 576 quam
395 527 495 564 foret
518 528 674 563 lucrum
698 525 870 563 vindicte
893 525 1080 574 proprie?
1113 528 1217 573 Ergo
1241 527 1288 562 de
1318 526 1400 574 lege
1423 536 1566 563 nature

218 589 232 622 5
250 586 366 622 debet
381 584 619 621 christianus
639 583 802 620 inimico
821 583 956 620 debita
971 583 1186 630 dimittere,
1211 596 1303 620 nam
1321 584 1564 621 vindicando

250 643 457 692 propriam
492 642 679 679 iniuriam
715 641 877 690 spiritus
911 641 1156 690 angariatur,
1193 654 1338 690 corpus
1362 642 1566 679 cruciatur

249 710 286 738 et
318 700 525 737 vindicans
559 701 709 736 bonum
745 700 904 736 fortune
937 701 987 736 ad
1028 700 1247 736 maximum
1280 699 1340 737 vix
1373 700 1565 745 lucratur,

251 759 317 796 ubi
350 768 513 796 econtra
546 758 737 807 pacificus
768 758 871 794 filius
895 757 967 795 Dei
989 767 1033 794 ut
1056 758 1110 794 sic
1134 767 1298 795 vocatus
1321 758 1566 795 thesaurizat

250 817 323 853 sibi
356 826 399 853 ut
430 817 486 854 sic
520 829 685 865 regnum
720 817 913 853 celorum.
967 818 1138 864 Oportet
1176 829 1269 864 ergo
1309 818 1565 865 procedendo

195 890 234 912 10
249 884 390 912 contra
435 876 577 912 fratres
620 884 780 911 nostros
818 874 858 910 in
899 874 1055 923 placitis
1095 884 1132 911 et
1170 874 1314 923 pugnis
1353 875 1566 912 occasione

250 933 535 982 temporalium
570 934 679 981 quod
712 932 973 982 principalius
1007 933 1063 969 sic
1092 932 1286 969 faciamus
1309 934 1360 969 ob
1384 946 1565 970 amorem

249 991 521 1040 correpcionis
566 992 738 1028 fraterne
782 1000 819 1027 et
864 1003 935 1039 per
974 1003 1223 1040 consequens
1262 992 1351 1040 plus
1390 993 1566 1028 amando

248 1059 433 1086 naturam
478 1062 648 1099 persone
692 1058 899 1098 persecute
944 1062 1065 1098 quam
1111 1050 1335 1098 temporale
1373 1063 1446 1098 pro
1487 1064 1566 1099 quo

249 1108 515 1157 persequitur.
549 1108 675 1145 Aliter
708 1107 811 1144 enim
846 1121 928 1144 non
962 1108 1093 1156 ipsum
1129 1107 1387 1156 diligeremus
1419 1117 1461 1144 ut
1494 1121 1566 1144 nos

196 1171 232 1202 15
249 1166 369 1215 ipsos,
386 1167 493 1215 quod
509 1166 539 1202 si
557 1166 726 1203 facimus
745 1174 787 1202 ut
811 1165 1042 1214 mentimur,
1057 1178 1181 1215 quare
1204 1179 1285 1202 non
1302 1166 1567 1203 sollicitamus

248 1237 321 1261 nos
355 1226 404 1261 ad
438 1224 737 1273 corripiendum
770 1224 810 1260 in
845 1224 1064 1261 maioribus
1094 1223 1282 1273 periculis
1313 1237 1413 1273 eque
1437 1225 1567 1261 notis?

249 1284 326 1320 Sed
366 1283 504 1319 habito
545 1282 752 1331 proposito
793 1282 1081 1330 temporalium
1126 1296 1342 1320 cessamus.
1397 1283 1437 1320 Si
1473 1296 1566 1331 ergo

249 1340 324 1377 ista
356 1342 415 1377 lex
447 1341 548 1378 foret
581 1341 714 1377 debite
756 1350 930 1387 executa,
971 1350 1173 1378 cessarent
1213 1341 1497 1378 contenciones
1531 1350 1567 1378 et

249 1400 365 1445 bella,
389 1412 479 1436 cum
505 1399 629 1447 magis
653 1399 840 1436 iniuriam
866 1408 1097 1447 pateremur
1127 1413 1247 1448 quam
1272 1400 1567 1436 offenderemus

193 1456 376 1494 20eciam
416 1457 658 1494 remittendo
697 1457 905 1494 caritatem
952 1458 1185 1494 fraternam.
1239 1460 1331 1495 Ideo
1373 1467 1568 1506 repugnat

250 1515 324 1563 legi
351 1515 501 1552 Christi
534 1517 643 1565 quod
677 1515 919 1552 christianus
951 1525 1100 1564 pugnet
1133 1525 1271 1553 contra
1305 1516 1566 1553 christianum

250 1573 440 1622 precipue
479 1583 644 1622 propter
683 1576 787 1610 bona
827 1574 998 1611 fortune.
1047 1576 1218 1623 Oportet
1257 1574 1363 1611 enim
1398 1575 1566 1611 alterum

251 1632 306 1669 sic
329 1632 601 1681 pugnancium
627 1645 710 1669 esse
734 1632 935 1669 infidelem
961 1642 1125 1681 propter
1149 1633 1348 1669 defectum
1374 1633 1567 1681 sequendi

252 1691 453 1727 Christum
501 1691 567 1739 qui
613 1690 750 1727 docuit
788 1692 910 1727 verbo
955 1700 991 1727 et
1035 1703 1157 1739 opere
1201 1692 1313 1728 nullo
1355 1693 1476 1727 modo
1515 1691 1569 1727 sic

196 1752 442 1797 25pugnare‚
483 1758 520 1786 et
560 1749 651 1785 licet
692 1749 823 1785 omnis
863 1762 996 1797 pugna
1030 1748 1237 1786 christiani
1271 1750 1321 1786 sit
1355 1749 1569 1791 horribilis,

251 1807 526 1843 detestabilior
560 1816 693 1843 tamen
728 1816 784 1843 est
816 1820 948 1855 pugna
972 1807 1179 1844 christiani
1210 1808 1403 1856 prepositi
1429 1817 1567 1844 contra

251 1879 344 1902 suos
365 1865 546 1901 subditos
570 1879 642 1913 pro
665 1865 969 1913 temporalibus.
995 1867 1117 1902 Arma
1141 1866 1245 1901 enim
1273 1866 1418 1902 milicie
1442 1879 1569 1902 sacer-

252 1925 391 1959 dotum
431 1923 578 1959 Christi
618 1933 707 1959 sunt
746 1923 985 1971 spiritualia,
1031 1937 1111 1960 non
1156 1924 1311 1971 gladius
1352 1924 1570 1960 materialis

252 1983 319 2017 sed
359 1983 522 2018 verbum
564 1982 648 2018 Dei.
704 1984 744 2018 In
784 1982 894 2018 cuius
934 1982 1210 2018 testimonium
1253 1982 1435 2019 Christus
1475 1982 1569 2018 dixit

197 2045 237 2076 30
254 2041 369 2076 Petro
393 2042 501 2088 quod
535 2041 702 2076 nu'tteret
722 2041 900 2091 gladium
935 2041 970 2075 in
1005 2041 1201 2090 vaginam,
1234 2042 1320 2088 quia
1354 2041 1476 2076 omnis
1509 2041 1572 2089 qui

250 2098 386 2148 gladio
415 2099 598 2147 percutit,
636 2098 666 2134 si
700 2111 780 2134 non
815 2111 857 2134 ex
891 2110 1028 2134 amore
1061 2100 1109 2134 ad
1146 2099 1343 2135 medelam
1379 2099 1569 2146 percussi,

247 2157 390 2205 peribit
421 2157 558 2206 gladio
592 2156 722 2193 divine
755 2156 970 2193 sentencie.
1020 2156 1165 2193 Utilius
1201 2157 1335 2204 itaque
1369 2157 1571 2193 videretur

252 2216 302 2250 ad
341 2214 646 2251 edificacionem
687 2215 974 2251 christianismi
1022 2215 1173 2261 erigere
1213 2215 1394 2251 vexillum
1443 2216 1571 2252 crucis

253 2272 401 2308 Christi
446 2286 535 2309 cuin
589 2273 749 2320 letania,
801 2274 1047 2321 predicando
1101 2274 1367 2310 humilitatem
1421 2274 1570 2310 Christi

197 2334 236 2368 35
255 2340 531 2378 paupertatem
568 2341 604 2367 et
638 2332 886 2379 pacienciam
922 2345 1041 2380 quam
1078 2332 1228 2378 erigere
1257 2333 1440 2368 vexillum
1479 2333 1567 2368 belli

253 2401 343 2424 cum
378 2389 657 2437 predicacione
691 2391 952 2426 tumultuosa.

311 2448 427 2483 Sexta
460 2448 659 2496 peticione
699 2448 870 2496 petimus
911 2448 1126 2484 Dominum
1163 2462 1207 2483 ne
1245 2462 1313 2484 nas
1344 2462 1379 2484 ιη
1385 2449 1498 2484 {usal
1532 2460 1609 2484 1110
1636 2455 1692 2482 we
1713 2464 1789 2517 pmy
1811 2460 1862 2482 not

252 2513 554 2556 temptaczonem.
597 2508 787 2554 Temptat
826 2515 959 2543 autem
1002 2520 1072 2542 nos
1109 2509 1211 2541 Deus
1245 2509 1292 2542 ad
1328 2507 1452 2543 nostri
1489 2520 1566 2543 me-
1606 2494 1650 2550 ¹22
1656 2490 1845 2559 ἓξρῑξῇἐὲῑο

254 2563 389 2607 ritum,
435 2573 476 2599 ut
516 2573 624 2612 patet
664 2566 711 2600 de
749 2566 953 2601 Abraham
994 2574 1030 2601 et
1070 2565 1204 2600 multis
1250 2565 1450 2612 patribus3
1496 2578 1569 2601 nee

324 2718 356 2736 11
379 2711 421 2737 A:
443 2718 557 2752 amose.
615 2718 652 2737 12.
673 2712 717 2737 A.
737 2712 961 2743 cn›··7ecc''1mln·;
984 2711 1023 2737 il
1042 2711 1081 2737 l›:
1100 2711 1169 2745 plur
1190 2710 1226 2737 dc
1222 2715 1283 2738 est.
1408 2712 1477 2739 DG:
1497 2722 1568 2752 ,rm-

251 2753 475 2806 {eiqugzlliiidu
477 2744 558 2806 '8¹30
581 2745 652 2772 DG:
681 2746 790 2772 Petro.-
816 2745 931 2773 mne
922 2746 1071 2781 gliimm
1174 2745 1215 2772 52.
1238 2748 1282 2772 A:
1311 2747 1567 2774 (Ιινιςίίιηιῖγςιηιῐ.

273 2802 296 2813 Γ
355 2802 361 2806 .

325 2877 378 2908 30.
404 2875 480 2906 Joh.
507 2876 624 2916 XVIII,
651 2887 706 2915 113
734 2877 853 2908 Matth.
880 2878 1000 2917 XXVI,
1030 2876 1082 2908 52.
1180 2878 1234 2919 37.
1261 2876 1380 2908 Matth.
1400 2877 1455 2917 Vl,
1480 2879 1529 2909 13.
