2062 3276
216 261 292 304 504

213 732 234 756 Ιῐ
253 730 279 757 is
300 730 422 766 simony
442 734 471 757 to

222 770 363 800 promote
383 766 458 793 unfit

269 800 417 828 relatives

208 1776 294 1803 Sects
315 1776 378 1802 that
399 1775 475 1801 liare

254 1818 371 1845 sprung
392 1818 432 1845 up

273 1845 406 1884 through

274 1888 406 1916 simony.

260 2653 428 2681 Remedics.

794 270 1017 301 *IOHANNIS
1036 271 1221 302 WYCLIF
1241 271 1496 304 SERMONUM
1526 260 1678 317 [SERMO
1701 273 1806 302 Lxlv.

496 374 609 421 verit,
645 376 739 411 dum
764 385 899 412 tamen
932 389 975 412 ex
999 377 1070 413 Dei
1103 379 1237 425 gracia
1271 391 1484 416 conversus
1517 380 1688 417 fideliter
1721 393 1808 430 per-

497 432 635 469 fecerit
683 433 862 470 officium
903 436 1117 482 pastorale,
1163 436 1307 473 desinit
1345 449 1428 474 esse
1467 446 1547 474 tam
1586 439 1648 475 fur
1686 452 1806 488 quam

498 491 614 537 latro,
648 490 751 528 sicut
784 491 861 528 ista
895 493 973 529 duo
1007 503 1172 541 peccata
1212 507 1252 531 se
1290 494 1376 543 ipsa
1414 496 1651 543 regulariter
1684 497 1807 534 comi-

498 557 647 595 tantur,
683 562 772 586 cum
807 550 904 587 tales
939 552 1130 588 habentes
1163 553 1318 601 peccati
1350 553 1600 602 nigredinem
1626 568 1695 603 per
1718 569 1808 604 pro-

498 606 720 644 teccionem
762 608 1019 645 dominorum
1061 611 1298 648 secularium
1334 620 1517 660 patenter
1551 613 1841 651 committunt5

498 664 711 702 latrocinia
745 675 886 703 contra
920 667 1136 704 Christum.

557 723 680 772 Igitur
713 723 916 772 signanter
949 725 1045 762 dicit
1079 726 1260 764 Christus
1300 728 1545 766 contractive
1578 730 1685 777 quod
1719 729 1808 766 talis

497 781 750 829 symoniacus
764 783 843 830 fur
864 790 918 819 est
940 791 975 819 et
997 784 1110 820 latro.
1146 784 1352 833 Contingit
1385 795 1518 823 autem
1555 799 1596 823 ex
1630 787 1808 835 periculo

498 848 733 887 patronatus
757 842 865 888 quod
888 850 1083 889 patronus
1113 853 1350 890 promoveat
1372 857 1464 880 suos
1488 845 1808 893 consanguineos

497 897 590 933 licet
622 897 832 943 inhabiles,
867 911 961 935 suos
995 899 1097 937 filios
1131 901 1347 938 carnaliter
1379 911 1614 950 procreatos
1648 912 1684 940 et
1708 903 1807 940 alios
1828 920 1866 942 ιο

499 956 725 992 mundanos
769 955 967 994 inhabiles
1007 970 1049 994 ex
1087 958 1277 996 virilitate
1316 960 1512 997 bellorum
1552 961 1612 997 vel
1651 973 1694 998 ex
1732 961 1808 998 hoc

499 1014 605 1061 quod
647 1022 739 1050 sunt
772 1015 923 1052 strenui
958 1016 1146 1064 dapiferi3
1188 1026 1224 1053 et
1256 1017 1374 1054 istum
1410 1018 1631 1055 ternarium
1665 1018 1809 1056 intelli-

498 1080 595 1118 gunt
628 1071 792 1120 quidam
832 1086 903 1121 per
940 1073 1037 1110 illud
1070 1075 1156 1113 Joh.
1192 1076 1242 1122 10,
1273 1086 1333 1121 12,
1365 1076 1430 1112 13:
1471 1077 1590 1113 Dedit
1622 1077 1674 1113 eis
1700 1084 1810 1127 pote-

498 1136 634 1165 statem
655 1130 768 1180 filios
790 1131 868 1167 Dei
885 1132 994 1181 fieri,
1028 1133 1115 1181 quia
1140 1145 1212 1169 non
1245 1146 1296 1170 ex
1326 1134 1579 1184 sanguinibus
1611 1147 1729 1184 neque
1760 1147 1811 1171 ex

500 1187 694 1224 voluntate
725 1190 856 1225 carnis
888 1202 1006 1239 neque
1038 1203 1089 1227 ex
1113 1192 1306 1228 voluntate
1338 1192 1414 1228 viri
1443 1193 1511 1229 sed
1542 1205 1593 1229 ex
1614 1194 1698 1229 Deo
1732 1193 1865 1232 nati15

497 1252 594 1281 sunt.
651 1248 699 1282 Et
751 1246 841 1284 talis
887 1248 1111 1285 adulterina
1158 1249 1372 1298 progenies
1421 1259 1607 1299 procreat
1653 1251 1808 1299 prolem

498 1303 645 1340 Christi
679 1317 724 1341 ac
758 1317 827 1341 sue
860 1306 1039 1351 ecclesie,
1075 1319 1165 1343 cum
1200 1316 1380 1356 pastores
1412 1309 1511 1345 tales
1545 1309 1690 1345 debent
1729 1321 1809 1346 ser·

497 1374 588 1398 vare
623 1361 793 1399 fideliter
824 1363 931 1401 istud
965 1364 1108 1413 triplex
1140 1365 1340 1412 officium3
1374 1365 1525 1403 scilicet
1558 1379 1628 1415 per
1660 1379 1809 1415 pascua

498 1419 589 1456 fidei
622 1420 819 1469 scripture
851 1434 1010 1471 semper
1032 1423 1196 1460 virentis
1229 1424 1364 1461 iuvare
1388 1423 1558 1461 fideliter
1580 1437 1672 1462 oves
1705 1438 1809 1471 suas,

498 1490 519 1514 a
559 1478 694 1515 bestiis
732 1479 932 1518 ferocibus
972 1490 1013 1518 ut
1050 1481 1167 1530 lupiS‚
1211 1482 1396 1530 vulpibus
1436 1491 1472 1519 et
1506 1483 1671 1520 canibus
1704 1483 1810 1532 ipsas
1827 1497 1868 1519 20

499 1544 728 1573 constanter
762 1539 973 1576 defendere
1007 1548 1043 1576 et
1076 1539 1201 1577 tercio
1236 1549 1376 1577 contra
1408 1540 1583 1578 scabiem
1619 1550 1655 1578 et
1686 1554 1810 1578 nocu-

500 1603 633 1631 menta
666 1595 744 1632 alia
777 1596 884 1645 ipsas
917 1599 1136 1646 prudenter
1169 1611 1389 1646 perungere
1423 1608 1459 1635 et
1492 1599 1640 1636 iuvare.
1675 1601 1723 1636 Et
1755 1599 1810 1636 ita

498 1661 589 1688 sunt
622 1662 788 1701 peccata
821 1655 894 1691 sibi
928 1655 1098 1693 invicem
1133 1657 1497 1705 correspondencia
1527 1666 1563 1694 et
1587 1669 1630 1694 ex
1654 1658 1809 1695 cautela

500 1710 650 1748 diaboli
684 1713 911 1750 cathenata.

557 1768 750 1806 Diabolus
789 1780 923 1808 autem
964 1771 1152 1819 cogitavit
1187 1772 1312 1809 multa
1354 1772 1487 1809 media
1520 1775 1570 1810 ad
1602 1773 1708 1810 istud
1741 1787 1809 1822 pa·
1826 1778 1866 1810 25

498 1836 652 1863 storum
676 1828 822 1865 vicium
846 1829 1131 1867 inducendum.
1166 1829 1322 1867 Induxit
1346 1830 1450 1866 enim
1481 1843 1551 1879 per
1579 1831 1808 1880 superbiam

498 1894 735 1934 patronatus
776 1896 813 1924 et
846 1888 998 1925 dotavit
1032 1888 1241 1926 ecclesiam
1282 1901 1328 1925 ac
1361 1888 1487 1926 tercio
1521 1890 1809 1938 depauperavit

497 1944 697 1980 seculares
742 1945 942 1993 dominos,
986 1955 1029 1983 ut
1074 1959 1144 1994 per
1182 1948 1258 1984 hoc
1303 1949 1353 1984 ad
1397 1947 1624 1995 symoniam
1670 1947 1809 1996 pocius

497 2001 750 2040 inclinentur.
803 2005 851 2039 Et
895 2003 951 2041 ita
995 2014 1087 2041 sunt
1134 2014 1307 2053 quatuor
1358 2006 1504 2053 gradus
1548 2005 1589 2042 in
1634 2005 1809 2054 prelacia

498 2059 741 2107 huiusmodi,
775 2061 877 2098 sicut
899 2071 992 2099 sunt
1016 2071 1189 2111 quatuor
1212 2071 1337 2100 status
1366 2062 1450 2100 sine
1473 2063 1620 2100 Christi
1643 2063 1810 2101 licencia
1826 2068 1867 2101 30

497 2118 734 2155 introducti:
789 2119 942 2157 scilicet
994 2121 1122 2157 clerus
1176 2120 1363 2168 cesarius,
1425 2121 1613 2159 monachi
1666 2121 1808 2168 dotati,

498 2175 683 2212 canonici
717 2185 837 2226 atque
870 2177 1026 2215 fratres.

555 2234 603 2269 Et
619 2233 691 2270 iste
708 2243 880 2282 quatuor
894 2244 1001 2273 secte
1017 2248 1105 2273 cum
1131 2248 1212 2273 non
1234 2236 1474 2273 introierunt
1489 2249 1559 2285 per
1574 2237 1808 2284 Dominum,

497 2299 588 2327 sunt
627 2303 670 2328 ex
709 2291 786 2328 fide
832 2293 1024 2342 evangelii
1062 2293 1168 2330 fures
1208 2295 1488 2342 perturbantes
1528 2294 1737 2332 ecclesiam
1772 2304 1809 2332 et

498 2349 686 2394 latrones,
733 2358 770 2386 et
809 2349 864 2387 sic
904 2351 1088 2388 diabolus
1130 2360 1270 2389 contra
1312 2351 1551 2389 militantem
1597 2353 1806 2390 ecclesiam
1825 2355 1865 2389 35

499 2406 642 2443 crescit
675 2406 715 2444 in
749 2407 910 2445 malicia
943 2418 980 2446 et
1013 2409 1192 2446 cautelis.
1227 2411 1335 2446 Istud
1368 2419 1503 2447 autem
1538 2419 1596 2447 est
1629 2410 1805 2447 medium

498 2464 537 2501 in
577 2477 696 2502 causa
730 2465 802 2502 Dei
842 2467 995 2503 cunctis
1036 2467 1220 2504 fidelibus
1260 2469 1310 2504 ad
1341 2468 1508 2505 viriliter
1539 2469 1807 2506 laborandum

499 2532 535 2559 et
580 2523 883 2561 ordinacionem
931 2525 1141 2562 militantis
1187 2525 1352 2563 ecclesie
1397 2528 1618 2563 secundum
1658 2535 1806 2564 statum

499 2592 618 2629 quem
654 2581 837 2618 Christus
871 2582 1042 2620 instituit
1075 2584 1363 2621 reducendum.

554 2639 649 2675 Tria
695 2648 827 2677 autem
872 2640 1058 2677 videntur
1101 2641 1279 2678 remedia
1324 2641 1364 2678 in
1408 2643 1482 2679 hoc
1522 2654 1627 2688 casu,
1674 2641 1866 2690 primo4o

496 2697 605 2744 quod
637 2697 779 2744 prelati
812 2707 903 2735 sunt
935 2711 1006 2747 per
1037 2700 1216 2747 regulam
1245 2699 1428 2748 Apostoli
1465 2702 1500 2736 10
1533 2699 1637 2736 Tim.
1662 2701 1746 2745 V10,
1782 2700 1804 2736 8

498 2755 545 2790 de
589 2754 780 2792 alimentis
827 2763 861 2792 et
905 2757 1135 2807 tegumentis
1180 2757 1362 2806 corporis
1407 2756 1641 2794 mensurati.
1692 2759 1806 2794 Tunc

567 2908 607 2933 14·
631 2898 817 2934 Cod.:fieri
835 2900 932 2928 twice.
998 2909 1040 2936 ¹9-
1062 2900 1155 2929 Cod.:
1178 2901 1306 2929 minare.
1372 2909 1417 2929 20.
1440 2901 1535 2930 Cod.:
1558 2905 1590 2929 ul
1608 2901 1687 2937 lupis
1706 2901 1804 2928 twice.
