2062 3276
138 265 215 301 388
697 270 921 303 JOHANNIS
938 268 1124 300 wchF
1144 266 1400 299 SERMONUM
1423 251 1575 309 [SERMO
1596 260 1733 289 xmu-

424 377 528 414 enim
574 377 694 412 vitam
740 375 909 412 activam
957 387 1115 411 necesse
1160 383 1215 410 est
1259 371 1443 409 evacuari
1488 379 1579 407 ante
1619 369 1736 405 finale

423 435 628 471 iudicium.
672 434 763 470 Vita
807 442 940 470 autem
993 431 1304 480 contemplativa
1353 430 1455 466 sicut
1505 437 1542 465 et
1593 427 1736 464 caritas

424 493 600 530 manebit
633 492 673 528 in
694 492 843 540 patria3
876 491 965 528 ideo
988 498 1146 539 oportet
1170 490 1277 538 quod
1300 488 1350 524 sit
1372 486 1592 536 perfeccior
1615 497 1735 533 quam

423 551 565 593 activa,
600 560 636 587 et
669 549 804 598 gracia
842 549 948 585 illius
987 548 1166 597 eligende
1200 546 1371 583 finaliter
1408 553 1568 594 oportet
1600 555 1739 580 omnes

425 609 549 646 active
582 609 755 645 viventes
789 607 958 655 dirigere
991 607 1110 643 vitam
1145 619 1258 642 suam
1291 617 1372 641 non
1406 604 1534 640 solum
1567 615 1639 649 pro
1662 600 1774 638 vita5

425 666 736 714 contemplativa
769 678 889 714 quam
925 666 1116 701 haberent
1150 664 1189 699 in
1222 664 1354 699 futuro
1394 662 1527 698 seculo
1566 661 1635 696 sed
1667 671 1741 706 pro

424 726 504 762 vita
528 724 840 772 contemplativa
856 736 977 772 quarn
993 724 1138 758 debent
1161 723 1307 758 habere
1331 721 1370 756 in
1395 719 1534 756 mortis
1558 717 1740 755 articulo.

425 786 540 820 Tunc
574 783 676 819 enim
712 794 872 819 necesse
906 789 962 817 est
996 792 1156 816 omnem
1191 780 1426 816 salvandum
1460 790 1481 814 a
1512 776 1590 814 vita
1615 774 1741 811 activa

428 854 582 878 cessare
628 850 663 877 et
707 840 783 877 vite
828 837 1137 886 contemplative
1176 837 1395 874 intendere.
1449 836 1539 872 Ideo
1579 834 1635 870 illi
1674 831 1742 881 qui

427 901 649 936 educantur
708 898 748 934 in
806 897 884 934 vita
945 895 1256 944 contemplativa
1315 893 1516 940 continue,
1581 890 1744 927 dimissa
1764 906 1801 927 10

427 957 697 994 sollicitudine
731 957 935 992 mundana
967 954 1146 991 securius
1180 953 1418 989 moriuntur.

486 1018 599 1052 Hanc
631 1023 765 1051 autem
796 1013 918 1050 vitam
953 1012 1068 1060 elegit
1092 1012 1272 1049 Christus
1305 1024 1395 1047 cum
1429 1009 1510 1045 suis
1540 1007 1744 1056 apostolis,

430 1087 519 1110 cum
561 1082 686 1109 matre
725 1081 761 1108 et
800 1070 1020 1108 carioribus
1060 1070 1142 1107 eius
1183 1069 1387 1117 dicipulis:
1432 1069 1499 1103 sed
1537 1065 1654 1102 hodie
1688 1073 1744 1101 est

429 1132 468 1168 in
509 1131 676 1168 ecclesia
717 1130 842 1166 eciam
885 1130 1013 1166 clerus
1052 1137 1209 1165 tantum
1251 1128 1401 1163 mundo
1441 1124 1598 1161 deditus
1638 1124 1745 1172 quod

430 1198 661 1238 contempta
695 1190 769 1225 hac
802 1197 915 1236 parte
938 1186 1094 1234 optima
1118 1188 1264 1222 nedum
1289 1198 1380 1233 pars
1404 1183 1534 1220 activa
1558 1181 1747 1230 bipertita
1767 1185 1803 1216 15

430 1248 601 1296 eligitur,
638 1248 705 1283 sed
738 1259 830 1295 pars
865 1245 1038 1281 filiorum
1079 1244 1195 1280 huius
1235 1243 1355 1279 seculi
1396 1241 1746 1288 condempnanda‚

431 1305 657 1343 cuiusmodi
702 1313 793 1341 sunt
837 1316 976 1340 omnes
1021 1302 1194 1339 finaliter
1239 1302 1482 1337 delectantes
1528 1298 1567 1334 in
1609 1296 1747 1334 mundi

432 1364 584 1401 diviciis
608 1372 645 1400 et
669 1363 752 1399 eius
775 1362 914 1410 gloria,
939 1374 1020 1398 non
1043 1368 1255 1409 operantes
1278 1358 1470 1407 quicquid
1496 1357 1560 1393 hic
1583 1355 1748 1393 fecerint

432 1436 505 1471 pro
539 1430 651 1470 parte
684 1421 838 1470 optima
871 1420 1134 1469 adquirenda.

161 1490 271 1519 Ofthe
290 1488 399 1523 virgin
490 1480 586 1517 Tria
619 1480 754 1527 itaque
788 1478 952 1515 dixerim
988 1476 1145 1514 caritati
1178 1484 1306 1513 vestre
1345 1477 1395 1511 ad
1433 1475 1594 1511 laudem
1634 1473 1748 1508 beate
1766 1486 1807 1507 20

185 1570 204 1588 Ι,
226 1525 315 1586 2¹1}ss
326 1534 375 1585 :we
432 1537 594 1586 virginis
618 1537 755 1583 Marie,
790 1536 921 1585 primo
946 1535 1040 1584 quid
1065 1537 1111 1571 de
1134 1535 1219 1583 ipsa
1242 1533 1393 1581 virgine
1417 1532 1465 1569 sit
1489 1531 1747 1576 credendum,

168 1600 249 1624 must
271 1593 395 1623 believe,
433 1597 609 1634 secundo
655 1596 862 1644 quomodo
908 1596 957 1631 ad
1002 1593 1194 1641 placitum
1237 1591 1352 1628 huius
1384 1589 1548 1638 virginis
1586 1597 1628 1625 ut
1664 1588 1749 1636 ipsa

184 1640 208 1656 Ἷ.
284 1647 291 1655 ι
355 1637 378 1644 ⁷,

145 1630 484 1693 1ntistxldlffttcixxivi11sit
522 1653 638 1690 nobis
683 1666 819 1690 coram
866 1653 947 1688 filio
997 1664 1068 1687 suo
1113 1649 1295 1699 propicia
1340 1657 1396 1685 est
1440 1648 1666 1691 vivendum,
1713 1654 1750 1682 et

145 1734 169 1762 3-
192 1701 267 1762 1123*
283 1698 420 1760 iiif'mav
435 1712 560 1749 tercio
593 1713 799 1760 quomodo
828 1719 984 1747 servata
1018 1717 1248 1745 constanter
1280 1706 1462 1756 propicia
1485 1707 1559 1742 hac
1581 1704 1661 1741 vita
1691 1713 1749 1740 est

177 1774 256 1796 trust
276 1769 305 1795 in
326 1763 411 1795 ¹¹0ss
437 1772 484 1807 de
519 1770 656 1807 matris
690 1769 761 1805 Dei
796 1767 1084 1817 procuracione
1118 1776 1155 1803 et
1188 1765 1378 1813 suffragio
1412 1764 1709 1801 confidendum.
1768 1765 1808 1797 25

181 1848 201 1867 ι.
223 1837 283 1877 We
303 1842 385 1864 must
496 1829 638 1874 Quoad
672 1827 846 1876 primum
880 1834 1039 1874 oportet
1071 1825 1145 1861 tria
1169 1825 1331 1860 credere
1354 1824 1401 1859 de
1427 1831 1552 1858 matre
1575 1819 1750 1864 Domini,

146 1910 178 1943 a)
200 1874 342 1936 thffihsefi'ee
358 1915 422 1933 was
437 1887 613 1934 primum
658 1886 766 1934 quod
811 1885 1011 1921 mediante
1058 1891 1186 1919 morte
1226 1880 1426 1930 corporali
1465 1887 1671 1927 assumpta
1703 1877 1752 1913 sit

163 1942 398 2005 ¹²¹¹<ffl¹¹ealsslgnij¹10
439 1944 555 1981 hodie
589 1945 638 1980 ad
671 1942 981 1987 beatitudinem3
1017 1941 1072 1978 sic
1106 1940 1210 1977 enim
1245 1941 1292 1976 de
1324 1939 1393 1975 illa
1426 1938 1531 1975 canit
1564 1935 1750 1974 ecclesia:

446 2003 670 2039 Veneranda
695 2002 801 2037 nobis
825 2001 975 2037 domine
997 2000 1108 2036 liuius
1130 1998 1206 2035 diei
1220 1997 1421 2046 festivitas
1443 2008 1551 2046 opem
1575 1994 1752 2044 conserat

437 2061 724 2110 sempiternam,
770 2060 805 2094 in
844 2071 916 2107 qua
960 2065 1091 2094 sancta
1125 2057 1200 2092 Dei
1234 2055 1413 2106 genitrix
1444 2060 1606 2090 mortem
1639 2051 1752 2088 subiit
1768 2055 1809 2087 30

438 2119 702 2168 temporalem.
738 2119 820 2153 Nec
845 2125 1052 2153 moveatur
1074 2114 1202 2151 fidelis
1225 2115 1333 2162 quod
1355 2124 1524 2160 sequens
1556 2110 1752 2159 particula

439 2176 637 2213 oracionis
661 2183 857 2223 repugnat
879 2174 1007 2223 prime
1041 2172 1157 2221 parti,
1193 2184 1282 2208 cum
1317 2170 1480 2207 dicitur:
1516 2169 1596 2205 Nec
1627 2176 1752 2204 tamen

441 2235 577 2270 mortis
609 2234 768 2270 nexibus
801 2232 969 2281 deprimi
994 2231 1119 2281 potuit
1152 2242 1221 2278 que
1247 2229 1379 2279 filium
1418 2236 1522 2263 tuzcm
1558 2226 1752 2262 dominum

441 2300 614 2329 nostrum
649 2293 694 2327 de
725 2303 764 2327 se
794 2290 940 2341 genuit,
975 2290 1218 2324 Salvatorem
1252 2287 1506 2323 incarnatum,

499 2352 574 2386 Pro
614 2349 724 2386 cuius
764 2347 1039 2384 declar-acione
1077 2353 1236 2394 oportet
1274 2353 1413 2380 notare
1453 2343 1595 2391 duplex
1633 2353 1755 2389 genus
1772 2343 1811 2377 35

443 2408 583 2444 mortis
617 2407 767 2444 scilicet
801 2415 970 2442 mortem
1003 2404 1225 2453 preciosam
1258 2411 1294 2438 et
1319 2410 1487 2438 mortem
1514 2401 1753 2436 dolorosam.

442 2468 548 2502 Mors
580 2465 761 2514 preciosa
793 2473 850 2501 est
883 2474 1217 2512 quorumcunque
1249 2459 1628 2508 predestinatorum,
1662 2456 1756 2505 quia

443 2533 499 2560 est
525 2524 700 2560 medium
724 2522 992 2559 necessarium
1018 2521 1067 2557 ad
1091 2518 1379 2556 beatitudinem
1402 2526 1611 2565 tamquam
1627 2523 1755 2563 porta.
1773 2540 1848 2571 Fol-

443 2584 549 2618 Mors
583 2591 715 2618 autem
748 2580 877 2628 presci
906 2578 909 2631 Ι
938 2589 1068 2615 torum
1104 2586 1161 2614 est
1193 2577 1393 2621 dolorosa,
1434 2588 1523 2611 cum
1562 2573 1671 2609 ducit
1707 2573 1757 2609 ad
1774 2583 1855 2620 332⁶

513 2704 536 2730 5.
557 2703 692 2730 viventes
702 2712 711 2735 ;
737 2702 779 2729 D:
799 2702 925 2729 viantes.
1019 2708 1059 2733 ¹4·
1082 2698 1153 2726 DG:
1181 2702 1211 2726 et
1229 2699 1335 2725 clerus.
1427 2705 1465 2732 17.
1489 2696 1532 2723 H:
1560 2695 1756 2723 declinantes.

444 2746 483 2765 21.
497 2738 520 2765 Ι)
534 2738 564 2765 iu
578 2745 673 2772 marg,
687 2747 691 2764 ε
709 2736 817 2764 Glossa
830 2736 912 2763 dicta
927 2736 965 2762 de
978 2735 1109 2770 virginis
1121 2733 1224 2760 Mai-ie
1233 2732 1400 2769 suffragiis
1411 2734 1442 2759 et
1451 2730 1757 2765 t'nterpellacionibus-

445 2772 486 2800 23.
508 2773 580 2799 AH:
604 2780 709 2798 corum
730 2772 822 2798 deest.
888 2778 934 2804 24.
956 2770 1060 2797 ADG:
1078 2768 1222 2804 propicia
1244 2770 1338 2794 deest.
1407 2767 1452 2793 26.
1474 2766 1499 2792 D
1521 2766 1550 2792 in
1573 2772 1687 2799 marg:
1710 2771 1756 2790 1771.

445 2816 492 2842 29.
515 2807 557 2834 G:
579 2807 714 2842 confert.
768 2805 816 2839 34.
830 2806 869 2832 A:
891 2806 1083 2832 salvatorem
1104 2803 1197 2830 deest.
1253 2801 1293 2829 35.
1310 2802 1333 2828 I)
1351 2801 1379 2828 in
1397 2808 1511 2835 marg:
1532 2799 1620 2827 Mors
1633 2799 1756 2834 auplex.

518 2889 647 2923 28—31
679 2890 744 2920 and
773 2889 919 2928 32—34.
951 2887 1070 2919 Oratio
1097 2887 1130 2917 in
1156 2885 1214 2917 the
1240 2887 1331 2916 Mass
1358 2884 1409 2915 for
1434 2883 1492 2915 the
1517 2882 1756 2924 Assumption.
