2062 3276
188 909 225 930 10

186 1188 221 1220 15

244 266 379 296 smnio
400 256 498 315 xm]
724 271 915 311 QUARTA
944 272 1069 304 PARs.
1772 280 1780 302 1
1801 280 1809 303 1
1826 281 1845 315 7

303 376 418 413 Circa
456 377 532 413 hoc
571 377 818 425 evangelium
853 378 1033 426 Apostoli
1079 388 1136 415 est
1183 382 1405 416 notandum
1451 383 1558 430 quod
1587 389 1718 418 Honour
1738 391 1848 418 ducto

243 435 363 471 verba
408 434 479 470 Dei
524 448 600 483 que
645 444 736 471 sunt
780 448 823 471 ex
868 435 1022 484 integro
1066 439 1186 474 verba
1231 438 1423 486 evangelii
1468 449 1559 476 sunt
1619 426 1671 454 the
1690 426 1814 461 gospe1;

244 491 415 529 maxime
447 505 469 529 a
502 493 720 529 viatoribus
754 494 1000 530 honoranda.
1050 495 1160 531 Sicut
1204 496 1310 531 enirn
1356 496 1460 532 idem
1502 507 1559 533 est

244 549 447 586 Christum
501 550 663 598 diligere
717 560 753 587 et
806 551 970 599 diligere
1021 554 1141 589 verba
1203 566 1274 590 sua
1340 555 1398 600 (ut
1450 564 1559 602 patet

245 609 331 644 Joh.
366 609 487 654 X1V0‚
524 609 606 655 23),
652 609 707 645 sic
750 609 855 645 idem
890 619 947 645 est
982 611 1179 647 honorare
1212 613 1332 648 verba
1364 612 1558 660 scripture

242 675 279 702 et
314 667 510 702 honorare
544 666 753 703 dominum
786 669 919 703 Jesum
945 668 1162 705 Christum.
1198 671 1245 705 Et
1278 669 1370 706 hinc
1405 670 1487 718 ipse
1520 670 1559 706 in

241 723 538 772 proteccionem
572 724 632 760 sui
672 734 810 761 contra
855 725 1058 761 diabolum
1105 739 1198 763 usus
1243 727 1316 764 fuit
1361 728 1559 776 scriptura

240 781 387 829 triplici
421 781 546 829 magis
580 795 701 831 quam
735 783 807 819 fuit
839 783 922 819 eius
957 784 1183 821 humanitas
1217 786 1464 822 honoranda.
1512 788 1559 822 Et

242 839 333 876 hinc
366 849 448 876 tota
482 840 749 877 communitas
783 841 962 877 fidelium
995 841 1086 878 licet
1119 845 1340 879 secundum
1386 844 1557 880 formam

240 897 507 946 pharisaicam
553 898 767 935 confitetur
812 899 1061 947 evangelium
1108 901 1357 948 honorabile,
1403 903 1471 938 sed
1516 901 1557 938 in

240 955 374 1003 signis.
407 957 508 992 Nam
541 957 643 992 lecto
677 956 881 1005 evangelio
915 967 1127 1005 assurgunt
1151 959 1284 1005 erecti,
1311 962 1556 1007 deponentes
1606 967 1629 995 it
1649 968 1674 995 is
1695 968 1773 1006 paid¹
1788 968 1817 995 in

240 1013 407 1061 capucia
440 1022 477 1050 et
510 1027 626 1050 cruce
659 1028 699 1051 se
732 1015 902 1063 signant,
937 1017 1148 1053 attendunt
1181 1018 1344 1053 vocibus
1368 1027 1404 1054 et
1428 1003 1844 1072 parie-13[ss{fr¹2{s{¹l{¹g}‚

239 1081 297 1107 tes
329 1072 573 1108 osculantur.
608 1073 780 1109 Maiores
803 1082 938 1110 autem
964 1074 1110 1110 habent
1134 1075 1285 1122 gladios
1310 1077 1555 1124 deportatos,
1636 1073 1784 1135 Γὲἓὲἐῑΐῖἓ

239 1138 276 1165 et
308 1129 444 1166 onmia
477 1129 551 1166 ista
584 1130 684 1167 fiunt
717 1131 757 1166 in
790 1131 946 1179 signum
972 1132 1231 1179 cognicionis,
1266 1133 1494 1170 devocionis
1519 1143 1557 1170 et
1647 1142 1775 1177 indeed;

239 1187 480 1224 defensionis
514 1188 707 1236 evangelii
739 1191 829 1225 Jesu
863 1188 1024 1226 Christi.
1071 1191 1147 1226 Sed
1192 1201 1355 1239 pactum
1391 1191 1482 1228 fidei
1515 1192 1556 1228 in

238 1246 344 1282 facto
377 1245 524 1292 deficit,
559 1259 649 1282 curn
686 1255 814 1283 cartas
847 1259 938 1283 suas
971 1249 1031 1284 vel
1055 1248 1160 1285 dicta
1184 1249 1393 1285 hominum
1417 1251 1556 1286 volunt

238 1316 364 1351 usque
403 1305 453 1340 ad
492 1314 661 1340 mortem
702 1305 912 1341 defendere
955 1307 1023 1341 sed
1062 1320 1084 1343 a
1122 1307 1326 1344 sentencia
1364 1307 1554 1356 evangelii

237 1361 460 1398 vecorditer
511 1364 781 1399 retrocedunt.
845 1366 893 1400 Et
945 1372 1079 1400 tamen
1133 1377 1175 1401 ex
1228 1365 1305 1401 fide
1358 1365 1555 1414 scripture

238 1421 309 1455 Isa.
343 1420 481 1466 XLV0‚
522 1421 565 1456 15
604 1423 708 1457 Deus
753 1434 833 1457 non
877 1431 935 1459 est
967 1435 1083 1458 voces
1116 1424 1175 1459 vel
1209 1423 1320 1471 signa
1352 1424 1555 1460 sensibilia

237 1479 305 1513 sed
337 1490 426 1514 vere
459 1479 567 1514 Deus
600 1479 857 1523 absconditus,
890 1480 980 1517 ideo
1014 1493 1129 1516 suum
1164 1481 1414 1529 evangelium
1439 1483 1555 1518 debet

236 1534 404 1583 quilibet
437 1549 563 1584 usque
596 1538 645 1573 ad
680 1546 849 1573 mortem
884 1539 1096 1575 defendere
1130 1548 1338 1587 tamquam
1374 1540 1493 1576 fidem
1518 1548 1555 1576 et

236 1606 306 1641 per
338 1606 585 1643 consequens
618 1603 797 1631 tenentes
829 1595 960 1644 ipsum
995 1597 1165 1633 fideliter
1197 1597 1327 1634 debite
1360 1597 1555 1634 sustinere

236 1660 273 1687 et
305 1653 560 1689 adversantes
601 1652 733 1701 ipsum
780 1655 1030 1702 evangelium
1076 1655 1243 1691 omnino
1287 1657 1553 1693 substernere.

236 1711 314 1746 Sed
357 1712 481 1758 (quod
520 1719 577 1747 est
618 1711 923 1748 subtilissimum
962 1722 1173 1761 peccatum
1213 1714 1388 1761 dyaboli)
1436 1714 1554 1750 hodie

236 1767 278 1804 fit
301 1777 478 1815 econtra,
502 1782 594 1806 nam
614 1770 714 1806 lecta
729 1769 928 1818 scriptura
950 1780 1112 1819 patente
1135 1781 1275 1809 contra
1299 1771 1553 1809 dotacionem

234 1825 400 1862 ecclesie
454 1836 560 1864 carte
614 1829 789 1864 humane
841 1830 1059 1876 prevalent,
1110 1838 1147 1865 et
1192 1839 1553 1878 quantumcunque

234 1884 331 1920 fides
364 1884 560 1933 scripture
594 1895 733 1922 contra
766 1899 927 1923 causam
964 1887 1102 1923 mundi
1136 1889 1195 1924 vel
1229 1888 1402 1924 hominis
1435 1888 1552 1924 fuerit

233 1942 403 1989 allegata
443 1944 503 1979 vel
547 1943 708 1992 scripta,
755 1945 1055 1993 contempnitur
1097 1947 1157 1981 vel
1201 1955 1368 1992 tacetur,
1418 1955 1454 1982 et
1498 1946 1553 1982 sic

234 1999 393 2036 Christo
438 2010 670 2049 contempto
714 2002 911 2049 ydolatria
958 2003 1236 2049 committitur,
1291 2017 1380 2041 cum
1434 2003 1552 2040 nimis

233 2057 446 2094 infideliter
499 2059 643 2096 colitur
694 2061 782 2107 plus
834 2070 1064 2109 acceptum3
1120 2071 1156 2098 et
1207 2062 1264 2098 sic
1317 2075 1435 2099 causa
1480 2061 1552 2098 Dei

232 2125 396 2164 propter
428 2129 568 2154 causas
603 2117 811 2154 hominum
857 2120 916 2155 vel
960 2120 1117 2155 lucrum
1159 2122 1410 2157 mundanum
1444 2132 1552 2168 sper-
1576 2135 1607 2154 as
1628 2127 1654 2154 is
1674 2127 1784 2155 shown
1807 2128 1839 2155 in

232 2173 353 2219 nitur,
398 2184 441 2211 ut
472 2184 581 2223 patet
614 2177 748 2224 patule
781 2176 822 2213 in
867 2177 983 2213 bullis
1028 2191 1224 2226 paparum
1270 2187 1307 2214 et
1353 2178 1551 2215 mandatis
1573 2162 1659 2190 these
1679 2162 1838 2190 crusades.

233 2232 442 2268 hominum
475 2233 516 2269 in
549 2233 633 2269 istis
667 2234 795 2271 crucis
843 2235 1116 2272 ereccionibus
1162 2236 1279 2273 hodie
1324 2236 1550 2284 publicatis.

233 2291 347 2326 Unde
379 2290 568 2327 fratribus
601 2292 899 2340 publicantibus
945 2306 988 2330 ex
1033 2295 1199 2331 adverso
1231 2308 1429 2343 paparum
1463 2307 1550 2330 sen·
1584 2301 1824 2364 Oxnvpgisfffiignt

176 2352 190 2383 ἲ
232 2348 403 2385 tenciam
438 2349 476 2384 in
512 2350 584 2386 hac
626 2360 738 2398 parte
783 2364 901 2387 unus
947 2351 1111 2388 fidelis
1156 2352 1428 2400 publicavit
1472 2362 1550 2388 tres
1567 2367 1836 2406 publi'shedtlu-ee

232 2406 507 2443 conclusiones
552 2407 591 2443 in
635 2408 711 2445 ista
758 2409 938 2455 materia,
992 2410 1151 2446 fraudes
1196 2411 1364 2447 fratrum
1411 2420 1550 2447 contra
1594 2406 1811 2434 conclusions:

231 2463 441 2512 episcopos
464 2467 699 2513 detegendo.
736 2467 867 2504 Prima
891 2480 985 2515 ergo
1008 2468 1080 2504 fuit
1104 2468 1202 2504 ista:
1236 2470 1397 2504 Nullum
1431 2477 1550 2517 caput

301 2606 320 2625 1.
342 2599 386 2625 A:
408 2601 454 2625 est
472 2599 569 2626 twice.
643 2598 667 2627 3.
689 2600 758 2627 DE:
785 2609 803 2628 a
826 2600 927 2633 deest3
956 2601 996 2628 ib.
1019 2602 1042 2628 l)
1065 2602 1093 2629 in
1116 2610 1212 2637 marg.
1236 2611 1320 2637 sup.:
1350 2603 1548 2630 Honorinum

236 2636 307 2659 sunt
326 2633 417 2660 verba
439 2634 500 2660 Dei
519 2634 599 2661 Sicut
619 2635 700 2662 Deus
720 2638 751 2662 et
768 2635 928 2671 diligenda
948 2636 1027 2663 sicul
1047 2637 1139 2666 Deus,
1161 2637 1233 2673 quia
1253 2637 1331 2664 idem
1351 2641 1397 2665 est
1415 2638 1550 2674 diligere

230 2667 325 2694 Deum
345 2671 375 2695 et
393 2668 485 2695 verba
503 2677 560 2695 sua
572 2679 581 2696 :
600 2668 624 2696 E
644 2669 674 2697 in
696 2678 762 2697 mar
786 2679 808 2697 .:
831 2670 912 2698 Nota
933 2671 1016 2706 quod
1034 2671 1112 2698 idem
1133 2675 1180 2699 est
1195 2672 1347 2699 Christum
1366 2672 1502 2707 diligere
1521 2676 1551 2700 et

230 2702 289 2728 dili
312 2710 364 2729 ere
383 2703 505 2730 verbum
525 2711 620 2730 Suum.
701 2713 735 2732 11.
803 2705 833 2732 in
856 2713 969 2740 marg:
992 2705 1071 2733 Nola
1092 2707 1175 2733 bene.
1250 2714 1288 2734 12.
1304 2708 1348 2734 A:
1368 2708 1546 2743 assignant.

231 2736 271 2764 16,
294 2746 295 2749 ¹
324 2747 329 2764 :
346 2737 468 2764 dictum.
524 2745 569 2765 20.
585 2738 641 2765 AD
655 2748 661 2765 z
675 2739 840 2767 secundum
854 2741 1059 2776 evangelium.
1116 2741 1230 2777 25—27.
1246 2743 1290 2769 A:
1307 2742 1500 2769 dotacionem
1515 2758 1548 2762 —

230 2774 338 2799 contra
359 2772 453 2799 deest.
526 2772 572 2800 28.
592 2773 616 2800 E
636 2773 666 2800 in
688 2782 802 2809 marg:
830 2774 944 2802 videre.
1017 2774 1060 2811 37.
1082 2776 1138 2803 ΑΕ
1158 2776 1188 2803 in
1210 2785 1323 2812 marg:
1350 2776 1455 2804 Prima
1476 2785 1547 2805 con-

230 2806 346 2840 clusio;
365 2806 390 2834 E
410 2807 439 2834 in
462 2815 577 2842 marg:
602 2807 701 2843 Caput
718 2809 852 2837 ecclesie.

301 2890 355 2932 37.
380 2890 623 2934 W'alsingham
650 2892 737 2923 Hist.
764 2892 864 2935 Angl.
892 2893 929 2932 11,
958 2903 998 2934 72
1027 2899 1059 2924 et
1085 2903 1183 2936 seqq.
