2062 3276
255 260 391 288 SERMO
414 248 506 306 Lm]
735 261 927 300 QUARTA
955 260 1080 292 PARS.

256 371 316 407 vel
361 369 468 407 aliud
514 370 563 406 ad
608 369 717 417 quod
764 379 960 416 pauperes
1012 379 1093 403 non
1146 374 1306 415 possent
1359 365 1566 413 attingere,

258 429 386 465 forent
426 439 621 476 pauperes
665 425 893 463 necessitati
933 437 1100 473 regnum
1146 426 1312 473 perdere
1352 433 1389 461 et
1428 423 1568 459 divites

257 486 387 524 allecti
427 486 476 522 ad
514 485 812 533 impetrandum
851 482 1106 531 temporalia,
1147 491 1188 518 ut
1222 491 1311 530 post
1344 481 1566 518 dominium

257 544 316 581 vie
340 544 487 581 intrent
511 542 733 579 dominium
758 543 865 590 quod
895 540 1127 577 seculariter
1155 540 1436 588 impetrarunt,
1460 540 1569 588 quod

226 606 359 639 §esset
400 601 617 639 maximum
651 599 947 638 inconveniens.
988 600 1079 635 Ideo
1113 598 1296 636 Christus
1328 597 1466 635 statuit
1500 609 1570 645 per

258 673 298 697 se
346 659 523 709 precium
571 658 686 695 huius
731 656 963 694 commercii
1009 658 1155 694 bonam
1199 656 1446 693 voluntatem
1493 667 1570 704 que

261 718 430 755 maxime
464 726 521 753 est
554 716 594 753 in
618 725 816 764 potestate
849 715 1061 752 cuiuslibet
1083 714 1260 752 viatoris.
1295 715 1409 751 Unde
1438 715 1569 750 solum

260 776 433 813 finaliter
466 775 706 823 impenitens
729 786 900 822 peccans
934 773 973 809 in
996 772 1191 821 Spiritum
1217 774 1408 809 Sanctum
1443 772 1570 808 seclu-

259 834 366 870 ditur
397 835 446 871 ab
480 835 555 869 hoc
589 845 710 881 regno
743 841 800 875 tut
838 840 948 880 patet
980 831 1147 868 Matthei
1180 832 1299 877 X110)‚
1340 840 1377 867 et
1411 842 1454 867 ex
1493 829 1571 866 ista

206 908 243 928 10
259 891 516 929 conclusione
559 900 642 927 tam
688 900 872 939 patenter
915 898 1108 938 sequente
1159 901 1202 925 ex
1248 888 1325 925 fide
1372 888 1571 937 scripture

259 959 369 999 patet
413 951 522 998 quod
561 948 729 998 quilibet
775 947 903 984 fidelis
942 946 1168 996 postposita
1213 946 1323 983 omni
1363 946 1441 983 alia
1486 947 1571 994 lege

258 1009 317 1045 vel
341 1007 525 1045 doctrina
548 1007 718 1044 disceret
741 1005 930 1055 precipue
954 1006 1071 1043 istam
1095 1006 1237 1054 legem.
1272 1006 1386 1042 Unde
1407 1013 1572 1053 propter

260 1066 343 1103 eius
387 1065 667 1103 necessitatem
714 1073 751 1101 et
795 1064 1120 1113 solempnitatem
1167 1072 1225 1100 est
1266 1075 1368 1112 opus
1399 1062 1570 1109 sabbati,

260 1125 421 1173 quando
444 1123 625 1161 homines
649 1132 740 1159 sunt
765 1122 891 1171 magis
914 1122 1039 1171 quieti
1063 1131 1100 1159 et
1127 1120 1418 1170 solempniores
1442 1121 1569 1169 ipsam

207 1187 244 1219 15
261 1182 482 1220 addiscere.
524 1183 613 1227 Quo
647 1181 784 1218 habito
823 1190 933 1229 patet
966 1182 1076 1229 quod
1114 1192 1235 1216 nemo
1269 1188 1400 1228 potest
1439 1178 1569 1227 ipsam

262 1241 414 1278 discere
439 1239 514 1276 nisi
548 1239 738 1287 magister
759 1239 944 1287 gencium
979 1238 1137 1276 affuerit
1161 1247 1198 1274 et
1220 1237 1350 1286 ipsam
1374 1237 1570 1274 docuerit.

262 1300 354 1335 Ideo
388 1311 605 1347 queramus
638 1299 686 1334 ab
712 1310 758 1334 eo
791 1299 931 1343 (modo
964 1310 1044 1346 quo
1069 1299 1203 1345 supra)
1237 1297 1344 1345 quod
1378 1305 1435 1332 est
1461 1307 1571 1332 man-

261 1358 400 1394 datum
434 1369 626 1404 magnum
660 1355 700 1391 in
732 1356 830 1403 lege.
866 1356 1033 1392 Constat
1065 1354 1228 1404 quidem
1263 1367 1307 1390 ex
1338 1354 1428 1390 XX0
1462 1353 1570 1402 capi-

261 1416 346 1452 tulo
370 1414 494 1451 Exodi
519 1415 726 1462 quomodo
751 1414 967 1462 decalogus
992 1414 1275 1450 mandatorum
1300 1424 1420 1461 quern
1444 1411 1571 1449 eciam

205 1486 246 1508 20
261 1475 475 1510 observant
506 1472 620 1509 Judei
653 1471 802 1508 divisus
836 1481 893 1508 est
926 1471 965 1508 in
998 1473 1097 1508 duas
1120 1471 1292 1516 tabulas,
1325 1469 1366 1506 in
1399 1483 1570 1519 quarum

262 1544 340 1568 una
373 1530 695 1567 inscribebantur
717 1529 795 1567 tria
829 1531 1020 1566 mandata
1044 1541 1120 1578 que
1153 1530 1300 1566 docent
1323 1531 1451 1565 Deum
1485 1527 1572 1565 dili-

261 1602 364 1638 gere,
400 1588 552 1626 scilicet
576 1589 804 1637 nonfacere
815 1588 949 1638 falsos
972 1589 1090 1635 Deos,
1113 1600 1194 1624 non
1216 1599 1414 1624 assumere
1437 1599 1572 1623 nomen

262 1648 338 1684 Dei
367 1647 402 1683 in
437 1660 574 1683 vanum
609 1647 676 1683 sed
711 1646 927 1683 meminisse
958 1658 1120 1683 servare
1150 1646 1352 1682 sabbatum
1362 1659 1375 1690 ,·
1406 1645 1453 1681 de
1486 1644 1573 1693 qui-

262 1707 333 1742 bus
366 1705 498 1742 hodie.
532 1706 640 1741 Idem
675 1704 779 1741 enim
804 1713 862 1741 est
884 1706 1012 1740 Deum
1038 1703 1201 1752 diligere
1231 1712 1268 1740 et
1297 1705 1369 1740 hec
1401 1715 1572 1748 servare,

205 1767 244 1799 25
261 1763 356 1813 quia
392 1764 481 1800 Joh.
521 1764 641 1807 X1V0,
678 1773 722 1798 21
770 1761 866 1799 dicit
903 1761 1079 1799 Veritas:
1125 1762 1204 1811 Qui
1240 1762 1352 1798 habet
1390 1761 1572 1797 mandata

262 1835 345 1858 mea
383 1829 418 1858 et
460 1828 592 1857 servat
630 1833 672 1857 ea
718 1821 796 1870 ipse
834 1827 889 1856 est
932 1820 996 1869 qui
1033 1820 1163 1870 diligit
1206 1832 1275 1855 me.
1329 1820 1405 1864 Qui
1446 1827 1572 1855 autem

263 1880 392 1930 diligit
425 1891 483 1915 me
515 1879 704 1929 diligetur
734 1891 756 1914 a
783 1886 901 1928 patre
932 1891 1029 1917 meo,

320 1938 375 1973 Ex
419 1949 498 1986 quo
544 1945 654 1985 patet
706 1935 1021 1973 convertibilitas
1067 1937 1211 1972 horum
1255 1935 1396 1971 trium:
1445 1937 1572 1971 Deum

263 1995 439 2044 diligere,
474 1996 664 2032 mandata
698 1994 781 2031 eius
813 2007 972 2031 servare
1006 2003 1042 2030 et
1075 2006 1159 2030 esse
1192 1992 1231 2029 in
1265 1993 1399 2041 gracia
1434 2002 1470 2029 et
1503 2005 1573 2042 per

206 2058 248 2090 '30
263 2066 513 2102 consequens
546 2065 568 2089 a
601 2055 684 2089 Deo
718 2052 841 2101 diligi.
883 2054 1091 2101 Repugnat
1126 2051 1232 2088 enim
1267 2051 1503 2099 gratitudini
1536 2060 1573 2087 et

263 2111 416 2149 racioni
440 2111 587 2148 terreni
621 2110 774 2147 domini
798 2112 906 2159 quod
939 2109 1157 2147 constituat
1179 2119 1371 2158 precepta
1404 2110 1573 2146 honesta

262 2182 375 2207 servo
416 2183 502 2216 suo,
545 2179 582 2206 et
620 2170 730 2217 quod
770 2168 834 2205 ille
867 2181 1001 2205 servus
1040 2167 1265 2205 voluntarie
1298 2168 1466 2216 impleat
1505 2167 1573 2204 illa

263 2228 399 2265 omnia
436 2228 545 2264 iuxta
583 2227 700 2271 vires,
741 2240 832 2263 cum
874 2228 949 2264 hoc
989 2228 1097 2276 quod
1136 2226 1202 2263 ille
1243 2225 1430 2262 dominus
1463 2225 1573 2262 odiat

263 2299 419 2323 servum
452 2285 578 2324 illum.
611 2286 738 2322 Multo
762 2285 889 2333 magis
922 2293 1120 2333 repugnat
1143 2287 1229 2321 Deo
1263 2284 1330 2333 qui
1355 2293 1412 2320 est
1446 2283 1573 2321 domi-

207 2348 246 2380 35
263 2357 337 2381 nus
369 2343 632 2392 gratissimus,
673 2343 1056 2380 racionabilissimus
1096 2352 1133 2379 et
1171 2342 1472 2387 scientissimus,
1507 2341 1574 2390 qui

263 2402 417 2438 nullum
451 2401 661 2438 servicium
697 2401 865 2450 requirit
897 2402 946 2438 ab
970 2400 1131 2437 homine
1163 2401 1239 2437 nisi
1270 2399 1573 2437 observanciam

264 2460 455 2507 facilium,
495 2459 803 2497 racionabilium
844 2468 881 2496 et
918 2459 1078 2496 utilium
1120 2460 1417 2497 mandatorum.
1465 2458 1575 2495 Licet

264 2527 397 2555 autem
432 2517 563 2555 omnis
596 2517 837 2555 christianus
862 2519 979 2554 debet
1013 2530 1056 2554 ex
1088 2517 1166 2554 fide
1190 2528 1432 2566 cognoscere
1466 2517 1574 2566 quod

334 2648 355 2668 1.
376 2640 419 2668 D.
440 2640 500 2667 sibi
515 2640 570 2668 vel
663 2640 862 2702 ,ΖΑεῠῐῦονενζῐ
873 2648 1033 2676 pauperes
1053 2640 1148 2668 deest.
1221 2639 1249 2674 8
1270 2647 1298 2675 9.
1319 2641 1364 2668 A:
1384 2641 1517 2669 secludit
1532 2648 1573 2668 se.

265 2684 299 2703 11.
326 2675 369 2702 D:
396 2683 539 2702 omnzum.
834 2675 928 2702 illam.
1055 2683 1096 2709 14.
1123 2674 1166 2702 D:
1195 2675 1305 2708 islam,·
1333 2674 1375 2703 G:
1406 2676 1449 2703 ad
1473 2677 1573 2704 istam

264 2717 306 2745 19
327 2711 371 2737 A.
399 2713 431 2737 et
447 2717 544 2745 quem
628 2716 664 2743 24
664 2682 739 2738 ¹2A:
767 2710 846 2738 enim
866 2710 961 2737 deest.
1051 2710 1098 2737 26
1118 2709 1192 2737 DG:
1220 2718 1288 2737 mea
1309 2709 1409 2743 deest;
1436 2711 1476 2739 ib.
1497 2711 1522 2738 D
1544 2710 1573 2738 in

264 2753 331 2772 mar
372 2744 485 2771 Idem
505 2748 551 2771 est
567 2718 701 2778 diligere
719 2744 826 2777 Deum,
853 2745 999 2772 mandata
1020 2745 1079 2772 Det
1098 2752 1227 2772 servare
1252 2747 1285 2772 et
1306 2753 1373 2772 esse
1397 2754 1429 2772 m
1450 2753 1574 2779 gracia.

262 2778 298 2807 30
376 2779 405 2806 in
429 2787 524 2814 marg
536 2789 541 2794 ·
562 2778 643 2806 Nota
664 2780 747 2806 bene.
820 2766 863 2807 32.
880 2780 923 2806 G:
945 2780 1012 2806 iste.
1085 2778 1127 2807 33.
1150 2780 1174 2807 D
1196 2780 1226 2807 in
1247 2788 1361 2815 marg:
1382 2779 1464 2808 Nota
1484 2781 1575 2808 istam

264 2814 421 2842 racionem
440 2813 478 2841 de
492 2801 638 2849 prescitis
655 2814 686 2841 in
707 2815 831 2850 gracia,
852 2815 904 2842 ubi
919 2818 1079 2850 repugnat
1096 2814 1134 2842 ei.
1208 2813 1254 2848 34.
1275 2814 1318 2842 D:
1338 2814 1480 2843 Domino.

334 2894 389 2918 22.
413 2885 524 2918 Exodi
549 2885 622 2926 XX,
649 2886 679 2926 3,
707 2895 738 2928 7,
763 2884 796 2918 8.

1773 263 1847 295 411

1606 1942 1653 1971 To
1675 1944 1741 1970 love
1762 1943 1844 1977 God,

1625 1983 1656 2005 to
1678 1979 1752 2014 keep
1772 1978 1830 2006 His

1585 2013 1865 2047 commandments,

1617 2048 1676 2075 and
1697 2053 1728 2076 to
1749 2048 1785 2075 be
1805 2048 1835 2075 in

1618 2090 1708 2117 grace
1728 2091 1778 2110 are
1800 2083 1837 2110 all

1692 2126 1760 2145 one.
