2062 3276
868 889 1013 920 Sermo
1040 888 1064 920 1.

147 948 237 980 Caro
266 958 342 980 mea
369 957 451 979 vere
477 953 528 979 est
554 946 651 978 cibus
678 953 712 978 et
736 947 878 989 sanguis
905 957 1004 978 meus
1030 956 1111 978 vere
1138 953 1189 978 est
1214 952 1329 989 potus.
1354 945 1432 979 Joh.
1450 946 1507 987 VI,
1536 945 1589 978 56.

561 1008 605 1021 =
631 994 713 1025 Pars
740 993 778 1034 ΙΙ,
805 994 929 1026 Sermo
957 993 1042 1034 LXI,
1069 1003 1147 1036 pag.
1173 992 1370 1035 453—463.

863 1075 1013 1107 Sermo
1039 1075 1078 1107 ΙΙ.

145 1133 316 1176 Egressus
341 1133 442 1165 Jesus
468 1131 734 1175 perambulabat
756 1131 907 1165 Jericho.
935 1133 1028 1165 Luce
1053 1134 1141 1174 XIX,
1165 1144 1192 1165 1.

554 1193 598 1207 =
624 1180 706 1211 Pars
732 1179 756 1220 I,
783 1180 906 1212 Sermo
933 1180 1050 1221 LVIII,
1077 1190 1156 1223 pag.
1183 1178 1376 1223 378—385.

856 1262 1002 1293 Sermo
1028 1262 1082 1294 III.

146 1320 272 1351 Omnis
299 1320 358 1362 qui
386 1319 481 1351 venit
506 1319 548 1350 ad
575 1328 630 1350 me
658 1325 690 1350 et
717 1319 812 1351 audit
843 1329 1024 1352 sermones
1058 1330 1157 1352 meos
1190 1327 1222 1352 et
1254 1320 1334 1352 facit
1366 1330 1438 1361 eos,
1471 1321 1655 1352 ostendam
1688 1321 1787 1353 vobis

285 1367 337 1397 cui
365 1366 488 1397 similis
514 1367 567 1398 sit.
596 1366 689 1397 Luce
714 1366 772 1406 VI,
797 1376 855 1408 47.

573 1426 616 1439 =
642 1412 725 1444 Pars
751 1413 774 1452 Ι,
802 1414 923 1444 Sermo
951 1413 1036 1453 LIX,
1062 1423 1140 1455 pag.
1168 1412 1360 1455 385—393.

854 1494 999 1525 Sermo
1026 1494 1083 1526 IV.

146 1551 250 1583 Facta
276 1557 356 1583 sunt
382 1551 525 1583 encenia
551 1551 585 1582 in
610 1551 803 1584 Jerusalem
830 1558 863 1584 et
887 1551 1036 1596 hyemps
1063 1558 1144 1585 erat.
1169 1551 1247 1584 Joh.
1272 1553 1313 1593 X,
1342 1562 1394 1585 22.

583 1612 627 1625 =
653 1598 736 1630 Pars
763 1598 785 1638 I,
813 1599 935 1630 Sermo
963 1599 1033 1639 LX,
1060 1609 1138 1641 pag.
1167 1600 1360 1643 393—404.

864 1682 1011 1713 Sermo
1036 1682 1078 1714 V.

147 1736 329 1768 Mulierem
357 1736 481 1768 fortem
508 1737 587 1779 quis
614 1737 778 1770 inveniet.
805 1738 906 1770 Prov.
931 1739 1050 1779 XXXI,
1073 1749 1124 1771 10.

547 1799 590 1811 =
616 1784 700 1816 Pars
726 1785 782 1825 IV,
809 1785 932 1817 Sermo
957 1786 1076 1826 XVIII,
1103 1796 1181 1828 pag.
1205 1786 1395 1829 147—157.

854 1868 999 1900 Sermo
1025 1868 1082 1900 VI.

146 1923 182 1954 In
210 1923 374 1955 omnibus
401 1924 560 1966 requiem
586 1925 733 1967 quesivi.
760 1925 866 1958 Eccli.
891 1926 1011 1966 XXIV,
1035 1937 1086 1958 11.

561 1986 605 1999 =
632 1972 714 2003 Pars
741 1972 797 2013 IV,
824 1973 946 2005 Sermo
971 1974 1058 2014 XIX,
1085 1983 1163 2016 pag.
1187 1972 1376 2016 158-167.

846 2055 995 2086 Sermo
1018 2055 1090 2087 VII.

145 2108 220 2150 Ego
247 2109 345 2151 quasi
372 2109 451 2141 vitis
478 2108 692 2143 fructificavi.
717 2111 825 2144 Eccli.
849 2113 969 2154 XXIV,
998 2114 1051 2146 23.

564 2171 608 2184 =
635 2158 717 2190 Pars
743 2159 799 2199 IV,
826 2160 950 2191 Sermo
975 2160 1047 2200 XX,
1073 2170 1151 2203 pag.
1176 2159 1365 2204 167—177.

839 2242 986 2274 Sermo
1012 2243 1100 2275 VIII.

145 2281 359 2325 Significavit
384 2284 490 2316 Deus.
517 2286 629 2328 Apoc.
654 2285 677 2326 I,
710 2297 736 2319 1.

556 2347 600 2360 =
626 2333 709 2365 Pars
735 2334 792 2374 IV,
819 2335 942 2366 Sermo
967 2336 1054 2376 XXI,
1079 2346 1158 2379 pag.
1182 2336 1371 2379 177—188.

851 2416 1000 2448 Sermo
1026 2417 1080 2449 IX.

147 2456 237 2488 Ecce
264 2466 329 2498 ego
353 2456 543 2491 Johannes.
569 2460 680 2502 Apoc.
706 2461 780 2501 Vll,
809 2471 839 2493 2.

550 2520 594 2533 =
620 2506 703 2538 Pars
729 2507 785 2548 IV,
812 2509 934 2540 Sermo
959 2510 1061 2551 XXII,
1087 2520 1167 2553 pag.
1191 2510 1379 2556 188—197.

864 2590 1012 2623 Sermo
1037 2592 1078 2624 X.

145 2641 279 2683 Rogate
307 2652 375 2684 que
402 2643 443 2674 ad
471 2653 593 2685 pacem
619 2652 701 2677 sunt
724 2647 929 2681 Jerusalem.
956 2649 1083 2682 Psalm.
1111 2650 1226 2692 CXXI,
1253 2650 1285 2684 6.

595 2707 639 2719 =
666 2692 748 2724 Pars
775 2694 831 2735 IV,
859 2696 982 2727 Sermo
1007 2697 1060 2737 III,
1087 2707 1166 2740 pag.
1194 2699 1342 2740 24—33.

850 2776 1000 2808 Sermo
1025 2778 1082 2810 XI.

145 2825 221 2856 Fiat
248 2835 311 2866 pax
341 2826 374 2857 in
401 2828 527 2860 virtute
553 2836 622 2862 tua.
649 2830 777 2863 Psalm.
805 2832 919 2873 CXXI,
948 2845 978 2877 7.

591 2891 633 2902 =
661 2877 743 2908 Pars
771 2878 826 2918 IV,
853 2880 976 2911 Sermo
1003 2881 1059 2922 IV,
1086 2893 1163 2924 pag.
1192 2884 1338 2926 34—42.
