2062 3276
160 289 210 323 90

194 629 261 658 Tne
281 629 394 658 Father

218 665 303 699 gives
323 664 373 691 tlie

169 699 375 735 predestinate
395 703 425 725 to

240 734 354 762 Christ.

175 1092 242 1120 The
262 1092 423 1126 reprobate

167 1128 277 1163 rightly
295 1126 438 1154 damned.

198 1614 294 1641 God's
316 1621 418 1648 mercy

189 1649 368 1675 manifested
391 1656 420 1674 ιιι

184 1684 232 1711 the
255 1683 425 1718 reprobate.

174 2198 278 2226 Christ
301 2197 438 2224 redeems

238 2233 309 2268 only
331 2232 379 2258 the

201 2267 420 2302 prede-stiuam.

740 284 963 315 JOHANNIS
982 281 1166 315 WYCLIF
1186 283 1441 315 SERMONUM
1533 269 1685 328 [SERMO
1706 279 1757 308 XI·

447 391 622 428 defuncti
655 389 901 438 solempnius
934 391 1169 437 celebretur,
1210 390 1385 426 secunda
1424 398 1466 426 ut
1498 388 1578 426 vita
1610 388 1758 426 mortui

446 461 516 498 per
550 449 675 485 multa
709 448 916 484 mendacia
950 449 1256 484 commendetur
1300 456 1336 483 et
1379 446 1502 484 tercia
1534 447 1759 495 pharisaica

446 516 489 543 ut
522 508 677 543 lucrum
723 516 880 554 tempor
908 502 911 558 J
941 506 1064 542 alium
1110 505 1384 542 sacerdotibus
1429 505 1667 542 cumuletur.
1713 507 1760 541 Et

448 565 555 602 iuxta
588 565 682 601 istos
715 577 919 600 sermones
953 563 1077 611 aptati
1110 577 1182 611 pro
1217 563 1385 599 mortuis
1418 562 1674 599 laudabiliter
1700 563 1761 599 vel

450 623 701 671 culpabiliter
732 621 950 658 variantur.
986 621 1269 657 Premittamus
1314 634 1407 669 ergo
1452 633 1611 657 sensum
1645 634 1761 657 evan-

449 681 539 729 gelii
561 690 769 728 tamquam
794 680 928 725 fidem,
953 679 1019 715 ubi
1044 688 1183 715 notum
1209 688 1278 725 est,
1302 679 1433 727 primo
1457 680 1564 727 quod
1581 678 1762 715 Christus

448 738 627 787 loquitur
659 740 706 774 de
740 737 906 774 dacione
939 736 1198 785 predestinati
1233 738 1281 773 ad
1308 736 1609 782 beatitudinem,
1642 745 1685 772 ut
1708 736 1762 772 sic

450 799 565 833 datus
599 796 779 844 perficiat
812 808 978 843 regnum
1013 795 1172 840 Christi,
1207 804 1243 831 et
1275 804 1370 831 tunc
1404 803 1511 843 patet
1550 793 1763 830 necessitas

449 854 558 891 verbi
597 853 735 902 primi3
776 863 812 890 et
851 854 1070 890 secundum
1111 854 1275 889 verbum
1310 865 1353 889 ex
1387 854 1461 889 hoc
1494 852 1623 889 evidet
1656 853 1763 900 quod

451 912 695 960 impossibile
740 920 797 948 est
841 911 895 948 sic
940 913 1078 947 datum
1125 911 1283 947 Christo
1334 911 1439 947 foras
1493 910 1565 947 eici
1609 909 1649 946 in
1702 909 1764 946 die

452 970 589 1007 iudicii
622 979 709 1018 post
741 970 802 1005 vel
841 978 945 1008 ante.
991 971 1092 1005 Nam
1131 969 1326 1017 prescitus
1371 981 1509 1005 carens
1554 981 1626 1016 pro
1670 977 1765 1004 tunc

453 1038 559 1065 veste
592 1027 768 1076 nupciali
801 1027 902 1064 sicut
934 1027 1137 1063 obmutuit
1170 1027 1224 1063 sic
1247 1026 1555 1063 irremedialiter
1578 1025 1766 1062 continue

456 1096 512 1123 est
556 1088 809 1134 dampnatus.
856 1085 961 1130 Quid
994 1082 1124 1137 (rogo)
1167 1084 1449 1121 racionabilius
1493 1097 1613 1132 quam
1659 1084 1767 1131 quod

456 1143 649 1193 prescitus
682 1143 750 1192 qui
783 1143 822 1179 in
855 1143 965 1179 omni
999 1156 1142 1191 genere
1175 1142 1393 1179 locucionis
1418 1141 1582 1179 cessavit
1606 1155 1627 1178 a
1651 1143 1767 1178 laude

458 1202 544 1247 Dei,
578 1203 781 1238 laudando
815 1203 1009 1237 mundum
1045 1210 1163 1249 atque
1198 1201 1401 1237 diabolum
1436 1202 1529 1236 dum
1565 1199 1627 1236 hic
1661 1199 1767 1245 vixit,

458 1269 591 1298 careat
636 1272 825 1307 responso
870 1259 909 1295 in
953 1259 1014 1295 die
1059 1258 1196 1295 iudicii
1241 1271 1375 1295 coram
1429 1271 1587 1294 summo
1639 1257 1769 1293 iudice

458 1331 576 1367 quem
610 1317 799 1354 offendit?
838 1319 918 1353 Nec
957 1318 1067 1353 abest
1100 1316 1341 1353 necessitans
1374 1315 1633 1364 poesciencia,
1678 1328 1769 1351 cum

458 1377 523 1412 illa
556 1374 779 1412 necessario
812 1374 908 1411 dicit
953 1375 1110 1422 culpam
1157 1373 1456 1422 dampnabilem
1502 1373 1541 1409 in
1585 1373 1768 1421 prescito.

459 1437 564 1470 Deus
604 1433 709 1469 enim
750 1445 793 1469 ex
832 1434 906 1469 hoc
945 1432 1089 1480 prescit
1124 1435 1283 1469 Petrum
1326 1432 1628 1479 dampnandum
1663 1431 1770 1478 quod

459 1491 604 1541 prescit
637 1491 767 1539 ipsum
812 1503 894 1527 esse
935 1490 1231 1527 racionabiliter
1269 1489 1569 1538 dampnabilem
1608 1498 1772 1537 propter

460 1551 620 1587 finalem
654 1549 965 1597 inpenitenciam
1001 1562 1080 1596 qua
1113 1547 1306 1596 peccabit.

518 1610 564 1644 Et
598 1607 770 1644 breviter
814 1607 917 1643 facta
961 1616 1044 1643 tota
1089 1606 1336 1642 resolucione
1369 1605 1592 1642 causalium
1626 1604 1665 1640 in
1699 1604 1771 1640 ista

463 1665 630 1702 materia
664 1665 782 1713 culpa
825 1665 927 1701 iacet
971 1677 1014 1700 ex
1047 1664 1202 1712 integro
1236 1663 1276 1700 in
1310 1673 1520 1711 peccatore
1554 1672 1589 1699 et
1624 1661 1774 1698 miseri-

462 1724 597 1761 cordia
630 1723 669 1759 in
703 1725 961 1771 dampnante.
997 1724 1187 1770 Magnum
1223 1722 1384 1770 quidem
1420 1730 1476 1757 est
1499 1734 1599 1769 opus
1625 1719 1774 1756 miseri-

462 1782 596 1818 cordie
630 1794 710 1829 quo
735 1783 840 1816 Deus
872 1781 954 1816 vult
988 1782 1183 1816 mundum
1218 1779 1355 1828 perfici
1380 1792 1450 1827 per
1473 1779 1559 1815 illos
1583 1778 1775 1826 prescitos

462 1853 562 1889 quos
596 1842 701 1875 Deus
734 1838 806 1875 scit
838 1839 960 1874 libere
994 1838 1047 1874 sic
1081 1851 1260 1886 peccare.
1295 1840 1374 1873 Nec
1408 1846 1464 1873 est
1494 1835 1776 1873 inconveniens

462 1899 528 1935 sed
564 1910 785 1934 consonum
820 1898 928 1944 quod
961 1896 1132 1932 sciencia
1156 1895 1226 1932 Dei
1260 1905 1395 1932 eterna
1418 1908 1497 1943 qua
1520 1894 1591 1930 scit
1615 1896 1775 1930 Petrum

464 1969 546 1993 esse
580 1955 884 2002 dampnandum
918 1967 990 2002 pro
1025 1953 1132 1990 finali
1166 1952 1463 2001 impenstencia,
1510 1961 1695 1989 causetur
1735 1963 1778 1988 ex

464 2024 600 2051 eterna
633 2012 804 2049 sciencia
845 2025 924 2060 qua
958 2014 1063 2048 Deus
1107 2011 1179 2048 scit
1224 2011 1353 2059 ipsum
1400 2023 1482 2047 esse
1527 2012 1574 2046 de
1618 2009 1777 2046 racione

464 2070 778 2119 dampnabilem,
825 2079 860 2106 et
900 2071 1006 2118 quod
1041 2070 1138 2106 tales
1171 2069 1339 2105 sciencie
1373 2068 1414 2104 in
1448 2068 1601 2104 diverso
1635 2080 1777 2115 genere

465 2128 656 2167 causandi
690 2137 856 2165 causant
889 2140 928 2164 se
962 2127 1177 2175 reciproce.

523 2188 599 2223 Sed
634 2186 773 2222 relicta
807 2185 974 2222 materia
1013 2184 1087 2221 ista
1131 2184 1269 2233 logicis
1314 2193 1466 2220 certum
1513 2191 1569 2219 est
1614 2194 1657 2218 ex
1703 2181 1779 2217 fide

467 2246 574 2294 quod
609 2243 790 2281 Christus
835 2244 1019 2280 neminem
1065 2243 1129 2292 qui
1172 2243 1269 2278 venit
1313 2242 1365 2277 ad
1408 2254 1491 2277 eum
1526 2241 1647 2289 foras
1680 2239 1778 2285 eicit,

467 2303 568 2339 sicut
601 2301 803 2338 neminem
837 2314 956 2350 quern
991 2300 1135 2348 prescit
1168 2301 1217 2337 ad
1251 2298 1585 2347 dampnacionem
1621 2296 1780 2333 redimit

471 2360 545 2397 nisi
579 2359 839 2408 equivocetur
871 2361 918 2396 de
958 2358 1241 2407 redempcione
1275 2358 1408 2406 quoad
1441 2358 1590 2393 bonum
1625 2354 1780 2391 iusticie

470 2418 714 2466 temporalis.
761 2419 894 2463 Quare
940 2426 1074 2453 autem
1119 2416 1299 2453 Christus
1348 2428 1429 2451 non
1474 2413 1633 2450 redimit
1676 2414 1781 2449 hunc

471 2477 530 2513 vel
571 2476 697 2523 illum,
742 2488 861 2512 causa
905 2484 961 2512 est
1004 2474 1099 2523 quia
1142 2473 1288 2523 prescit
1330 2474 1449 2510 talem
1493 2484 1575 2509 esse
1611 2470 1783 2508 finaliter

543 2620 561 2639 1.
584 2611 657 2639 AD.-
679 2610 812 2638 secundo
823 2620 832 2639 :
858 2610 897 2637 ib.
918 2609 973 2638 ΑΕ
993 2609 1023 2637 in
1045 2617 1112 2636 mar
1137 2619 1159 2636 .:
1188 2616 1213 2635 2.
1279 2615 1304 2634 2.
1326 2606 1379 2634 ΑΕ
1400 2606 1429 2633 in
1452 2614 1566 2639 marg:
1587 2613 1620 2640 3.
1687 2612 1714 2640 9.
1737 2605 1781 2631 Α;

471 2647 515 2674 ad
533 2647 597 2673 hoc.
673 2653 710 2672 12.
732 2646 775 2673 A:
803 2645 847 2672 sic
866 2645 959 2672 deest.
1035 2643 1070 2672 13.
1094 2617 1160 2671 153:
1184 2643 1266 2678 Quid
1284 2650 1363 2676 ergo
1385 2640 1544 2677 responsio
1565 2638 1785 2667 racionabilis:

474 2682 497 2709 E
517 2689 613 2708 corr.:
636 2680 867 2707 racionabilius.
943 2680 978 2707 15.
1001 2679 1022 2706 E
1043 2680 1072 2706 in
1096 2686 1209 2712 marg:
1231 2677 1383 2704 Pras-citus
1404 2675 1522 2703 carebit
1540 2674 1739 2709 responsione
1753 2673 1782 2699 in

473 2717 522 2744 :lie
541 2715 657 2743 indicii.
742 2715 782 2742 16.
805 2715 873 2742 DE:
895 2722 999 2741 coram
1019 2722 1133 2741 swnmo
1154 2712 1252 2740 iudice
1273 2712 1367 2738 deest.
1450 2717 1488 2745 17.
1510 2709 1578 2736 DE:
1600 2708 1786 2747 necessitas:

475 2752 514 2779 ib.
537 2751 577 2778 l):
596 2750 740 2785 prescia:
762 2749 798 2775 E:
817 2749 955 2788 presciti.
1030 2757 1071 2778 iu.
1094 2755 1138 2775 20.
1161 2747 1228 2774 DE:
1250 2745 1478 2781 dampnandum
1499 2759 1529 2763 —
1551 2742 1786 2771 racionabiliter

476 2786 559 2813 deest
638 2792 680 2811 22.
703 2785 873 2810 causalium
885 2793 893 2813 ,·
913 2783 981 2811 DE:
1003 2784 1119 2810 talium.
1193 2782 1233 2809 25.
1256 2782 1278 2808 E
1299 2780 1328 2808 in
1351 2788 1464 2815 marg:
1487 2778 1579 2806 Nota.
1652 2777 1692 2804 35.
1715 2776 1783 2803 DE:

477 2820 687 2855 redempcione
706 2818 938 2854 dampnacione.

548 2908 600 2941 33.
627 2905 703 2937 ioh.
722 2905 778 2945 vi,
807 2905 859 2947 37.

1806 497 1826 516 O

1776 486 1839 543 ξ]

1783 543 1818 563 ΊΟ

1779 625 1794 656 5

1785 924 1824 944 10

1789 1202 1824 1234 15

1795 2069 1836 2100 30

1798 2358 1837 2390 35

1821 543 1841 563 Ο

1843 508 1852 517 0

1844 530 1857 547 b
