2062 3276
166 891 203 911 10

164 1170 199 1202 13

123 1902 199 1932 Fol.

118 1946 198 1983 20ὦῦ

156 2331 196 2364 35

222 247 357 275 sumto
379 236 447 293 vr]
699 249 890 287 QUARTA
919 248 1044 279 mus.
1773 242 1818 277 53

221 356 294 392 ista
331 355 438 392 racio
472 356 618 392 faceret
652 355 770 391 fidem
806 363 944 391 contra
977 367 1240 403 quoscunque
1279 356 1426 391 abusus
1466 369 1536 403 per

221 414 435 461 dyabolum
460 413 710 449 introductos
741 421 778 449 et
802 421 978 449 moveret
1001 413 1141 449 fratres
1165 414 1260 448 dum
1283 425 1365 448 non
1389 413 1535 449 fuerint

220 471 259 507 in
295 471 451 508 malicia
484 471 660 507 indurati
699 483 791 507 suos
824 471 1000 507 novellos
1033 469 1192 506 ordines
1226 479 1262 506 et
1296 470 1408 507 fictas
1442 483 1534 507 con-

219 529 450 566 suetudines
497 529 631 565 statim
682 528 882 564 dimittere
930 537 967 564 et
1014 541 1113 576 pure
1161 528 1342 576 religioni
1388 527 1533 565 Christi

219 586 438 623 intendere.
473 588 587 624 Unde
621 586 785 635 quidam
819 595 1006 634 reputant
1031 587 1171 622 fratres
1193 599 1274 622 non
1297 587 1426 622 solum
1451 599 1534 623 esse

218 645 398 681 infideles
439 654 642 693 apostatas
685 645 753 680 sed
792 653 974 692 raptores
1013 653 1134 692 atque
1173 644 1278 680 fures
1317 644 1534 692 spoliantes

219 703 509 750 rempublicam
544 712 580 739 et
613 712 820 750 tamquam
855 703 952 738 tales
982 714 1004 738 a
1033 702 1183 750 populo
1215 703 1533 749 pertractandos.

219 763 298 796 Nec
337 760 451 797 video
492 760 588 809 quin
634 761 775 797 fratres
825 760 961 808 aliquo
1002 772 1066 796 sex
1111 761 1323 796 modorum
1369 773 1534 796 consen-

219 817 367 855 cientes
391 820 440 855 ad
463 832 564 854 onus
598 818 761 854 ecclesie
794 827 884 854 sunt
919 818 1037 854 fidem
1071 817 1267 866 scripture
1300 818 1458 866 publice
1498 828 1534 855 et

218 876 435 913 infideliter
467 876 764 924 impugnantes.

276 936 352 971 Sed
403 936 607 971 redeundo
653 936 702 970 ad
751 943 900 970 textum
951 933 1142 981 evangelii
1192 933 1287 970 dicit
1331 933 1822 976 Christus:A11,‹,v‹md«osu

218 993 336 1029 Amen
386 993 470 1028 dico
522 993 640 1036 vobis,
694 1000 922 1041 receperunt
974 993 1189 1028 mercedem
1242 1004 1373 1036 suanm
1425 993 1531 1040 quod
1553 976 1822 1047 {Zofflfvfteclssoffi

217 1052 381 1086 verbum
415 1050 572 1086 videtur
605 1063 688 1086 esse
721 1050 836 1086 nobis
868 1049 1059 1098 ypocritis
1093 1049 1407 1093 formidandum,
1441 1062 1530 1086 cum
1612 1046 1757 1080 possible.

215 1108 373 1144 videtur
412 1110 520 1157 quod
565 1108 604 1144 in
649 1108 836 1144 omnibus
881 1108 993 1144 factis
1037 1108 1183 1144 nostris
1228 1121 1305 1156 que
1348 1107 1533 1144 videntur

217 1166 424 1203 meritoria
456 1166 736 1203 laudacionem
761 1166 899 1214 populi
924 1165 1196 1212 intendamus,
1232 1175 1268 1202 et
1291 1166 1345 1202 sic
1369 1175 1533 1214 propter

216 1224 429 1272 ypocrisim
454 1237 476 1261 a
500 1224 571 1260 Dei
604 1224 759 1272 premio
782 1237 854 1261 nos
878 1224 1094 1272 privamus.
1130 1225 1222 1260 Ideo
1245 1223 1401 1260 videtur
1435 1223 1531 1260 mihi

217 1284 323 1330 quod
369 1284 561 1319 debemus
605 1282 764 1330 operari
809 1284 859 1319 ad
905 1282 1206 1318 edificacionem
1253 1281 1416 1318 ecclesie
1449 1291 1529 1318 tam

216 1342 388 1377 latenter
420 1350 616 1389 quantum
650 1340 885 1383 sufficimus,
919 1340 973 1376 sic
1007 1342 1115 1388 quod
1148 1353 1355 1388 nunquam
1390 1353 1531 1387 opera-

216 1412 306 1434 mur
339 1399 509 1446 publice,
556 1398 631 1434 nisi
680 1398 905 1446 publicacio
950 1399 1038 1446 plus
1077 1398 1256 1434 sonuerit
1288 1399 1337 1435 ad
1371 1397 1531 1434 edifica—

216 1456 371 1493 cionem
406 1457 569 1493 ecclesie
603 1469 723 1505 quam
758 1456 912 1504 privata
945 1456 1132 1504 operacio
1165 1457 1225 1493 vel
1258 1457 1397 1493 saltem
1422 1457 1530 1504 quod

215 1516 375 1551 laudem
421 1515 630 1551 hominum
675 1516 736 1551 vel
781 1515 999 1562 applausus
1044 1527 1117 1561 pro
1156 1514 1302 1550 nostris
1341 1513 1530 1562 operibus

217 1582 564 1621 contempnamus.

276 1631 396 1667 Racio
429 1641 563 1668 autem
597 1630 762 1679 ponitur
786 1630 992 1679 multiplex
1016 1643 1139 1679 quare
1162 1630 1343 1678 ypocrita
1367 1640 1531 1678 propter
1562 1636 1629 1664 The
1650 1637 1809 1672 hypocrite

217 1689 439 1736 appetitum
484 1689 573 1726 talis
617 1689 746 1726 inanis
791 1688 916 1737 glorie
961 1690 1212 1736 reprobatur,
1262 1688 1392 1736 primo
1437 1688 1531 1737 quia
1547 1671 1819 1742 lffgfffogffjtnpghffff·

217 1747 412 1783 Dominus
445 1747 513 1796 qui
547 1760 679 1784 errare
724 1760 803 1783 non
848 1756 979 1795 potest
1024 1748 1295 1795 condempnat
1340 1748 1427 1792 hoc,
1473 1759 1531 1782 se-

216 1807 348 1841 cundo
382 1805 475 1854 quia
509 1808 614 1842 Deus
646 1806 729 1841 vult
761 1806 868 1853 quod
904 1806 1025 1841 homo
1059 1805 1219 1853 colligat
1258 1813 1383 1841 totam
1419 1817 1529 1852 spem

215 1876 284 1900 sue
318 1863 598 1900 retribucionis
631 1864 671 1900 in
704 1863 876 1899 Domino
917 1872 953 1899 et
992 1863 1032 1899 in
1073 1863 1235 1899 homine
1266 1876 1347 1899 non
1381 1862 1531 1911 disper-

215 1930 294 1969 gat.
326 1918 330 1973 Ι
360 1922 437 1967 Qui
485 1931 619 1958 autem
668 1921 838 1958 inaniter
890 1921 1043 1969 appetit
1097 1921 1264 1969 gloriam
1312 1922 1432 1957 talem
1481 1922 1530 1957 ab

214 1979 376 2016 homine
423 1981 470 2015 de
514 1989 625 2016 tanto
670 1993 758 2027 spes
803 1992 873 2016 sua
918 1979 957 2015 in
990 1981 1074 2015 Deo
1120 1978 1325 2025 minuitur,
1371 1988 1408 2015 et
1441 1978 1530 2015 ideo

158 2042 173 2074 '3
214 2037 458 2074 racionabile
483 2047 540 2074 est
568 2039 674 2086 quod
709 2037 778 2074 tali
808 2037 916 2074 inani
942 2038 1124 2073 mercede
1148 2039 1195 2073 de
1217 2038 1335 2073 laude
1358 2036 1530 2073 hominis

215 2096 447 2143 premietur.
481 2098 530 2132 Et
563 2109 654 2132 cum
689 2105 854 2143 propter
877 2096 995 2131 talem
1020 2094 1185 2143 gloriam
1212 2107 1291 2131 non
1315 2095 1364 2131 sit
1388 2094 1530 2131 melior

213 2155 321 2201 apud
345 2156 472 2190 Deum
506 2155 574 2190 sed
608 2154 747 2202 pocius
780 2154 904 2201 peior,
943 2153 1147 2202 signanter
1170 2152 1265 2189 dicit
1299 2154 1407 2201 quod
1439 2152 1529 2189 talis

214 2212 339 2259 gloria
374 2222 430 2249 est
463 2212 613 2258 inanis3
645 2212 826 2260 ypocrita
858 2221 993 2248 tamen
1016 2220 1223 2260 tamquam
1249 2220 1386 2259 pastus
1409 2220 1528 2247 vento

213 2269 397 2306 innititur
427 2283 553 2307 vacuo
586 2284 658 2318 pro
691 2270 821 2307 stabili
855 2271 1131 2306 fundamento,

270 2330 318 2364 Et
351 2328 474 2365 tercia
507 2341 626 2365 causa
660 2337 716 2365 est
748 2330 856 2377 quod
889 2337 970 2364 tam
1002 2327 1182 2376 ypocrita
1212 2340 1333 2375 quam
1357 2328 1526 2364 adulans
1547 2333 1592 2360 He
1613 2333 1734 2373 implies
1755 2334 1818 2362 that

213 2386 365 2422 homini
412 2386 517 2434 sapit
564 2386 856 2434 blasphemiam
905 2395 1044 2423 contra
1088 2388 1231 2432 Deum,
1281 2399 1371 2422 cum
1420 2368 1612 2430 dicatG‘ss
1633 2370 1817 2439 {52⁰}ssssst

212 2444 333 2480 tacite
366 2446 473 2493 quod
498 2446 604 2480 Deus
635 2458 717 2481 non
750 2444 896 2480 sufficit
926 2443 1079 2480 homini
1102 2445 1328 2480 mercedem
1352 2443 1526 2480 tribuere
1607 2439 1753 2466 rewasds.

213 2515 285 2550 pro
309 2503 447 2539 labore
470 2503 531 2539 vel
555 2504 660 2539 Deus
683 2503 861 2539 laborem
886 2515 966 2538 non
990 2502 1128 2539 recolit
1150 2501 1226 2538 nisi
1250 2501 1336 2549 ipse
1359 2502 1526 2538 laudans

282 2646 305 2674 3.
327 2647 394 2674 DE:
417 2647 544 2675 ordines
563 2647 719 2681 confictas.
776 2656 800 2681 7.
817 2648 861 2675 A:
878 2648 1100 2686 prqctz'fandos
1167 2647 1194 2675 8.
1210 2647 1234 2675 E
1248 2647 1278 2675 in
1295 2655 1410 2682 marg:
1431 2645 1525 2674 Nam.

211 2681 249 2709 12³.
270 2683 314 2709 D:
335 2690 400 2709 esse
420 2682 514 2709 deest.
613 2678 619 2683 ⁸
640 2681 683 2709 23.
704 2683 729 2709 D
751 2682 780 2709 in
802 2691 868 2709 mar
893 2704 899 2709 .
921 2683 992 2709 mil:
1018 2682 1161 2717 Ypocrl'te
1179 2681 1438 2717 condempnacio;
1458 2682 1481 2708 E
1496 2682 1524 2708 in

211 2725 326 2752 marg:
351 2716 455 2752 Quare
462 2717 609 2752 ypocrite
623 2718 842 2752 reprobantur.
886 2717 1132 2753 ontrafratres;
1151 2717 1190 2744 ib.
1206 2718 1250 2744 A:
1265 2717 1413 2752 ypocrita
1430 2717 1523 2743 deest.

210 2772 233 2778 -i
251 2772 258 2779 .
278 2753 307 2779 A
326 2751 356 2778 in
379 2760 492 2786 marg:
520 2760 543 2779 1.
670 2752 711 2779 25.
733 2753 761 2779 Α
780 2752 810 2779 in
833 2760 946 2786 marg:
976 2760 1002 2779 2.
1130 2750 1173 2779 33.
1193 2753 1238 2779 A:
1266 2751 1386 2786 quidem
1404 2754 1523 2786 pastus.

209 2785 252 2814 35.
271 2786 326 2813 ΑΕ
346 2786 375 2813 in
397 2794 512 2821 marg:
533 2795 565 2821 3.
638 2785 682 2821 37.
703 2787 746 2814 A:
776 2787 957 2814 retribuere.

285 2879 334 2901 12.
362 2869 481 2901 Matth.
500 2869 556 2910 VI,
583 2868 632 2901 16.
730 2870 782 2902 32.
810 2869 861 2901 Cf.
890 2869 964 2901 Gal.
984 2870 1024 2909 V,
1053 2869 1106 2901 26.
