2062 3276
246 238 381 266 SERMO
404 228 562 285 xxx1x.]
735 242 926 281 QUARTA
954 243 1079 275 PARs.

255 348 349 384 vidit
392 348 646 384 testimonium
687 349 897 398 perhibuit,
941 356 977 385 et
1023 349 1164 385 scimus
1207 350 1292 398 quia
1339 362 1471 385 verum
1511 358 1567 387 est

254 407 508 443 testimoniium
542 407 642 451 eius;
674 415 711 443 et
742 407 960 455 Apostolus
994 408 1043 443 ad
1077 409 1177 455 Eph.
1211 409 1280 454 VO,
1318 408 1387 444 32:
1423 409 1564 444 Sacra-

163 490 238 522 FOL
253 472 421 502 mentum
465 466 536 501 hoc
581 477 765 515 magnum
812 471 879 509 est,
924 476 997 515 ego
1044 473 1169 501 autem
1211 466 1295 502 dico
1335 466 1370 501 in
1409 466 1565 502 Christo

158 531 287 569 325³ct
325 523 495 560 ecclesia.
545 524 674 559 Adam
713 523 908 570 superbus
948 531 985 558 et
1024 523 1186 570 gulosus
1233 536 1302 571 pre
1331 520 1336 576 Ι
1364 523 1565 560 varicatus

221 583 310 618 §est
355 581 645 626 inobedienter,
681 580 864 617 Christus
909 580 1073 616 humilis
1114 590 1150 617 et
1189 581 1346 618 ieiunus
1386 581 1566 629 implevit

252 641 379 688 legem
426 638 622 687 paciendo
668 637 921 675 obedienter:
969 639 1100 675 Adam
1153 639 1192 676 in
1245 648 1335 676 orto
1389 639 1565 687 paradisi

251 699 493 746 voluptuoso
526 705 774 745 peccaverat,
810 696 992 733 Christus
1026 696 1163 733 onmia
1187 697 1389 745 presciens
1413 697 1452 733 in
1475 706 1564 733 orto

254 765 394 804 captus
429 763 487 791 est
520 756 676 791 orando
709 754 919 803 penaliter.

311 816 365 850 Ex
397 813 481 850 istis
515 821 653 861 patere
686 821 818 861 potest
851 814 959 861 quod
984 812 1133 849 Christi
1166 813 1300 861 passio
1335 822 1393 850 est
1425 826 1566 862 pecca-

200 884 238 905 10
252 881 384 909 torum
403 870 569 908 humani
589 871 744 919 generis
768 870 990 907 remedium
1018 871 1332 919 completissime
1349 872 1565 908 deletivum

252 931 359 979 quod
397 930 471 966 fuit
509 928 699 977 primum.
741 931 831 975 Quo
865 929 1002 966 habito
1042 929 1167 977 liquet
1201 929 1418 978 disposicio
1457 930 1566 978 prius

251 989 373 1036 ligato
406 989 474 1024 sed
508 986 587 1024 iam
622 987 755 1023 soluto
794 988 844 1023 ad
878 988 1011 1023 hostes
1038 986 1205 1024 viriliter
1231 987 1566 1036 impugnandum,

252 1048 360 1095 quod
385 1046 427 1082 fit
452 1045 740 1093 multipliciter,
775 1045 926 1082 scilicet
958 1045 1039 1093 iugi
1072 1045 1271 1093 passionis
1305 1046 1452 1083 Christi
1488 1058 1567 1082 me-

253 1104 467 1151 ditacione,
501 1103 580 1140 oris
612 1103 895 1140 nominacione
930 1112 967 1140 et
999 1103 1132 1151 operis
1166 1104 1478 1152 exemplacione.

200 1164 236 1197 15
311 1164 456 1208 Quoad
489 1161 666 1210 primum
701 1161 927 1208 considera,
961 1161 1048 1210 quis
1071 1162 1133 1198 vel
1165 1161 1297 1198 cordis
1330 1162 1436 1199 saxei
1461 1162 1567 1211 cogi-

252 1230 355 1257 taret
399 1220 580 1257 intimius
625 1220 831 1269 quomodo
872 1219 944 1256 Dei
989 1220 1184 1256 naturalis
1224 1220 1328 1257 filius
1372 1233 1454 1257 non
1492 1234 1566 1269 pro

251 1280 400 1316 scelere
439 1278 605 1327 proprio
644 1279 712 1314 sed
750 1290 824 1326 pro
862 1286 1001 1314 nostro
1041 1277 1261 1326 totpliciter
1299 1278 1372 1315 fuit
1411 1292 1565 1327 passus,

250 1337 447 1374 vincendo
487 1337 696 1381 mundum,
743 1348 905 1372 carnem
940 1345 976 1373 et
1009 1337 1235 1383 sathanam,
1269 1336 1366 1385 quin
1399 1350 1564 1385 operam

251 1397 364 1432 daret
402 1397 452 1431 ad
497 1394 736 1431 vincendum
777 1393 905 1430 dictos
947 1395 1094 1441 hostes,
1139 1407 1221 1430 non
1265 1397 1566 1432 succumbendo

195 1465 236 1486 20
251 1453 487 1499 vecorditer,
532 1465 606 1501 pro
641 1465 719 1501 quo
752 1452 920 1489 Matthei
953 1454 1027 1489 X0:
1076 1453 1212 1489 Estote
1233 1454 1367 1502 fortes
1399 1454 1434 1489 in
1469 1455 1566 1490 bello

252 1520 286 1548 et
313 1519 489 1562 pugnate
511 1523 595 1547 cum
628 1511 782 1560 antiquo
804 1517 982 1560 serpente
1005 1518 1040 1547 et
1061 1510 1256 1559 accipietis
1277 1524 1442 1562 regnum
1467 1520 1566 1549 eter-

253 1584 353 1606 num.
401 1571 595 1606 Remanet
633 1569 770 1618 itaque
807 1568 923 1605 nobis
964 1580 1053 1617 spes
1097 1567 1264 1605 victorie
1304 1582 1348 1606 ex
1385 1570 1566 1607 hostibus

252 1628 464 1677 superatis,
507 1641 597 1664 cum
630 1627 823 1664 Johannis
855 1628 976 1673 XV10‚
1021 1627 1068 1663 33
1112 1626 1318 1664 scribitur:
1365 1628 1566 1678 Confidite‚

252 1687 338 1736 quia
372 1699 444 1737 ego
478 1686 552 1722 vici
581 1686 778 1723 mundum.
813 1686 986 1722 Omnem
1020 1697 1114 1733 ergo
1147 1685 1305 1722 obicem
1339 1687 1567 1723 debellandi

197 1746 236 1778 25
251 1746 311 1782 vel
334 1744 579 1782 evidenciam
605 1743 765 1781 ociandi
789 1744 1015 1780 excinderet
1038 1743 1171 1792 passio
1191 1745 1282 1780 Jesu
1305 1744 1449 1791 nostri3
1473 1758 1565 1782 nam

252 1803 407 1840 devicto
455 1802 635 1851 principe
673 1803 929 1839 tenebrarum
964 1810 1071 1838 totus
1110 1801 1193 1838 eius
1233 1803 1427 1839 exercitus
1465 1804 1569 1840 foret

250 1861 473 1899 vecordior.
508 1860 630 1909 Igitur
662 1860 694 1896 si
728 1861 900 1896 mundus
933 1859 1083 1896 alliciat
1115 1861 1165 1896 ad
1189 1861 1567 1909 concupiscenciam

251 1921 478 1966 oculorum,
519 1918 706 1955 dominus
741 1917 879 1954 mundi
911 1919 1043 1954 nudus
1075 1918 1266 1966 pependit
1298 1918 1338 1955 in
1372 1932 1501 1965 cruce,
1536 1920 1568 1956 si

252 1991 345 2015 caro
384 1978 434 2014 ad
474 1975 850 2025 concupiscenciam
885 1976 1030 2022 carnis,
1069 1988 1135 2012 rex
1167 1976 1346 2013 celorum
1387 1990 1460 2026 pro
1500 1978 1566 2014 illa

196 2038 237 2070 30
252 2035 588 2084 concupiscencia
611 2047 750 2083 passus
783 2043 841 2071 est
863 2034 1122 2071 omnimodas
1145 2046 1288 2082 penas3
1322 2035 1354 2071 si
1378 2036 1566 2084 superbia

250 2095 341 2140 vite,
377 2094 563 2131 dominus
593 2093 836 2130 exercituum
871 2092 1078 2129 humiliter
1109 2092 1304 2129 subicitur
1336 2094 1457 2130 servis
1490 2094 1564 2130 sui.

252 2154 366 2190 Unde
410 2165 492 2189 non
536 2151 652 2189 video
699 2152 906 2201 quomodo
951 2150 1039 2199 quis
1084 2162 1251 2199 peccare
1298 2152 1446 2200 poterit
1491 2152 1565 2188 nisi

252 2220 418 2260 propter
450 2210 711 2247 omissionem
746 2208 1026 2246 meditacionis
1059 2208 1192 2245 debite
1226 2221 1325 2257 pene
1344 2210 1505 2246 Christi.

311 2271 456 2315 Quoad
500 2269 581 2306 oris
625 2267 952 2305 nominacionem
1004 2276 1116 2315 patet
1160 2268 1270 2316 quod
1323 2268 1564 2305 christianus

197 2328 378 2364 35instar
410 2326 595 2377 Apostoli
634 2327 751 2363 debet
789 2326 963 2362 iudicare
1001 2338 1040 2362 se
1078 2325 1196 2361 nichil
1225 2326 1333 2362 aliud
1363 2327 1464 2363 scire
1495 2327 1568 2363 nisi

255 2387 449 2422 dominum
481 2387 611 2422 Jesum
639 2383 837 2422 Christum
871 2391 906 2420 et
938 2384 1037 2419 hunc
1069 2384 1313 2433 crucifixum.
1348 2387 1397 2421 Et
1430 2387 1565 2433 quoad

253 2444 481 2493 potenciam
519 2443 725 2480 volitivam
765 2455 837 2479 non
875 2441 1050 2493 gloriari
1085 2442 1158 2478 nisi
1193 2442 1229 2477 in
1262 2454 1376 2479 cruce
1409 2443 1568 2479 Domini

322 2612 345 2631 2.
368 2603 412 2631 H:
438 2603 482 2631 ad
498 2603 593 2630 deest.
702 2601 726 2629 3.
748 2602 792 2630 H:
820 2611 856 2630 eo
876 2602 960 2638 quod
978 2611 1013 2629 eo
1033 2605 1135 2629 autem
1155 2601 1235 2629 doeo.
1345 2610 1382 2629 12.
1405 2601 1509 2629 1>G1-1:
1537 2605 1566 2629 el

251 2640 399 2667 dissoluto
408 2648 418 2671 ,·
432 2638 472 2665 ib.
482 2637 507 2664 D
520 2638 549 2665 in
562 2646 658 2672 marg.
670 2647 675 2664 :
690 2635 1090 2673 HabitapassioneChris-ti
1099 2640 1197 2664 restat
1208 2637 1409 2673 impugnacio
1420 2637 1564 2664 hostium.

253 2674 291 2702 13.
311 2673 416 2701 ADG:
435 2673 516 2709 fuit.
627 2681 665 2708 17·
687 2672 760 2700 DG:
787 2672 987 2708 totiplicitem
1016 2672 1060 2699 Ηι
1087 2672 1262 2706 tripliciter.
1372 2680 1413 2706 ιι).
1436 2672 1478 2699 H:
1500 2672 1564 2699 vin-

251 2709 424 2736 dicandum.
526 2715 573 2739 24·
595 2707 638 2734 D:
666 2707 774 2734 initur.
875 2707 916 2735 25.
939 2706 983 2734 G:
1009 2706 1082 2734 Jesu
1103 2706 1230 2733 Clzristi.
1333 2713 1376 2742 27.
1401 2707 1442 2734 Ηε
1470 2715 1562 2742 ergo.

251 2743 292 2772 33.
314 2744 419 2771 ADtJ':
442 2742 656 2770 meditacionis
675 2727 770 2770 deest.
843 2740 887 2777 37.
907 2743 952 2769 A:
972 2741 1147 2769 volutivam.

324 2838 376 2859 20.
402 2827 488 2858 This
507 2827 603 2868 place
623 2827 706 2858 does
724 2833 785 2858 not
801 2837 905 2858 occur
922 2827 956 2857 in
974 2824 1094 2857 Matth.
1111 2826 1152 2856 X.
1256 2824 1309 2857 35.
1335 2825 1358 2856 Ι.
1379 2825 1456 2855 Cor.
1476 2825 1513 2863 ΙΙ,
1535 2834 1564 2855 2.

254 2875 307 2916 37.
336 2873 410 2906 Gal.
429 2874 484 2913 VI,
509 2883 558 2914 14.

1639 824 1675 852 ΙΙ.
1698 824 1804 852 Christ

1582 859 1697 894 having
1715 859 1798 886 freed
1821 868 1856 886 us

1606 894 1686 921 from
1709 894 1766 927 sin,
1788 903 1834 921 we

1623 929 1735 956 should
1758 937 1822 956 war

1641 972 1725 999 upon
1746 972 1804 991 our

1657 998 1781 1037 ghostly

1643 1041 1794 1068 enemles;

1583 1181 1602 1200 1.
1622 1173 1661 1209 by
1676 1172 1856 1200 meditation

1582 1216 1622 1235 οη
1643 1208 1694 1235 the
1711 1208 1856 1243 passion3

1592 2284 1616 2303 2.
1640 2276 1677 2313 by
1698 2277 1845 2315 speaking

1675 2314 1706 2339 ot
1725 2316 1766 2346 1t;
