2062 3276
169 903 207 924 10

169 1184 206 1216 15

169 2054 210 2087 30

171 2342 210 2375 35

225 256 360 284 SERMO
381 246 449 302 ix]
705 258 897 297 QUARTA
924 259 1050 290 mas.

218 373 334 414 patre
371 378 453 401 meo
493 373 580 401 nota
608 366 695 414 feci
732 366 846 401 vobis.
893 365 1057 401 Amicus
1097 374 1230 401 autem
1279 364 1432 401 medius
1480 374 1537 401 est

222 423 376 470 integra
414 423 676 471 personalitas
715 422 886 459 hominis
926 436 968 459 ex
1008 436 1176 471 corpore
1209 432 1246 459 et
1278 423 1412 459 anima
1445 436 1537 458 con-

222 481 371 519 stituta.
406 482 483 517 Sed
517 481 662 518 tercius
695 481 847 517 amicus
882 490 938 517 est
961 481 1120 517 animus
1154 480 1329 517 eiusdem
1366 480 1537 516 hominis

222 552 244 575 a
276 539 564 587 temporalibus
604 539 759 575 rediens
798 539 943 588 quibus
976 539 1148 575 aflicitur
1181 540 1230 575 ad
1270 552 1415 586 corpus
1449 552 1538 586 pro-

223 596 370 645 prium,
416 610 586 646 querens
630 598 761 633 locum
808 597 846 633 in
891 598 991 634 valle
1036 597 1174 639 solida,
1220 596 1288 632 ubi
1332 596 1426 632 olim
1467 597 1539 632 fuit

224 655 491 703 requiescens.
510 656 681 701 Quando
698 655 802 691 enim
820 655 954 692 anima
972 664 1162 702 evagatur
1179 654 1282 691 circa
1299 654 1539 702 temporalia

223 723 260 749 et
300 726 470 760 querens
509 713 548 749 in
589 712 642 749 eis
688 713 866 761 requiem
916 727 996 749 non
1043 713 1191 749 invenit
1237 714 1305 748 sed
1343 714 1538 756 laborem,

223 771 354 819 querit
401 784 571 819 persona
616 771 789 807 hominis
836 785 858 808 a
892 773 974 807 Deo
1014 784 1085 819 per
1128 772 1236 819 quod
1281 771 1457 807 medium
1504 780 1541 806 et

223 829 368 877 quibus
391 829 562 877 panibus
587 838 765 877 pasceret
789 829 972 877 spiritum
997 830 1052 865 sic
1074 838 1299 877 vagantem.
1336 831 1383 865 Et
1416 829 1540 865 media

223 895 341 925 nocte.
375 888 449 924 hoc
483 896 553 930 est,
587 888 626 923 in
660 888 791 924 medio
815 888 976 924 tenebre
999 887 1088 924 talis
1111 887 1376 923 revolucionis
1409 887 1541 923 anime

223 946 261 982 in
301 947 465 982 tenebra
505 955 763 993 peccatorum
804 945 1040 982 abscondita
1073 945 1126 982 sic
1167 945 1323 981 redibit.
1370 945 1541 993 Spiritus

223 1013 357 1040 autem
387 1004 541 1051 integer
563 1017 644 1040 non
677 1005 795 1041 habet
819 1003 993 1040 amicum
1028 1003 1102 1039 nisi
1127 1006 1254 1039 Deum
1289 1003 1401 1039 cuius
1435 1003 1542 1040 auxi-

222 1062 319 1098 lium
352 1062 391 1098 in
425 1062 494 1098 tali
527 1075 620 1098 casu
655 1063 841 1110 postulet,
866 1071 908 1098 ut
933 1076 1003 1109 pro
1027 1061 1171 1107 amico,
1206 1063 1280 1097 hoc
1305 1071 1374 1103 est,
1400 1061 1540 1109 spiritu

221 1129 404 1168 vagante,
439 1120 571 1156 cibum
610 1122 755 1157 habeat
788 1130 1047 1156 recreantem.

279 1180 377 1215 Tres
424 1188 558 1214 autem
606 1192 729 1226 panes
781 1188 947 1226 possunt
996 1178 1293 1214 racionabiliter
1338 1177 1416 1213 dici
1462 1186 1541 1213 tres

222 1236 387 1273 virtutes
426 1237 649 1284 theologice
683 1250 760 1285 que
794 1236 834 1272 in
868 1249 1131 1285 personarum
1165 1236 1343 1272 trinitate
1377 1248 1447 1283 per
1479 1248 1542 1271 or-

223 1295 357 1331 dinem
391 1304 483 1331 sunt
515 1296 691 1331 fundate.
727 1295 766 1331 Si
799 1304 933 1331 autem
968 1295 1120 1331 amicus
1153 1294 1184 1330 is
1218 1294 1372 1331 medius
1411 1306 1542 1341 perse-

223 1353 430 1397 veraverit,
476 1362 629 1400 petens,
677 1366 846 1402 querens
893 1362 929 1390 et
974 1354 1137 1401 pulsans
1182 1366 1255 1400 pro
1294 1352 1383 1388 cibo
1423 1351 1541 1388 amici

223 1411 335 1447 tercii
368 1411 574 1452 venientis,
610 1411 699 1459 quis
733 1411 889 1447 dubitat
930 1411 1025 1460 quin
1066 1410 1219 1447 amicus
1259 1410 1414 1458 primus
1447 1411 1543 1446 fide-

224 1469 398 1505 lissimus
443 1478 479 1505 et
524 1469 841 1517 graciosissimus
895 1482 1018 1517 panes
1072 1468 1298 1516 spirituales
1344 1477 1543 1516 quotquot

225 1528 343 1564 habet
374 1527 620 1563 necessarios
661 1527 926 1564 ministrabit?
966 1527 1077 1563 Sicut
1117 1527 1221 1563 enim
1256 1526 1369 1575 panis
1403 1539 1543 1574 corpo-

224 1585 316 1622 ralis
339 1595 396 1621 est
420 1585 649 1622 substancia
673 1585 855 1633 corporei
879 1585 1072 1629 alimenti,
1097 1585 1151 1621 sic
1169 1585 1294 1621 virtus
1317 1584 1543 1633 theologica

224 1653 281 1680 est
314 1643 545 1680 substancia
579 1643 711 1680 anime
745 1643 970 1680 nutriende.
1011 1646 1091 1679 Nec
1125 1652 1182 1680 est
1214 1643 1401 1691 possibile
1435 1644 1543 1691 quod

224 1701 437 1738 racionalis
481 1702 696 1738 necessitas
741 1701 905 1738 secundi
950 1701 1070 1738 amici
1111 1701 1320 1738 immineat
1359 1710 1396 1737 et
1435 1702 1542 1749 quod

224 1759 378 1807 primus
411 1760 564 1796 amicus
608 1760 649 1796 in
693 1760 930 1796 racionabili
975 1759 1100 1808 petito
1148 1759 1321 1801 deficiat,
1367 1768 1403 1795 et
1453 1759 1543 1795 hinc

225 1817 496 1854 communiter
518 1818 664 1854 dicitur
687 1828 808 1867 atque
838 1818 1034 1854 catholice
1057 1819 1163 1866 quod
1188 1819 1237 1854 ad
1262 1817 1542 1854 rectitudinem

225 1876 424 1912 oracionis
458 1876 674 1924 requiritur
707 1878 814 1925 quod
847 1886 983 1912 oretur
1016 1876 1223 1921 instanter,
1257 1877 1475 1923 prudenter
1509 1884 1545 1911 et

226 1934 546 1970 indefectibiliter
584 1934 624 1970 in
664 1934 827 1970 nomine
859 1934 1081 1977 Trinitatis,
1116 1934 1170 1970 sic
1204 1935 1312 1982 quod
1344 1933 1546 1970 oracionis

226 1991 423 2028 instancia
482 1994 794 2040 correspondeat
848 1994 931 2028 Deo
985 1992 1091 2028 Patri
1145 1992 1207 2028 cui
1260 1991 1546 2040 appropriatur

225 2050 429 2098 originalis
474 2050 680 2095 eternitas;
726 2050 924 2087 oracionis
969 2050 1186 2098 prudencia
1233 2051 1545 2098 correspondeat

224 2109 356 2144 Verbo
396 2108 482 2153 Dei,
517 2108 571 2144 sic
603 2108 785 2145 videlicet
818 2110 926 2156 quod
965 2122 986 2144 a
1026 2117 1138 2145 tanto
1181 2108 1344 2144 domino
1386 2117 1546 2156 petatur

226 2166 431 2203 beatitudo
465 2180 486 2203 a
511 2169 593 2202 Deo
622 2166 924 2203 racionabiliter
947 2167 1215 2203 concedenda.
1239 2167 1325 2203 Joh.
1345 2168 1465 2209 XV10,
1492 2167 1539 2202 23

226 2224 433 2260 scribitur:
470 2225 623 2273 Siquid
650 2225 844 2274 pecieritis
867 2226 1023 2261 Patrem
1057 2225 1093 2260 in
1127 2225 1276 2260 nomine
1310 2237 1406 2263 meo,
1440 2225 1543 2260 dabit

228 2283 344 2319 vobis.
380 2282 703 2319 Indefectibilitas
736 2292 870 2319 autem
906 2296 1057 2330 ponens
1090 2282 1245 2318 obicem
1277 2284 1482 2330 peccando
1505 2283 1544 2318 in

228 2340 422 2388 Spiritum
447 2343 638 2377 Sanctum
673 2343 983 2389 correspondeat
1007 2340 1188 2377 bonitati.
1224 2343 1271 2376 Et
1304 2350 1413 2388 patet
1436 2342 1545 2389 quod

226 2412 306 2435 non
340 2399 496 2435 deficiet
530 2399 689 2435 viatoris
723 2399 882 2447 peticio,
917 2399 990 2435 nisi
1022 2400 1120 2435 forte
1145 2399 1321 2435 defectus
1354 2399 1471 2435 fuerit
1505 2399 1544 2434 in

229 2466 387 2504 petente
438 2458 499 2493 vel
551 2457 711 2494 racione
762 2457 1010 2505 indignitatis
1065 2457 1234 2504 petentis
1279 2458 1340 2493 vel
1384 2457 1545 2493 racione

228 2515 557 2552 racionabilitatis
587 2515 698 2563 petiti
721 2516 780 2551 vel
813 2515 972 2551 racione
1006 2515 1251 2563 negligencie
1285 2515 1324 2551 in
1359 2517 1543 2563 petendo,

299 2648 322 2676 13.
345 2650 366 2676 Ε
388 2650 417 2676 in
440 2658 553 2684 marg:
583 2658 608 2682 5³.
690 2650 711 2677 5.
734 2650 763 2677 1:
783 2650 908 2685 fuerat.
982 2650 1008 2677 S.
1031 2651 1074 2677 A:
1101 2658 1119 2677 a
1142 2650 1208 2677 Deo
1229 2651 1324 2677 deest.
1400 2658 1427 2684 0.
1449 2651 1477 2678 I:
1504 2651 1547 2677 sic

229 2685 330 2715 deest:
357 2685 396 2712 ib.
419 2684 443 2711 E
464 2685 494 2711 in
518 2693 632 2719 marg:
661 2684 765 2712 Medz‘a
786 2688 884 2712 nocte.
960 2684 996 2712 13.
1019 2685 1047 2712 l:
1069 2693 1139 2712 casu
1161 2684 1264 2714 deest:
1292 2685 1332 2712 ib.
1354 2685 1423 2712 DE:
1441 2688 1545 2720 postu-

228 2721 309 2749 lent:
335 2719 364 2746 ib
398 2719 450 2746 DE
472 2720 501 2746 in
524 2728 637 2754 marg:
663 2719 737 2746 Tres
752 2728 857 2754 panes.
935 2728 975 2752 14.
998 2720 1039 2747 [›:
1068 2722 1213 2750 ramula·
1240 2720 1262 2746 E
1282 2728 1378 2747 corut:
1400 2723 1545 2756 vagante.

230 2763 268 2787 17.
291 2755 334 2781 A:
357 2755 473 2781 mediis.
532 2762 572 2789 19,
593 2762 638 2781 20.
660 2755 964 2789 Al:Jidenll‘azw'nzux.
1017 2761 1062 2781 20.
1084 2755 1112 2782 I:
1134 2758 1165 2781 et
1183 2755 1424 2786 macros-issimus
1445 2756 1545 2783 deest:

230 2790 270 2816 ib.
292 2788 362 2816 DE:
384 2789 541 2824 quotlibet.
607 2797 645 2816 21<
668 2790 712 2816 A:
734 2790 966 2816 msnixtaeabsmr.
1030 2790 1070 2817 25.
1092 2791 1135 2817 A:
1157 2790 1214 2816 lzic.
1278 2791 1323 2816 26.
1346 2790 1547 2817 communite»-

230 2824 324 2850 deest.
381 2832 424 2859 27.
446 2825 490 2850 A:
513 2826 542 2850 el
561 2826 688 2856 0¹·etw·;
707 2825 736 2851 ib
766 2824 786 2851 E
808 2825 837 2851 in
860 2833 973 2859 marg:
996 2825 1043 2851 Ad
1062 2824 1276 2851 rectiludsnem
1297 2825 1454 2851 oracionis
1473 2824 1548 2859 qnid

230 2859 411 2894 requt'rilur.
456 2858 502 2886 30.
521 2861 542 2885 Α
550 2859 618 2885 DE:
635 2859 872 2894 correspondet:
887 2860 913 2886 l:
931 2859 1169 2894 correspondeat.
1214 2858 1253 2886 31.
1269 2860 1311 2886 A:
1328 2859 1396 2890 Dei,
1411 2860 1547 2887 sciltcet:

231 2893 271 2920 ib.
288 2894 310 2920 E
330 2893 360 2920 in
382 2901 495 2928 marg:
520 2893 667 2929 Defectus
686 2895 842 2921 oracionss
861 2894 890 2920 in
912 2902 970 2929 quo
993 2897 1044 2920 est.
1118 2892 1162 2921 38.
1184 2895 1228 2920 A:
1249 2896 1279 2920 in
1296 2893 1429 2928 petent-lo
1451 2894 1543 2920 deest.

1772 250 1820 297 75

1553 372 1596 400 He
1618 373 1688 399 who
1709 373 1780 399 asks
1800 373 1826 400 is

1557 407 1607 434 the
1629 407 1819 444 personality

1622 443 1656 469 of
1674 450 1756 469 man.

1570 488 1636 516 The
1657 488 1765 516 visitor
1784 488 1810 516 is

1588 525 1638 551 the
1659 523 1749 558 spirit
1768 524 1802 550 os

1560 567 1641 591 man,
1664 558 1822 593 rcturning

1577 594 1656 622 from
1680 593 1809 622 worldlv

1571 629 1674 663 things
1696 632 1726 655 to
1747 628 1818 655 seek

1655 668 1726 691 rest.

1607 1175 1674 1203 The
1695 1174 1778 1202 tliree

1569 1211 1672 1238 loaves
1693 1218 1743 1237 are
1763 1209 1812 1247 tlte

1557 1243 1829 1278 tlireetheological

1633 1281 1759 1308 virtues.

1572 1827 1834 1867 Theconditions

1612 1865 1641 1889 ol
1664 1870 1794 1897 praymg

1641 1897 1765 1934 rightly.
