2062 3276
236 921 274 941 IO

238 1199 275 1231 15

248 2359 287 2392 '55

283 277 417 305 sisinio
435 265 586 322 xxxiv}
766 278 956 315 QUARTA
986 276 1110 309 PARS.

285 387 392 434 quod
426 394 640 433 utrumque
664 383 793 431 diligit
816 382 1092 430 specificatum
1127 391 1183 419 est
1206 394 1352 418 nomen
1378 381 1443 417 filii
1471 382 1598 429 predi-

286 444 376 480 lecti
402 444 521 481 Isaac.
553 443 667 479 Unde
690 443 738 478 ad
764 440 1045 488 experiendum
1070 439 1347 476 obedienciam
1372 439 1599 487 patriarche

286 510 519 550 preceptum
555 509 613 537 est
646 499 679 536 ei
714 500 821 547 quod
854 499 904 535 ad
930 499 1061 534 locum
1098 507 1295 534 remotum
1330 506 1525 545 pergeret,
1559 507 1600 533 ut

286 572 328 596 ex
354 558 616 595 diuturnitate
640 556 834 605 temporis
858 555 1066 592 assistente
1090 564 1202 603 grata
1227 555 1602 592 communicacione

287 631 377 655 cum
413 617 495 653 filio
529 615 748 664 predilecto
788 623 824 651 et
862 622 991 650 stante
1032 613 1222 650 continue
1261 622 1470 650 constante
1511 614 1603 649 obe-

288 675 443 712 diencia
477 674 665 710 meritum
699 685 816 709 suum
851 671 1132 720 exemplariter
1166 680 1392 720 augeretur.

345 733 548 770 Abraham
595 741 730 769 autem
775 730 876 767 sicut
920 742 1000 767 non
1047 729 1266 778 expectavit
1314 741 1440 778 usque
1487 741 1603 765 mane

288 793 337 828 ad
382 791 629 839 implendum
676 790 910 825 mandatum
945 787 1119 834 Domini,
1165 787 1220 824 sic
1265 799 1337 824 nec
1382 786 1493 823 uxori
1533 799 1604 823 nec

288 848 421 898 pueris
456 847 655 894 revelavit,
690 860 738 883 ne
772 847 873 883 forte
906 855 1103 894 ponerent
1136 845 1307 890 obicem,
1343 847 1411 882 sed
1435 845 1605 893 ipsemet

288 907 428 944 stravit
450 907 599 943 asinum
625 904 895 941 necessarium
930 918 1002 952 pro
1027 903 1142 952 lignis
1177 912 1214 940 et
1246 903 1334 940 aliis
1368 902 1605 940 necessariis

290 964 514 1002 deferendis
548 973 584 1000 et
618 963 831 1000 immolans
871 962 997 998 filium
1039 971 1120 999 tam
1162 962 1266 998 facto
1306 974 1427 1010 quam
1470 961 1606 998 animo

290 1023 429 1060 exinde
463 1021 608 1058 meruit
641 1023 748 1070 quod
773 1019 955 1058 Christus
988 1021 1036 1056 de
1068 1019 1221 1056 semine
1253 1032 1325 1056 suo
1359 1028 1603 1056 nasceretur.

349 1083 458 1118 Isaac
489 1089 622 1117 autem
658 1079 891 1116 obedienter
919 1078 1106 1128 portabat
1130 1078 1237 1128 ligna
1262 1086 1299 1114 et
1323 1086 1461 1114 tenere
1485 1077 1607 1114 inter-

292 1139 445 1187 rogavit
469 1147 624 1187 patrem
659 1138 705 1174 de
728 1137 902 1181 victima;
933 1145 971 1173 et
1004 1149 1094 1173 cum
1129 1136 1201 1172 fuit
1233 1135 1397 1184 triginta
1430 1135 1608 1184 quinque

292 1210 506 1243 annorum,
546 1196 715 1233 libenter
747 1194 907 1232 sustulit
944 1207 985 1231 se
1022 1193 1138 1242 ligari
1177 1207 1199 1231 a
1238 1202 1352 1242 patre
1387 1193 1607 1241 decrepito.

293 1257 369 1292 Sed
405 1264 566 1303 experta
598 1255 806 1292 voluntate
839 1253 999 1289 Abrahe
1033 1255 1139 1289 Deus
1178 1251 1358 1300 precepit
1391 1251 1465 1288 sibi
1500 1252 1608 1300 quod

293 1326 365 1349 non
399 1313 590 1349 occideret
621 1313 731 1348 Isaac
763 1312 830 1348 sed
864 1310 1039 1360 providit
1071 1311 1230 1347 arietem
1266 1310 1447 1360 vepribus
1477 1322 1609 1346 secun-

295 1373 384 1407 dum
418 1384 562 1407 cornua
595 1371 862 1415 ahlzerentem;
894 1377 1004 1417 patet
1036 1368 1205 1405 historia
1229 1370 1325 1406 Gen.
1350 1369 1488 1405 XX110.
1523 1369 1609 1413 Que

295 1429 386 1466 licet
410 1431 459 1465 ad
484 1428 641 1465 literam
667 1429 809 1464 doceat
832 1440 905 1464 nos
935 1426 1216 1475 exemplariter
1250 1426 1429 1472 obedire,
1455 1425 1609 1462 mistice

295 1497 431 1524 tamen
465 1486 594 1535 signat
618 1494 917 1523 sacramentum
952 1484 1249 1533 redempcionis
1283 1485 1470 1521 humane.
1507 1486 1607 1520 Nam

297 1547 501 1582 Abraham
554 1544 637 1593 (qui
690 1544 980 1592 interpretatur
1040 1552 1154 1592 pater
1206 1542 1343 1579 videns
1398 1542 1609 1590 populum)

296 1603 426 1651 signat
457 1605 584 1640 Deum
619 1611 795 1651 patrem:
830 1604 939 1638 Isaac
975 1600 1060 1650 (qui
1094 1601 1382 1649 interpretatur
1414 1600 1515 1636 risus
1552 1600 1611 1637 vel

297 1661 504 1709 gaudium)
545 1661 676 1709 signat
716 1659 926 1697 dominum
965 1661 1099 1696 Jesum
1140 1659 1366 1699 Christum:
1414 1657 1612 1695 allocucio

298 1720 458 1756 Abrahe
481 1719 611 1767 signat
633 1728 813 1756 eternum
839 1718 911 1754 Dei
935 1717 1147 1754 consilium
1172 1719 1221 1754 ad
1245 1729 1367 1765 genus
1391 1717 1611 1754 humanum

299 1790 475 1826 congrue
524 1777 825 1821 redimendum3
872 1776 1001 1813 Moria
1051 1780 1141 1824 (que
1186 1775 1475 1824 interpretatur
1513 1774 1614 1811 visio

300 1836 380 1873 sive
405 1835 654 1883 illuminans)
690 1835 820 1883 signat
846 1843 1024 1871 montem
1050 1834 1233 1871 Calvarie
1266 1833 1306 1870 in
1329 1847 1409 1882 quo
1433 1832 1614 1870 Christus

300 1894 439 1931 videns
491 1893 779 1930 liberacionem
833 1891 1008 1928 hominis
1054 1892 1297 1928 illuminavit
1347 1891 1533 1940 passione
1579 1899 1614 1927 ct

304 1961 432 1988 morte
479 1961 609 1988 totum
657 1952 874 1996 mundum;
923 1950 1026 1986 lacio
1065 1950 1263 1998 lignorum
1310 1949 1441 1997 signat
1487 1948 1616 1985 crucis

302 2010 600 2058 portacionern:
634 2009 778 2057 ligacio
802 2021 921 2056 super
944 2017 1095 2045 struem
1130 2007 1259 2055 signat
1283 2007 1431 2044 Christi
1466 2006 1616 2043 affixio-

245 2071 259 2102 2'
302 2080 392 2104 nem
427 2070 475 2104 ad
510 2080 668 2104 crucem
704 2080 773 2115 per
807 2067 939 2103 clavos
973 2066 1141 2114 pedibus
1175 2075 1212 2102 et
1246 2065 1430 2102 manibus
1465 2065 1616 2110 affixos,

303 2126 436 2163 evasio
476 2139 646 2174 persone
686 2125 814 2173 signat
854 2124 1014 2161 deitatis
1054 2124 1203 2161 Christi
1243 2123 1541 2160 immunitatem
1578 2123 1617 2158 in

303 2198 381 2233 qua
415 2197 586 2232 persona
609 2183 727 2220 Verbi
763 2183 909 2219 mansit
933 2182 1264 2231 incorruptibilis,
1298 2181 1448 2218 occisio
1481 2180 1617 2218 arietis

303 2242 432 2290 signat
449 2242 638 2291 completi
656 2241 830 2278 hominis
850 2250 1020 2277 mortem
1040 2241 1214 2277 herentis
1230 2253 1299 2288 per
1314 2239 1617 2287 suspensionem

305 2300 495 2348 potestati
530 2300 701 2337 ludaice.
738 2302 837 2336 Nam
872 2308 1039 2347 propter
1072 2298 1288 2336 avariciam
1331 2297 1616 2346 temporalium

305 2359 435 2406 ipsum
470 2358 718 2396 occiderunt.
766 2359 865 2394 Cum
901 2366 1035 2394 autem
1071 2366 1236 2405 propter
1276 2357 1432 2404 lapsum
1474 2365 1620 2392 natura

307 2416 376 2452 filii
410 2417 466 2452 ire
499 2429 649 2462 sumus,
684 2428 763 2452 non
796 2425 978 2463 superest
1012 2416 1219 2463 quomodo
1253 2426 1462 2462 possemus
1496 2415 1620 2461 adop—

307 2474 463 2511 cionem
484 2475 658 2511 filiorum
681 2474 751 2510 Dei
773 2474 970 2510 redimere
988 2473 1064 2509 nisi
1084 2474 1302 2509 secundum
1326 2471 1619 2508 mediacionem

308 2535 416 2569 Isaac
449 2533 590 2569 nostri.

377 2629 397 2647 1.
425 2620 469 2647 H:
495 2620 651 2655 diligeret.
762 2628 786 2646 2.
814 2620 887 2648 DG:
916 2620 959 2647 nd
982 2619 1174 2654 periendmn.
1284 2618 1312 2644 6.
1341 2618 1384 2645 H:
1414 2626 1500 2645 suum
1527 2618 1621 2644 deest.

307 2664 333 2690 7.
349 2657 397 2691 Ax,
415 2658 515 2682 aulem
531 2655 629 2682 twice.
687 2664 720 2682 11.
737 2655 810 2682 DG:
832 2655 1014 2682 immolatus.
1073 2654 1108 2681 13.
1125 2652 1230 2680 ADG:
1252 2656 1281 2680 et
1294 2653 1389 2680 deest.
1447 2654 1486 2681 iti.
1504 2653 1545 2680 D:
1567 2653 1621 2679 illi.

309 2698 348 2725 17,
377 2690 416 2717 ιδ.
446 2689 489 2717 H:
516 2690 679 2716 secundum
707 2690 800 2716 deest.
894 2691 932 2716 ιδ.
961 2691 1004 2716 A:
1036 2689 1110 2716 (jen.
1138 2688 1242 2715 XXIII.
1335 2696 1380 2722 21).
1409 2688 1452 2714 A:
1479 2691 1621 2714 xli-eumn.

307 2724 345 2752 31.
369 2724 409 2751 D:
439 2728 469 2751 et
487 2725 573 2751 enst‘o
591 2733 734 2760 persone.
807 2723 850 2752 32.
874 2724 914 2751 D:
942 2732 1003 2759 qua
1021 2724 1152 2758 primum
1163 2733 1173 2755 ,·
1198 2723 1240 2749 ib.
1261 2722 1305 2749 G:
1334 2723 1623 2757 incorruptibslstas.

307 2758 350 2786 33.
374 2759 415 2786 H:
437 2760 544 2795 signat
564 2760 664 2789 deest:
691 2759 731 2786 ib.
755 2759 826 2786 IJG:
851 2768 912 2794 pro
932 2759 1142 2794 suspensione.
1234 2757 1275 2784 35.
1298 2758 1338 2784 D:
1361 2758 1559 2785 occider-aul.-
1581 2761 1622 2782 lt:

307 2794 529 2855 ssfccktitiaezaggmigl
546 2794 648 2821 bGH:
666 2797 740 2829 post
757 2794 883 2828 lapsum.
958 2794 999 2823 35,
1015 2793 1060 2820 36.
1078 2792 1150 2819 bG:
1172 2801 1279 2819 nomen
1291 2791 1360 2826 filii
1440 2792 1483 2826 37.
1506 2793 1549 2819 G:
1572 2792 1624 2818 im-

385 2911 434 2932 10.
464 2901 550 2932 Gen.
576 2900 677 2940 XXII,
706 2902 735 2933 3.
838 2902 886 2933 13.
914 2900 957 2932 ib.
984 2899 1015 2941 ὁ,
1043 2910 1073 2942 7.
1176 2909 1225 2941 17,
1250 2900 1299 2930 18.
1326 2899 1370 2930 ib.
1396 2909 1443 2932 12,
1469 2900 1516 2930 1⁴3¹.

1428 2964 1495 2999 19²*

1806 277 1878 306 2‹)1

1704 1082 1816 1110 Isaac's

1659 1117 1861 1145 submission.

1690 1490 1828 1525 Mystical

1632 1527 1775 1559 meaning
1796 1525 1831 1551 ol*
1847 1525 1896 1552 the

1703 1561 1832 1596 history.
