2062 3276
216 258 298 302 446

218 377 276 405 We
296 379 350 405 ask
369 378 417 405 for
436 386 495 405 our

227 413 330 447 bread,
353 413 481 440 because

234 448 316 475 what
336 456 381 474 we
401 448 469 474 take

216 482 245 509 in
267 490 371 510 excess
392 483 418 510 is
439 487 492 509 not

257 518 337 554 truly
357 526 446 550 ours;

215 902 263 928 for
282 901 367 935 daily
388 901 492 935 broad,

217 936 299 963 since
320 944 364 963 we
380 936 453 963 need
470 936 492 962 it

221 979 311 1007 every
332 971 405 1006 day3
427 971 486 997 this

224 1006 283 1041 day
304 1010 333 1032 to
354 1006 479 1032 exclude

227 1041 476 1067 oversolicitnde.

216 2351 490 2386 IntheSthpeiinon

235 2395 278 2412 we
299 2395 349 2413 :ire
370 2386 475 2420 taught

246 2426 276 2447 to
297 2421 363 2448 love
385 2429 457 2447 even

243 2464 299 2483 our
319 2456 462 2482 ent-inies.

801 268 1024 300 JOHANNIS
1042 269 1227 301 WYCLIF
1247 270 1503 303 SERMONUM
1550 257 1702 315 [SERMO
1723 270 1815 298 LVII·

565 374 751 409 Secundo
794 382 958 411 notatur
1001 377 1108 424 quod
1154 376 1300 413 dicitur
1326 389 1466 426 panem
1506 385 1693 421 nostrum,
1738 391 1817 415 non

507 442 640 466 meum
691 432 760 467 sed
804 432 995 480 alienum,
1046 435 1096 470 ad
1147 436 1421 471 denotandum
1473 437 1581 484 quod
1628 437 1818 473 debemus

506 488 808 526 communicare
842 491 973 538 egenis
1007 504 1149 540 panem
1187 494 1236 529 ad
1260 492 1372 529 illum
1398 493 1516 529 finem
1540 493 1654 530 nobis
1677 495 1816 530 datum

506 555 543 582 et
574 559 654 583 non
677 546 811 584 ociose
845 550 1056 586 comedere
1089 563 1248 598 panem,
1283 551 1377 599 quia
1401 560 1495 588 tunc
1518 551 1661 588 furtive
1686 565 1818 589 come-

505 603 636 641 dimus
681 618 825 653 panem
874 607 1013 644 matris
1052 609 1217 645 ecclesie
1265 618 1301 645 et
1350 622 1432 646 non
1475 618 1673 656 nostrum,
1726 615 1850 648 cum5

505 674 551 699 ea
574 662 802 700 intencione
827 674 952 702 mater
975 675 1113 703 nostra
1131 666 1299 703 ecclesia
1321 677 1512 716 procurat
1534 667 1650 704 nobis
1673 680 1817 716 panem

505 733 527 757 a
559 733 710 769 sponso
743 723 921 769 ecclesie,
955 733 997 760 ut
1029 725 1259 761 laboremus
1291 724 1332 761 in
1363 725 1498 772 vinea;
1529 735 1566 763 et
1589 738 1679 762 cum
1704 725 1818 762 aliter

506 792 527 815 a
572 779 675 815 iusto
723 779 854 817 iudice
900 782 1213 830 dampnabimus
1263 793 1458 832 perpetuo
1504 797 1547 821 ex
1594 783 1816 830 ociositate,

505 845 615 885 patet
660 839 766 886 quod
812 838 1004 888 quicquid
1050 841 1307 888 expendimus
1346 842 1619 879 consumimus
1658 841 1815 879 iniuste.

562 896 707 932 Tercio
740 896 903 933 additur
936 900 1044 946 quod
1078 898 1127 934 sit
1159 899 1273 947 panis
1312 901 1526 937 cotidianus
1565 914 1646 938 non
1685 901 1815 936 solum
1837 917 1875 937 10

506 966 578 1000 pro
611 954 734 990 semel
766 956 834 991 sed
868 955 1017 992 cotidie
1047 957 1308 994 necessarius.

563 1013 718 1056 Quarto
750 1025 857 1059 vero,
899 1026 988 1050 cum
1023 1014 1170 1052 dicitur
1202 1016 1264 1051 Da
1298 1016 1404 1052 nobis
1435 1017 1560 1063 hodie,
1598 1016 1818 1053 excluditur

503 1069 732 1106 sollicitudo
778 1071 883 1108 mala
928 1073 977 1108 ad
1022 1072 1142 1109 nimis
1187 1073 1348 1122 copiose
1386 1075 1446 1110 vel
1485 1074 1605 1111 nimis
1638 1074 1816 1112 studiose

502 1128 563 1163 vel
595 1128 714 1164 nimis
751 1129 859 1166 laute
897 1130 1108 1177 providere
1142 1133 1189 1168 de
1222 1131 1422 1168 alimentis
1462 1133 1643 1181 corporis
1678 1142 1818 1169 contra

503 1185 600 1221 illud
624 1186 789 1223 Matthei
812 1189 898 1234 V10,
924 1189 994 1224 25:
1044 1190 1174 1225 Nolite
1207 1190 1363 1226 solliciti
1393 1203 1486 1237 esse,
1525 1191 1692 1227 dicentes
1730 1191 1874 1240 quid15

504 1245 820 1281 manducabimus
864 1246 925 1282 vel
969 1247 1138 1284 bibemus
1183 1256 1249 1284 aut
1299 1261 1371 1297 quo
1418 1249 1649 1298 operiemur.
1704 1250 1819 1286 Unde

502 1301 659 1338 videtur
692 1302 789 1339 mihi
823 1305 929 1352 quod
969 1305 1239 1342 communitas
1278 1306 1417 1343 mundi
1456 1316 1665 1355 potentum
1699 1307 1819 1343 nimis

504 1360 639 1396 delicit
671 1373 693 1397 a
725 1374 828 1409 pane
866 1361 972 1398 illius
1017 1363 1214 1412 scripture
1258 1377 1339 1413 quo
1388 1364 1524 1402 anima
1569 1374 1815 1414 pasceretur,

504 1427 547 1453 ut
580 1418 645 1454 alii
680 1428 850 1467 pascunt
889 1433 929 1456 se
962 1429 998 1457 et
1037 1421 1135 1458 alios
1173 1422 1293 1458 nimis
1326 1423 1564 1471 voluptuose
1596 1424 1818 1460 incidentes

504 1475 543 1511 in
583 1477 730 1523 gulam,
777 1478 843 1514 alii
882 1478 1000 1515 nimis
1040 1480 1194 1517 curiose
1240 1490 1404 1529 propter
1449 1482 1586 1518 mundi
1625 1494 1817 1530 pompam
1836 1496 1877 1517 ει)

505 1543 541 1570 et
575 1535 641 1571 alii
675 1544 717 1571 ut
750 1536 936 1584 placeant
975 1537 1098 1585 pastis
1131 1539 1169 1575 in
1209 1539 1415 1576 excessivis
1448 1540 1638 1577 conviviis
1677 1549 1719 1576 ut
1752 1540 1819 1576 ad-

505 1593 665 1640 quirant
688 1595 941 1642 temporalia,
965 1604 1001 1631 et
1026 1595 1079 1631 hii
1103 1596 1302 1633 subtiliter
1321 1598 1579 1634 committunt
1602 1597 1817 1635 avariciam

505 1659 541 1686 et
581 1664 721 1688 onmes
760 1661 900 1688 contra
940 1654 1147 1701 quodlibet
1188 1655 1357 1691 istorum
1400 1665 1575 1704 quatuor
1608 1658 1817 1693 verborum

504 1718 672 1756 peccant
706 1709 744 1745 in
780 1712 905 1746 Deum
941 1721 977 1747 et
1011 1713 1252 1759 proximum.

564 1769 643 1803 Nec
682 1769 783 1804 valet
824 1769 1031 1805 excusacio
1070 1770 1288 1818 sophistica
1330 1784 1409 1820 qua
1450 1772 1587 1808 dicunt
1622 1773 1729 1820 quod
1764 1771 1819 1807 sic
1837 1777 1876 1808 25

504 1825 655 1861 faciunt
696 1827 800 1862 bona
840 1826 1082 1873 intencione,
1123 1842 1215 1865 narn
1258 1829 1287 1865 si
1331 1829 1606 1877 principaliter
1645 1831 1819 1866 facerent

505 1892 667 1931 propter
701 1885 893 1920 honorem
920 1885 989 1922 Dei
1024 1895 1059 1921 et
1093 1886 1332 1923 secundario
1357 1897 1397 1923 ut
1421 1888 1637 1935 disponant
1661 1897 1818 1935 pastum

504 1942 623 1977 talen]
665 1951 869 1990 tamquam
912 1944 1086 1979 medium
1129 1945 1397 1981 necessarium
1439 1960 1510 1993 pro
1544 1945 1820 1994 adquisicione

506 1999 635 2035 finalis
680 2000 836 2048 premii,
884 2002 1034 2038 fructus
1079 2003 1242 2039 aliunde
1294 2004 1385 2040 facti
1437 2006 1706 2046 ostenderent,
1752 2004 1818 2039 sed

505 2058 656 2094 fructus
702 2058 833 2094 carnis
880 2060 1016 2095 mundi
1065 2069 1101 2095 et
1147 2061 1271 2097 fastus
1316 2062 1437 2097 seculi
1478 2071 1668 2098 accusant
1708 2062 1817 2099 tales.
1837 2068 1878 2099 '30

506 2116 622 2151 Inniti
657 2129 750 2163 ergo
784 2126 943 2164 oportet
978 2118 1039 2153 isti
1074 2120 1206 2165 regule
1230 2121 1351 2167 quod,
1388 2121 1435 2155 de
1459 2122 1620 2168 quando
1650 2116 1655 2172 Ι
1685 2128 1820 2167 pastus
1837 2113 1910 2144 F‘fl·

507 2175 727 2221 corporalis
775 2184 831 2210 est
875 2176 1136 2222 necessarius,
1184 2178 1435 2223 promotivus
1476 2180 1525 2214 ad
1559 2177 1818 2213 dileccionem
1838 2172 1902 2202 ³³²⁸

508 2232 576 2267 Dei
602 2241 637 2267 et
672 2232 854 2280 proximi,
888 2235 934 2269 de
959 2243 1070 2270 tanto
1094 2243 1152 2270 est
1176 2235 1320 2277 licitus,
1355 2245 1391 2270 et
1422 2237 1469 2271 de
1493 2245 1645 2283 quanto
1669 2235 1819 2271 excedit

509 2291 612 2325 hunc
647 2290 813 2326 limitem
851 2300 906 2326 est
941 2292 1123 2328 viciosus.

566 2349 605 2383 ln
631 2348 769 2395 quinta
794 2349 994 2396 peticione
1018 2350 1182 2397 petitur:
1216 2351 1373 2386 Dimitte
1396 2353 1501 2387 nobis
1525 2353 1649 2387 debita
1673 2359 1818 2388 nostro.
1837 2356 1875 2389 ‘35

506 2406 602 2441 sicut
625 2414 659 2441 et
682 2419 749 2441 nos
773 2408 999 2443 dimittimus
1022 2409 1256 2443 debitoribus
1279 2410 1433 2453 nostris,
1463 2412 1568 2457 quod
1595 2409 1816 2457 expositum

507 2472 563 2499 est
609 2477 792 2500 sermone
840 2465 1038 2513 proximo:
1093 2476 1128 2502 et
1182 2475 1289 2514 patet
1335 2469 1442 2515 quod
1488 2469 1535 2503 dc
1584 2467 1818 2504 necessitate

505 2522 643 2557 salutis
677 2532 732 2557 est
766 2525 872 2570 quod
908 2524 1053 2560 caritas
1087 2524 1291 2560 christiani
1334 2534 1488 2561 tantum
1525 2527 1741 2567 habundet,
1778 2533 1818 2560 ut

505 2579 642 2625 diligat
678 2580 898 2616 inimicum.
933 2584 1032 2617 Nam
1069 2583 1115 2617 dc
1151 2583 1234 2629 lege
1257 2592 1398 2618 nature
1422 2593 1477 2618 est
1506 2585 1612 2631 quod
1636 2584 1818 2619 voluntas

574 2701 600 2728 3.
623 2702 695 2728 1)οτ
723 2703 940 2738 dampnalvmt.
1075 2702 1111 2730 13.
1134 2705 1176 2730 A:
1208 2705 1302 2731 nimia
1323 2705 1372 2731 ad.
1500 2714 1540 2739 ¹4-
1563 2705 1636 2733 DG:
1666 2706 1703 2732 dt·
1722 2706 1815 2732 deest.

504 2743 546 2762 22.
561 2737 604 2763 A:
625 2737 778 2764 subtiliter
797 2738 890 2764 det-st.
956 2738 998 2764 23.
1015 2738 1059 2764 G:
1081 2739 1213 2765 illorum.
1280 2747 1292 2765 2
1307 2749 1325 2771 l·
1344 2740 1384 2766 li:
1403 2743 1539 2774 portant.
1605 2740 1648 2767 30.
1665 2742 1708 2767 A:
1729 2748 1816 2766 accu-

503 2774 572 2798 sant
591 2772 716 2798 inimici.
798 2771 840 2799 33.
864 2772 935 2800 nG:
966 2776 1010 2799 est
1029 2773 1181 2805 limitans;
1206 2773 1245 2799 ib.
1268 2774 1309 2801 D:
1338 2778 1369 2801 et
1386 2776 1479 2801 deest.
1562 2774 1602 2802 35.
1625 2775 1666 2801 D:
1695 2776 1724 2801 in
1745 2783 1815 2810 qua.

504 2804 547 2840 37.
571 2805 614 2832 G:
636 2806 719 2841 quod
736 2807 829 2834 deest.

576 2888 628 2922 35.
656 2889 776 2921 Matth.
796 2891 852 2931 w,
879 2902 928 2922 12.

2041 246 2055 283 ·-·
2030 0 2059 230 amenum!
