2062 3276
213 595 229 627 5

192 894 230 914 10

155 931 229 962 Fol.

151 979 232 1021 294⁰

190 1173 227 1206 15

187 1474 228 1495 20

187 1764 226 1786 23

187 2047 228 2078 30

186 2335 225 2368 35

246 253 383 282 senno
405 243 473 299 1v.]
723 259 915 297 QUARTA
945 260 1070 291 PARS„

247 364 482 411 humillime,
516 373 552 402 et
576 364 651 401 ista
675 374 731 401 est
756 365 939 402 doctrina
961 368 1053 402 Jesu
1076 367 1201 403 nostri
1227 369 1368 404 Matth.
1393 370 1459 413 Ψ),
1485 382 1556 415 40:

247 423 290 458 Si
319 423 401 471 quis
433 424 564 472 aufert
586 436 607 459 a
631 430 666 459 te
697 423 880 471 tunicam,
904 425 952 460 da
987 425 1020 460 ei
1050 432 1084 461 et
1112 425 1289 474 pallium.
1326 428 1418 462 Ideo
1442 426 1558 463 indu-

246 480 420 517 bitanter
453 493 588 518 assero
622 482 730 529 quod
762 481 904 518 fratres
940 482 1007 531 qui
1040 482 1096 519 sic
1130 483 1362 521 balbuciunt
1401 483 1440 520 in
1480 484 1557 522 isto

247 538 415 576 consilio
449 539 632 576 nesciunt
664 539 696 575 si
728 538 804 588 ipsi
827 540 887 576 vel
911 539 980 576 alii
1004 540 1147 589 quibus
1172 542 1385 578 consulunt
1410 543 1557 579 habent

245 596 285 632 in
319 597 434 634 bonis
467 610 543 646 que
575 606 775 645 occupant
800 597 1000 634 iusticiam
1026 601 1160 647 quoad
1184 601 1325 638 Deum.
1362 602 1454 636 Ideo
1477 614 1557 637 non

246 654 411 691 dubium
446 655 542 705 quin
574 655 680 692 istud
713 655 762 692 sit
795 668 1027 704 perversum
1062 657 1275 694 consilium
1305 658 1555 696 Antichristi.

303 714 446 758 Quoad
490 715 709 750 secundum
755 722 865 761 patet
903 716 1012 762 quod
1043 715 1151 752 vadit
1184 717 1256 752 sub
1291 718 1430 753 eadem
1461 718 1557 753 stul-

245 770 358 816 ticia;
392 771 493 808 sicut
527 771 631 808 enim
666 780 722 808 est
756 772 1007 809 meritorium
1043 773 1215 810 maiores
1249 775 1296 810 de
1329 787 1450 823 regno
1474 784 1555 812 tam

244 829 284 864 in
317 829 398 866 suis
430 829 681 866 naturalibus
715 843 835 878 quam
870 831 1161 878 temporalibus
1191 831 1266 868 ista
1289 833 1385 880 pati,
1420 832 1475 870 sic
1500 842 1556 870 est

246 887 495 924 meritorium
532 888 683 936 populo
718 887 827 936 regni
852 888 955 928 talis.
990 891 1071 926 Nec
1096 889 1261 926 dubium
1287 891 1383 939 quin
1416 904 1557 939 pecca-

245 954 329 981 tum
363 945 592 983 omissionis
621 945 625 993 Ι
653 946 713 982 vel
747 946 1043 983 commissionis
1076 947 1205 984 tocius
1238 948 1377 997 populi
1411 949 1557 986 meruit

244 1004 333 1051 plus
366 1003 511 1052 puniri.
547 1004 728 1041 Christus
762 1004 866 1041 enim
901 1004 969 1053 qui
992 1005 1106 1042 scivit
1129 1014 1166 1042 et
1189 1006 1320 1054 potuit
1344 1007 1557 1044 defendere

244 1074 336 1098 suos
389 1061 491 1099 filios
545 1075 588 1099 ex
633 1062 791 1099 infinita
838 1063 1054 1111 sapiencia,
1107 1076 1247 1112 passus
1300 1065 1373 1101 fuit
1425 1066 1558 1102 taliter

245 1119 428 1157 cruciari.
480 1123 559 1157 Nec
601 1120 765 1156 dubium
807 1120 903 1169 quin
937 1121 1120 1158 Christus
1161 1122 1363 1159 ordinavit
1396 1132 1433 1160 et
1466 1123 1558 1160 fecit

244 1179 293 1215 ad
318 1179 496 1226 regulam
521 1178 854 1228 qualitercunque
877 1179 951 1215 fuit
976 1179 1015 1216 in
1039 1179 1186 1217 talibus
1220 1181 1377 1217 casibus
1409 1181 1557 1218 facien-

244 1237 358 1282 dum3
392 1249 589 1285 pauperes
622 1245 756 1273 autem
790 1245 827 1274 et
870 1237 1040 1274 humiles
1082 1238 1156 1274 scit
1180 1240 1285 1275 Deus
1329 1240 1555 1285 defendere,

244 1295 338 1330 dum
382 1294 532 1331 iustum
578 1294 695 1331 fuerit
740 1303 776 1331 et
821 1295 1033 1344 expediens
1076 1297 1242 1333 ecclesie
1280 1297 1335 1334 ita
1375 1310 1473 1343 esse,
1521 1307 1557 1334 et

243 1366 264 1389 a
290 1353 488 1400 probabili
513 1362 692 1390 cessante
717 1352 786 1390 tali
810 1352 960 1390 insultu
983 1354 1131 1391 stolido
1157 1356 1277 1392 dante
1300 1356 1554 1392 occasionem

243 1412 293 1447 ad
337 1410 393 1447 sic
438 1410 654 1448 crudeliter
698 1411 968 1448 invadendum
1012 1414 1118 1449 Deus
1153 1412 1354 1461 mitigaret
1387 1414 1557 1451 crudeli—

243 1478 366 1506 tatem
400 1468 590 1515 hostium⁷
623 1481 671 1505 ne
704 1469 925 1506 immunem
961 1471 1155 1518 populum
1182 1471 1237 1508 sic
1270 1471 1473 1509 invadant.
1509 1475 1556 1509 Et

244 1527 283 1563 in
316 1527 503 1564 omnibus
536 1527 622 1564 istis
656 1526 822 1564 dimisso
846 1528 918 1564 Dei
953 1528 1120 1566 consilio
1155 1529 1383 1577 evangelico
1408 1539 1444 1567 et
1468 1544 1555 1579 pre-

245 1594 360 1634 cepto
395 1598 437 1622 ex
470 1585 578 1622 falsis
612 1594 649 1622 et
682 1585 812 1622 dubiis
846 1586 1085 1623 commentis
1125 1588 1222 1624 tales
1256 1589 1556 1636 pseudofratres

246 1643 399 1692 fingunt
431 1644 611 1692 regulam
646 1644 1075 1693 pseudoevangelicam
1111 1654 1193 1682 tam
1217 1658 1257 1683 se
1281 1659 1403 1695 quam
1427 1660 1555 1696 popu-

244 1702 325 1738 lum
361 1703 632 1739 seducentem.

302 1762 349 1796 Et
383 1773 453 1808 per
485 1761 561 1797 hoc
594 1769 705 1808 patet
737 1761 786 1797 ad
820 1760 989 1797 tercium
1023 1763 1131 1810 quod
1156 1763 1238 1798 Deo
1264 1771 1320 1799 est
1344 1762 1553 1811 proprium

244 1818 427 1855 homines
466 1827 548 1855 tam
589 1818 704 1855 bonis
744 1818 994 1856 naturalibus
1034 1833 1154 1868 quam
1203 1820 1378 1857 fortuitis
1423 1821 1557 1870 previe

243 1876 419 1925 spoliare
454 1886 491 1913 et
524 1889 594 1925 per
628 1878 703 1913 hoc
737 1876 938 1914 maliciam
978 1891 1091 1915 suam
1132 1877 1172 1914 in
1210 1892 1332 1927 quam
1372 1879 1446 1915 scit
1489 1892 1556 1916 eos

243 1934 341 1971 velle
374 1936 593 1983 procedere
618 1934 814 1983 mitigare.
849 1935 916 1971 Isti
940 1945 1073 1972 autern
1099 1936 1319 1973 consiliarii
1344 1937 1557 1974 consulunt

243 1992 390 2029 nostris
422 1992 555 2041 previe
588 1993 839 2038 malefacere,
876 2002 918 2030 ut
951 2006 994 2030 ex
1026 1994 1094 2031 illa
1127 1995 1244 2031 celeri
1269 1995 1556 2032 malefaccione

245 2052 351 2087 bona
384 2050 579 2088 eveniant.
615 2052 692 2088 Sed
725 2052 944 2099 Apostolus
978 2052 1093 2090 dicit:
1127 2053 1247 2089 Absit.
1288 2054 1403 2090 Unde
1443 2054 1557 2090 dubi-

244 2118 351 2146 tatur
391 2109 661 2146 communiter
699 2109 730 2145 si
770 2109 810 2145 in
849 2123 944 2146 casu
983 2111 1120 2159 aliquo
1161 2120 1393 2159 potentatus
1434 2112 1556 2149 seculi

244 2168 389 2204 debent
420 2166 456 2204 vi
497 2176 653 2204 armata
693 2167 905 2205 defendere
944 2181 983 2205 se
1023 2170 1084 2206 vel
1123 2182 1236 2216 suos;
1277 2182 1350 2207 nec
1389 2170 1555 2207 dubium

245 2225 341 2274 quin
373 2225 442 2271 sic,
478 2238 566 2262 cum
602 2227 653 2262 ob
686 2225 797 2262 illam
832 2239 994 2263 causam
1030 2236 1195 2276 portant
1227 2228 1419 2276 gladium.

300 2285 531 2320 Notandum
567 2293 703 2321 tamen
736 2285 844 2332 quod
870 2286 1040 2321 multum
1066 2285 1196 2322 differt
1220 2299 1383 2323 causam
1408 2286 1557 2324 Christi

243 2341 282 2377 in
323 2341 513 2378 membris
553 2342 634 2378 suis
674 2342 887 2379 defendere
927 2352 964 2379 et
1002 2357 1194 2392 pugnare.
1241 2346 1411 2381 Possunt
1450 2345 1555 2382 enim

314 2497 333 2516 1.
361 2489 461 2516 ADE:
495 2489 553 2516 ista
583 2489 684 2524 deest;
717 2489 757 2517 ib.
789 2489 859 2517 DE:
887 2490 959 2518 Jesu
992 2490 1107 2519 Clu-isti
1134 2491 1212 2524 ista;
1244 2491 1286 2519 ib.
1316 2492 1375 2519 AI:
1410 2491 1433 2518 V
1462 2492 1556 2519 deest.

242 2533 271 2558 4.
292 2525 337 2552 A:
359 2524 487 2551 consilio
508 2524 601 2552 deest.
675 2533 701 2560 7.
722 2524 746 2552 E
766 2524 795 2552 in
818 2533 932 2560 marg:
955 2533 983 2553 2.
1059 2534 1099 2553 ιο.
1121 2526 1191 2554 DE:
1215 2527 1300 2562 regis
1320 2527 1399 2554 talis.
1472 2536 1505 2554 11.
1528 2527 1555 2554 I:

242 2559 289 2587 vel
308 2559 530 2586 commissionis
550 2559 644 2587 deest.
760 2567 797 2587 12.
820 2559 939 2587 Codd.:
966 2561 1021 2595 qui
1039 2561 1132 2588 deest.
1243 2571 1284 2595 14.
1305 2563 1350 2589 A:
1377 2565 1407 2589 et
1425 2565 1453 2589 et
1463 2562 1556 2598 fecit.

244 2594 282 2621 18.
305 2594 387 2621 DEI:
415 2594 620 2629 approbabili.
703 2601 745 2620 22.
767 2595 812 2621 A:
841 2596 1064 2622 commentibus.
1152 2596 1193 2624 25.
1217 2596 1239 2623 E
1259 2596 1289 2623 in
1311 2605 1425 2630 marga
1446 2606 1486 2630 3:
1515 2597 1555 2623 ib.

244 2629 327 2656 DEI:
348 2629 409 2656 hec.
483 2628 522 2656 31.
544 2629 614 2656 DE:
635 2637 707 2656 casu
728 2628 829 2663 deest;
851 2629 891 2656 ib.
907 2630 931 2656 D
948 2630 978 2657 in
994 2639 1108 2665 marg:
1132 2630 1281 2665 Defensio
1301 2632 1351 2659 sui
1368 2632 1415 2658 vel
1432 2639 1556 2658 suorum

242 2667 341 2690 ulrum
361 2664 401 2690 sit
418 2663 504 2690 licita
524 2672 563 2691 an
584 2672 663 2695 non;
693 2664 715 2690 Ε,
742 2664 771 2691 in
800 2672 914 2699 marg:
943 2664 1084 2692 Potentes
1102 2666 1200 2693 seculi
1214 2670 1347 2701 possunt
1363 2665 1558 2700 suos-fideles

241 2697 426 2734 defendet&
446 2699 459 2726 I
479 2699 507 2725 in
531 2707 596 2725 mar
621 2708 645 2725 .:
667 2698 844 2726 Potentatus
861 2702 992 2732 possunt
999 2699 1113 2734 fideles
1136 2700 1251 2728 Christi
1267 2700 1437 2736 defendere
1456 2701 1557 2728 mullis

242 2734 348 2760 modis.
422 2732 465 2760 32.
486 2733 513 2760 I:
536 2742 569 2760 se
611 2738 682 2760 eest.
756 2732 797 2761 35.
819 2734 902 2761 DEI:
924 2734 1115 2771 impugnare.

313 2837 342 2859 2.
369 2827 534 2869 Vulgate:
562 2828 608 2860 Et
635 2828 667 2861 ei
691 2830 749 2871 qui
774 2830 871 2862 vult.
893 2857 898 2863 .
920 2854 926 2861 .
946 2830 1103 2862 tunicam
1131 2835 1228 2862 tuam
1258 2830 1393 2868 tollere,
1420 2830 1557 2861 dimitte

241 2874 273 2906 ei
298 2878 331 2905 et
349 2873 512 2915 pallium.

1580 733 1605 752 2.
1627 726 1654 753 Is
1671 727 1720 753 the
1742 727 1838 754 rulers

1571 761 1667 795 ought
1688 766 1718 788 ιο
1740 762 1843 796 suffer,

1599 804 1633 822 so
1654 797 1749 831 ought
1770 797 1821 823 the

1589 830 1689 858 whole
1710 831 1834 866 peoplc:

1630 874 1792 893 moreover

1619 900 1724 928 Christ
1744 909 1799 928 can

1596 935 1705 963 defend
1727 935 1821 963 them.

1623 1770 1647 1798 3.
1669 1771 1747 1799 This
1769 1772 1794 1799 is

1578 1806 1682 1842 taking
1702 1815 1784 1842 upon
1805 1815 1840 1833 us

1595 1841 1677 1868 what
1698 1841 1824 1875 belongs

1602 1880 1632 1902 to
1655 1876 1735 1906 God,
1758 1878 1816 1903 and

1581 1910 1675 1945 doing
1695 1911 1751 1938 evil
1772 1911 1836 1938 that

1623 1946 1703 1981 good
1726 1954 1797 1982 may

1662 1989 1759 2008 come.
