2062 3276
231 265 367 294 SERMO
388 254 509 311 mni]
714 264 905 304 QUARTA
932 263 1058 295 PARS.

232 374 459 424 posiciones
511 372 780 410 accidentales
831 369 1030 407 materiali
1079 368 1266 414 essencie,
1321 367 1410 403 ideo
1459 375 1541 403 tota

234 432 432 482 perfeccio
473 430 612 468 mundi
645 429 685 466 in
717 427 904 466 essenciis
944 440 1014 476 per
1047 439 1087 463 se
1120 426 1317 463 stantibus
1350 434 1446 461 tunc
1479 437 1542 461 ac-

235 489 446 528 cidentatis
490 487 801 538 perfeccioribus
838 484 959 522 stabit
1002 485 1120 533 longe
1157 483 1378 532 perfeccius
1422 496 1542 532 quam

235 558 313 586 stat
352 549 486 594 modo,
534 559 625 583 cum
664 545 799 582 anima
836 545 1014 581 humana
1047 551 1089 578 ut
1122 542 1177 578 sic
1216 541 1422 590 perficitur
1461 549 1543 577 tam

202 607 374 644 §formis
393 603 729 643 substancialibus
747 615 868 652 quam
888 599 1205 638 accidentalibus
1229 599 1434 647 superabit
1457 611 1545 647 per-

139 658 220 720 3:ng
235 665 455 702 feccionem
487 662 616 700 tocius
649 673 764 710 spere
796 658 1025 698 sublunaris
1048 670 1125 708 que
1148 658 1228 694 iam
1252 657 1446 705 imperfec
1474 653 1478 708 Ι
1507 666 1544 692 te

139 714 202 746 ³4³
237 722 371 760 multis
394 719 731 758 substancialibus
755 727 792 756 et
814 716 1130 756 accidentalibus
1154 716 1433 764 conglobatur.
1465 717 1545 751 Nec

235 789 395 830 oportet
440 780 548 829 quod
595 779 768 815 mundus
812 777 862 814 sit
907 789 953 813 eo
998 774 1290 824 imperfeccior,
1344 785 1424 822 quo
1469 772 1546 809 dis-

236 837 510 888 posicionibus
543 835 858 874 accidentalibus
891 833 1150 883 paucioribus
1184 831 1319 869 anima
1344 844 1433 868 cum
1459 843 1545 867 cor-

184 909 333 946 iopore
366 898 416 934 ad
455 904 610 944 partem
652 893 792 932 mundi
830 892 950 930 aliam
990 891 1268 936 transferatur,
1317 902 1407 926 cum
1446 901 1547 925 unus

236 954 400 1004 spiritus
439 955 638 991 humanus
676 953 782 989 valet
820 949 1108 1000 disposiciones
1149 948 1375 986 materiales
1414 947 1548 984 huius-

239 1013 348 1051 modi
381 1012 571 1050 infinitas.

294 1074 377 1108 Nec
409 1069 626 1108 translacio
659 1068 823 1117 spiritus
856 1068 903 1103 de
936 1067 1026 1103 loco
1059 1067 1108 1102 ad
1141 1066 1277 1102 locum
1308 1063 1438 1102 variat
1461 1076 1549 1112 per-

237 1129 457 1167 feccionem
491 1127 619 1165 tocius
651 1127 742 1173 vite,
781 1125 902 1174 igitur
934 1123 1176 1173 specialiter,
1215 1123 1247 1159 si
1279 1131 1364 1159 tota
1397 1122 1548 1170 perfec-

186 1187 365 1226 15cionis
398 1186 610 1224 innovacio
642 1184 936 1234 perfeccionem
970 1192 1145 1220 veterem
1179 1180 1398 1230 superabit.
1438 1180 1549 1216 Sicut

239 1259 333 1295 ergo
379 1259 459 1283 non
503 1244 577 1282 erit
622 1243 711 1280 finis
765 1241 901 1291 gracia
953 1240 1066 1278 cuius
1118 1249 1235 1277 erunt
1279 1238 1377 1276 talia
1427 1238 1549 1274 mixta

240 1303 536 1341 mediterranea
568 1310 660 1351 post
692 1301 797 1338 diem
822 1299 973 1346 iudicii,
997 1298 1054 1336 sic
1075 1311 1149 1336 nec
1171 1298 1252 1335 illa.
1286 1299 1379 1334 Ideo
1403 1296 1550 1333 dicitur

239 1363 279 1400 in
310 1371 418 1399 textu
440 1363 588 1410 Apoc.:
621 1360 674 1396 Et
702 1372 812 1395 mare
844 1359 918 1394 iam
952 1370 1025 1394 non
1058 1365 1124 1395 est.
1161 1358 1259 1393 Cum
1297 1355 1403 1392 enim
1440 1367 1550 1391 mare

239 1420 335 1457 dicit
367 1418 681 1457 amaritudinem
717 1430 761 1454 ex
795 1416 925 1453 mixtis
963 1414 1211 1464 imperfectis
1249 1413 1409 1451 turbide
1442 1426 1551 1450 com-

183 1494 224 1515 20
240 1478 373 1525 motis,
419 1486 530 1527 patet
568 1478 677 1526 quod
710 1475 751 1512 in
783 1474 847 1511 die
880 1473 1017 1511 iudicii
1057 1486 1137 1510 non
1177 1481 1236 1510 est
1269 1484 1378 1509 mare
1411 1480 1449 1508 et
1481 1483 1551 1519 per

239 1538 344 1574 idem
374 1549 447 1573 nec
472 1536 594 1573 mixta
616 1533 839 1571 inanimata
861 1545 934 1570 nec
957 1541 1062 1569 terre
1085 1530 1299 1568 nascencia
1322 1542 1396 1567 nec
1420 1531 1550 1566 bruta.

239 1597 373 1632 Homo
407 1595 513 1632 enim
547 1592 615 1643 qui
648 1601 705 1630 est
738 1591 827 1628 finis
861 1591 1030 1627 istorum
1065 1589 1247 1626 omnium
1289 1587 1552 1626 servientibus

239 1653 386 1691 talibus
409 1666 491 1690 non
524 1651 666 1701 egebit.
701 1649 858 1687 Sufficit
891 1649 996 1686 enim
1032 1650 1082 1686 ad
1115 1648 1386 1697 integritatem
1413 1645 1551 1682 mundi

240 1713 503 1749 delectantem
551 1712 688 1747 beatos
735 1708 910 1745 finaliter
943 1716 979 1744 et
1014 1709 1062 1744 ad
1103 1707 1365 1743 cruciandum
1413 1706 1553 1752 damp-

183 1773 222 1806 25
240 1780 355 1808 natos
388 1768 676 1818 perpetualiter
699 1767 776 1804 ista
799 1779 914 1815 spere
936 1765 1165 1802 sublunaris
1189 1763 1407 1813 disposicio
1431 1775 1552 1811 quam

240 1828 407 1878 predixi.

296 1887 442 1923 Tercio
476 1885 660 1931 instatur,
696 1896 786 1920 cum
821 1881 952 1930 angeli
986 1882 1179 1918 habentes
1211 1889 1305 1917 tunc
1328 1879 1552 1916 libertatem

241 1944 396 1982 arbitrii
429 1952 545 1981 erunt
577 1942 699 1991 agiles
732 1950 769 1979 et
801 1952 872 1989 per
905 1952 1153 1988 consequens
1177 1937 1328 1976 moveri
1352 1945 1554 1986 poterunt,

242 2016 331 2041 cum
365 2003 434 2039 illa
466 2003 537 2038 dos
568 2014 648 2038 non
681 1999 755 2037 erit
786 1998 990 2047 superflua
1013 1997 1097 2034 sine
1121 2010 1262 2044 causa;
1296 2005 1333 2033 et
1355 2008 1426 2044 per
1448 1995 1553 2031 idem

185 2066 227 2098 30
243 2060 453 2110 dampnati
493 2058 656 2097 alterari
689 2065 857 2107 possunt
890 2056 1042 2093 diutine
1074 2064 1326 2093 transeuntes
1360 2055 1408 2091 ab
1442 2053 1555 2102 aquis

242 2119 412 2156 nimium
446 2119 497 2155 ad
529 2118 703 2154 calorem
738 2114 922 2152 nimium.

301 2179 379 2215 Sed
402 2176 549 2213 dicitur
572 2177 622 2213 ad
647 2175 722 2211 ista
747 2172 1017 2211 communiter
1035 2173 1142 2220 quod
1167 2180 1257 2220 post
1279 2170 1384 2207 diem
1405 2168 1556 2216 iudicii,

243 2236 345 2273 sicut
368 2248 450 2272 non
474 2234 547 2271 erit
571 2242 703 2270 motus
726 2231 972 2269 successivus
996 2230 1155 2279 aliquis,
1190 2230 1248 2266 sic
1279 2241 1353 2266 nec
1385 2237 1556 2277 tempus,

243 2295 312 2331 sed
346 2302 462 2330 erunt
485 2292 737 2329 mutaciones
771 2289 1020 2327 insensibiles
1043 2296 1325 2337 permanentes
1349 2295 1556 2335 perpetuo,

188 2356 227 2390 35
244 2352 345 2389 sicut
378 2351 506 2400 angeli
540 2351 625 2387 sine
657 2363 729 2386 sua
762 2347 1018 2385 successione
1051 2355 1259 2383 mutantur
1292 2359 1315 2382 a
1347 2347 1445 2382 Deo.
1480 2346 1557 2381 Sed

244 2410 361 2447 istam
397 2409 607 2446 materiam
642 2407 827 2456 relinquo
861 2405 1176 2453 methaphysicis
1210 2404 1556 2453 pertractandum.

304 2467 565 2516 Prosequitur
597 2475 732 2503 autem
767 2463 1002 2514 prophetice
1036 2463 1278 2511 complendo
1312 2460 1557 2498 sentenciam

245 2534 572 2575 consequentem,
606 2526 700 2561 dum
735 2523 791 2560 sic
814 2521 931 2559 dicit:
964 2522 1016 2557 Et
1047 2521 1180 2557 audivi
1211 2532 1339 2557 vocem
1374 2532 1558 2570 magnam

247 2585 293 2621 de
325 2592 438 2621 trono
472 2584 680 2620 dicentem:
710 2582 813 2618 Ecce
845 2580 1136 2616 tabernaculum
1171 2579 1248 2614 Dei
1278 2590 1362 2615 cum
1397 2577 1558 2614 homini-

186 2657 231 2688 40
246 2644 315 2679 bus
346 2650 381 2679 et
413 2642 598 2678 habitabit
636 2653 720 2678 cum
759 2639 825 2676 eis.
873 2639 926 2674 Et
963 2638 1038 2687 ipsi
1064 2637 1233 2686 populus
1271 2636 1350 2673 eius
1383 2643 1494 2672 erunt
1526 2642 1560 2671 et

314 2776 341 2804 8.
364 2776 459 2804 Cod.:
485 2783 624 2811 cumque.
704 2782 747 2808 27.
769 2775 797 2801 A
816 2774 846 2801 in
869 2780 983 2807 marg:
1004 2780 1037 2806 3.
1120 2769 1161 2798 32.
1183 2771 1215 2798 In
1237 2778 1352 2805 marg:
1379 2769 1559 2806 Responsio.

244 2820 294 2845 40.
317 2810 411 2839 Cod.:
438 2811 624 2838 habitabunt.

320 2895 370 2926 18.
397 2897 504 2936 Apoc.
529 2894 616 2933 XXI,
641 2903 666 2923 1.
766 2891 818 2924 38.
846 2891 890 2922 ib.
918 2892 948 2924 3.

1747 252 1826 299 495

1587 1882 1689 1910 There
1709 1882 1782 1920 will*
1793 1882 1828 1909 bc

1588 1926 1627 1944 no
1648 1924 1822 1957 successwc

1640 1956 1771 1980 motion.
