2062 3276
218 881 256 902 10

216 1161 252 1193 15

273 234 409 265 samio
431 224 484 284 11.]
753 238 944 278 QUARTA
973 238 1098 271 rixas.
1828 245 1837 268 1
1853 233 1870 268 3

331 346 379 381 Et
431 344 537 381 istud
589 345 743 381 dictum
803 344 1015 393 implicans
1073 344 1378 382 ordinacionem
1433 346 1583 383 Christi
1617 353 1684 381 The
1704 356 1855 396 qsseytion

273 411 451 439 eternam
486 402 700 440 confitetur
732 403 815 439 eius
848 402 1113 449 divinitatem,
1155 412 1192 439 et
1230 403 1366 440 statim
1405 406 1582 441 secundo
1646 389 1828 453 Ofessssflffit's

273 460 356 497 eius
377 473 469 497 vera
495 461 723 498 humanitas
747 460 980 509 explicatur,
1006 462 1101 497 dum
1127 460 1292 498 dicitur:
1328 462 1406 498 Sed
1427 470 1462 498 et
1485 475 1582 498 nuuc
1638 460 1822 523 hssfdllfj‘sssffi‘?

271 519 348 555 scio
380 519 467 567 quia
506 531 724 568 quecunque
757 519 983 568 poposceris
1025 531 1047 554 a
1081 520 1164 555 Deo
1210 520 1313 555 dabit
1357 519 1425 555 tibi
1456 521 1584 563 Deus,·
1667 503 1836 566 dfi'v'iiiity.¹s

272 576 339 612 ubi
373 585 482 624 patet
515 578 623 626 quod
647 576 832 614 Christus
865 589 938 613 nec
970 577 1026 613 sic
1060 586 1215 614 orasset
1239 579 1365 614 Deum
1400 590 1471 614 nec
1495 587 1576 614 tam

272 643 378 670 certe
410 633 648 671 obtinuisset
680 635 878 684 quidquid
911 635 1155 683 poposcerit,
1189 635 1265 672 nisi
1297 635 1436 672 fuisset
1468 648 1583 672 verus

272 693 394 729 homo
427 692 567 729 deitati
599 693 821 741 ypostatice
855 693 1080 741 copulatus.
1115 695 1162 729 Et
1196 693 1259 730 hic
1282 693 1472 730 fundatur
1495 707 1583 730 ora-

272 750 333 786 cio
378 750 633 796 insinuativa,
681 750 784 787 sicut
829 750 869 787 in
913 751 982 788 illo
1026 750 1221 787 Johannis
1261 753 1328 797 110,
1364 755 1407 789 3:
1448 752 1581 787 Vinum

271 821 343 844 non
391 809 541 845 habent.
596 811 698 845 Nam
744 818 897 846 certum
943 818 1001 845 est
1042 810 1151 858 quod
1196 809 1270 846 iste
1314 818 1396 845 tres
1445 819 1583 846 sancte

273 865 472 913 mulieres,
509 875 635 903 mater
668 866 830 903 Domini
864 875 901 903 et
933 866 1007 904 iste
1040 868 1116 903 due
1149 879 1323 914 sororeS,
1364 867 1490 904 facete
1524 867 1582 904 in-

271 924 529 961 sinuaverunt
562 925 779 961 Dominum
827 925 1004 961 tribuere
1048 926 1157 973 quod
1202 927 1412 974 optabant,
1459 938 1505 962 ac
1550 925 1581 962 si

271 983 430 1019 Martha
464 983 520 1019 sic
553 992 758 1031 argueret:
794 984 925 1020 Credo
958 996 1001 1019 ex
1025 983 1296 1032 omnipotenti
1319 983 1582 1020 ordinacione

270 1050 338 1077 tua
370 1042 478 1089 quod
502 1041 532 1077 si
557 1041 596 1077 in
621 1050 749 1078 morte
773 1041 907 1078 fratris
931 1041 1008 1077 mei
1039 1041 1285 1078 interfuisses
1315 1041 1582 1090 corporaliter

269 1098 354 1147 ipse
386 1107 480 1136 tunc
513 1112 593 1135 non
626 1099 765 1136 fuisset
799 1108 994 1146 mortuus,
1041 1108 1078 1136 et
1111 1100 1257 1136 iterum
1291 1099 1374 1136 scio
1408 1102 1516 1149 quod
1549 1099 1580 1136 si

269 1156 488 1205 quidquam
524 1170 546 1194 a
579 1159 663 1194 Deo
697 1157 865 1206 pecieris
898 1157 1111 1194 obtinebis.
1168 1159 1259 1194 Ideo
1302 1171 1393 1194 cum
1427 1158 1509 1195 scio
1543 1167 1581 1194 te

270 1227 354 1251 esse
400 1215 703 1252 misericordem
752 1225 789 1253 et
832 1215 997 1264 diligere
1041 1216 1206 1252 fratrem
1255 1228 1403 1263 meum,
1457 1218 1579 1253 credo

269 1275 378 1321 quod
411 1287 483 1323 per
515 1274 749 1310 oracionem
783 1283 894 1310 tuam
927 1274 1048 1311 frater
1093 1287 1205 1311 meus
1246 1274 1319 1311 erit
1353 1288 1375 1311 a
1409 1274 1580 1311 mortuis

268 1331 502 1379 suscitatus;
535 1345 633 1381 rogo
667 1332 787 1381 igitur
820 1341 862 1368 ut
895 1331 951 1368 sic
983 1345 1086 1369 ores.

326 1391 381 1425 Ex
413 1389 498 1426 istis
530 1399 640 1438 patet
673 1392 781 1439 quod
815 1391 957 1427 fratres
990 1403 1071 1427 non
1113 1390 1345 1427 mendicant
1388 1391 1580 1427 innuitive
1597 1397 1744 1443 Con-trast
1772 1399 1807 1438 οξ
1823 1399 1872 1425 the

270 1448 330 1483 vel
364 1447 603 1485 insinuative
637 1448 693 1485 sic
728 1449 978 1485 muliebriter
1011 1458 1048 1485 et
1082 1449 1209 1485 facete
1247 1450 1314 1485 sed
1356 1450 1581 1485 clamorose
1624 1435 1847 1503 {ssggiisngnfflisffl

269 1518 315 1542 ac
349 1506 474 1543 eciam
508 1505 752 1555 importune.
785 1509 896 1543 Jesus
930 1516 1065 1544 autem
1100 1520 1143 1543 ex
1165 1506 1294 1543 verbis
1327 1507 1580 1555 generalibus
1603 1488 1869 1565 Μῇζζῇξυῖῐὲξξῐῗῐῑρ

270 1572 307 1599 et
338 1564 441 1601 veris
476 1565 688 1601 consolans
728 1565 917 1601 feminam
958 1577 1049 1602 vere
1089 1564 1290 1613 promittit
1330 1567 1379 1602 ad
1419 1578 1579 1602 sensum
1667 1559 1674 1564 i
1829 1560 1834 1565 ⁶

271 1621 554 1671 multiplicem:
609 1624 818 1674 Resurget,
871 1623 1013 1672 inquit,
1057 1624 1197 1672 frater
1248 1631 1348 1670 tuus,
1401 1633 1580 1672 resurget

243 1673 432 1728 {quidem
458 1681 496 1716 in
521 1681 627 1717 finali
653 1681 814 1727 iudicio,
850 1683 1027 1718 secundo
1052 1691 1229 1729 resurget
1255 1683 1304 1718 ab
1328 1681 1403 1718 ista
1429 1679 1579 1734 morte}

268 1738 484 1786 temporali
525 1748 687 1787 patente
732 1739 944 1785 miraculo,
991 1749 1027 1775 et
1067 1739 1192 1776 tercio
1237 1749 1415 1788 resurget
1460 1740 1582 1777 frater

269 1806 360 1832 tuus
394 1797 432 1832 in
466 1797 626 1833 Christo
659 1810 681 1834 a
715 1797 1038 1834 consuetudinali
1073 1807 1110 1834 et
1152 1798 1373 1835 inveterato
1413 1808 1580 1846 peccato

271 1856 378 1903 quod
414 1868 521 1892 mors
555 1865 592 1892 et
625 1855 840 1892 suscitacio
873 1855 1006 1892 fratris
1039 1855 1097 1891 tui
1133 1856 1356 1904 corporalis
1394 1857 1454 1893 vel
1496 1869 1581 1893 car-

268 1914 368 1950 nalis
403 1913 558 1950 mistice
591 1914 822 1962 prefigurat.
857 1916 933 1950 Sed
968 1914 1116 1950 femina
1150 1914 1382 1963 concipiens
1406 1915 1578 1963 primam

269 1971 513 2008 sentenciam
561 1972 650 2020 plus
695 1972 892 2008 famosam
938 1972 1153 2009 confitetur
1207 1972 1335 2021 ipsam
1391 1973 1580 2013 fideliter:

213 2035 255 2067 30
268 2032 336 2066 sed
361 2031 577 2066 secundam
604 2030 850 2067 sentenciam
876 2032 923 2066 de
946 2030 1214 2067 suscitacione
1240 2030 1379 2067 Lazari
1404 2031 1580 2067 insinuat

211 2324 250 2357 '35

269 2089 357 2136 plus
390 2089 626 2136 optandam,
661 2101 707 2125 ac
740 2089 771 2125 si
805 2088 974 2125 diceret:
1009 2089 1096 2125 Scio
1128 2090 1230 2138 quod
1253 2090 1581 2142 Laqat·1tss›·ate7·

269 2159 374 2183 meus
406 2155 587 2197 resurget
618 2148 670 2183 ad
702 2147 818 2183 vitam
853 2155 1085 2197 perpetuam
1130 2148 1165 2183 in
1206 2148 1266 2184 die
1304 2148 1445 2184 indicii.
1499 2149 1581 2184 Nec

269 2205 345 2242 hoc
377 2205 507 2241 solum
542 2213 641 2253 opto
674 2206 741 2241 sed
775 2207 884 2253 quod
908 2205 974 2242 ille
999 2205 1340 2253 inpresenciarum
1366 2205 1581 2242 suscitetur

269 2264 319 2299 ad
352 2263 476 2299 vitam
509 2264 775 2311 temporalem
812 2276 1053 2300 conversans
1086 2263 1297 2300 nobiscum
1331 2273 1374 2300 ut
1398 2263 1520 2313 prius.

327 2322 403 2358 Sed
439 2321 621 2358 Christus
660 2321 842 2358 nutriens
882 2321 1002 2358 fidem
1043 2334 1088 2358 ac
1129 2322 1393 2359 devocionem
1434 2322 1580 2358 femine

269 2378 325 2415 sic
365 2379 526 2416 effatur:
573 2380 676 2430 Ego,
721 2379 865 2428 inquit,
911 2392 994 2416 sum
1034 2381 1276 2417 resurreccio
1316 2388 1349 2417 et
1390 2381 1488 2420 vita,-
1519 2380 1583 2429 qui

268 2438 391 2473 credit
439 2438 475 2473 in
523 2450 582 2474 me
625 2438 783 2475 eciamsi
830 2445 1005 2474 mortuus
1041 2439 1170 2488 suerit
1215 2439 1328 2485 vivet,
1379 2446 1413 2475 et
1458 2439 1582 2475 omnis

267 2495 332 2543 qui
364 2495 454 2531 vivit
486 2503 521 2532 et
553 2497 677 2532 credit
709 2496 744 2532 in
778 2508 838 2532 me
869 2508 942 2532 non
977 2497 1167 2532 morietur
1199 2496 1234 2532 in
1258 2504 1444 2542 eternum,
1479 2509 1524 2533 ac
1549 2496 1579 2532 si

337 2627 356 2646 1.
380 2619 422 2646 A:
450 2619 625 2647 ordinacio.
699 2619 722 2647 5.
747 2619 786 2647 D:
818 2620 897 2647 Deus
917 2628 973 2648 nec
990 2620 1044 2647 sic.
1119 2620 1146 2648 6.
1167 2620 1207 2647 F:
1228 2618 1414 2654 nt'st'fuisse.
1488 2628 1516 2655 9.
1539 2619 1578 2647 F:

267 2656 327 2681 tam
347 2657 472 2681 certum.
556 2662 596 2687 10,
619 2663 652 2682 ιι.
674 2654 713 2682 F:
740 2654 986 2683 insinuaverant.
1071 2662 1108 2682 12.
1131 2655 1172 2682 D:
1195 2654 1287 2682 credo
1307 2655 1408 2690 quod:
1431 2654 1471 2681 E:
1499 2654 1583 2689 quod

266 2689 389 2716 extinct.
455 2697 495 2722 14.
516 2690 561 2716 A:
587 2690 659 2725 quia
678 2690 714 2717 si.
777 2691 812 2719 15,
834 2690 902 2717 DE:
929 2690 1089 2723 obtinebis,
1110 2690 1180 2717 ideo
1200 2697 1265 2716 cum
1285 2691 1349 2717 scio
1368 2690 1397 2716 si
1414 2689 1579 2725 quidquam

265 2730 284 2750 a
298 2722 364 2751 Deo
381 2724 525 2758 pecieris,
545 2725 702 2752 obtinebis.
724 2723 797 2752 Ideo
818 2733 893 2752 cum.
951 2725 991 2751 u).
1010 2724 1077 2752 iffi:
1098 2733 1164 2751 esse
1184 2725 1277 2751 deest.
1341 2725 1379 2751 ιδ.
1404 2724 1471 2751 DE:
1499 2731 1579 2758 rogo

265 2765 353 2821 erfo.
462 2767 502 2793 ιι).
523 2758 562 2786 F:
590 2764 620 2786 ee
638 2767 676 2786 ex
696 2760 771 2786 islis.
879 2767 924 2795 27.
945 2758 983 2786 F:
1012 2759 1188 2795 corporalis
1207 2759 1254 2786 uel
1273 2759 1366 2786 deest.
1475 2757 1517 2786 35.
1540 2759 1577 2785 F:

265 2793 297 2824 sit
310 2802 354 2820 em
375 2797 411 2821 et.

336 2868 367 2899 ’5.
391 2865 468 2898 Joh.
494 2867 548 2905 XI⁷
578 2876 630 2897 22.
728 2867 780 2899 23.
807 2866 852 2898 ib.
880 2867 933 2899 23.
1031 2867 1083 2898 31.
1111 2866 1154 2897 ib.
1184 2875 1236 2906 24.
1335 2864 1387 2898 36.
1414 2864 1458 2895 ib.
1487 2863 1539 2895 25.
