2062 3276
250 252 385 279 sumu»
408 242 503 298 xxm]
730 257 920 295 QUARTA
949 258 1074 289 rrius.

251 362 370 398 habet
411 362 460 398 ad
499 362 692 399 venaliter
726 363 891 400 ecclesie
925 363 1254 412 dispensandum,
1288 366 1356 401 sed
1391 365 1562 402 fideliter

249 418 431 456 attribuit
470 419 587 456 istam
628 421 804 469 graciam
841 430 877 458 et
911 434 1050 469 pacem
1086 434 1107 458 a
1142 422 1303 459 Christo
1337 422 1466 470 capite
1501 436 1561 460 ec-

250 476 366 513 clesie
392 480 695 526 expectandam.
731 481 816 527 Ipse
851 479 954 515 enim
992 479 1138 516 meruit
1171 480 1290 517 istum
1326 481 1559 518 thesaurum

248 535 504 582 singulariter
544 545 580 572 et
620 536 847 584 capitaliter
881 549 949 574 sue
989 538 1155 574 ecclesie
1202 538 1422 586 dispertiri,
1470 552 1557 575 cum

215 595 231 627 5
249 593 394 629 Psalm.
420 595 540 639 C1X0,
568 607 587 641 7
615 594 822 631 scribitur:
857 596 917 631 De
940 603 1113 632 torrente
1135 597 1170 632 1'11
1206 597 1264 632 νιά
1298 597 1408 641 bibet,
1437 609 1559 646 prop-

247 658 350 688 terea
402 652 588 688 exaltabit
638 660 763 701 caput.
805 654 982 689 Torrens
1034 663 1165 690 autem
1223 667 1297 702 que
1348 663 1405 690 est
1457 667 1558 703 aqua

246 709 408 746 veniens
443 721 485 746 ex
517 709 674 746 nivibus
713 710 939 759 liquefactis
973 711 1103 759 signat
1138 711 1294 749 mistice
1328 711 1560 749 tribulacio-

246 778 314 803 nes
361 779 458 815 quas
505 780 547 804 ex
593 768 853 816 frigescencia
899 769 1077 806 caritatis
1124 770 1307 806 Christus
1353 770 1392 806 in
1438 783 1478 807 se
1523 779 1559 807 et

247 825 438 861 membris
472 825 553 862 suis
587 826 794 863 caritative
828 827 979 875 patitur
1013 828 1075 864 hic
1100 827 1139 864 in
1162 828 1237 865 via.
1273 828 1312 865 Si
1338 840 1430 876 ergo
1455 841 1559 876 papa

193 896 231 917 10
245 882 421 920 saciatus
454 884 659 932 voluptate
693 885 977 933 temporalium
1003 899 1083 922 non
1108 886 1163 922 sic
1187 885 1285 922 bibit
1310 887 1357 923 de
1380 895 1559 923 torrente

245 940 284 977 in
318 941 394 987 via,
430 941 518 990 quis
552 941 690 979 titulus
732 942 806 979 sibi
841 945 889 979 ad
930 943 1063 981 taliter
1096 953 1382 992 supererogata
1416 944 1560 982 merita

244 998 576 1048 inperciendum?
629 1003 729 1037 Nam
772 1001 954 1038 Christus
1007 1011 1220 1050 propterea
1273 1003 1469 1039 exaltatur
1520 1002 1560 1038 in

243 1057 374 1106 patria
408 1070 527 1106 super
566 1071 727 1095 omnem
769 1059 977 1096 ecclesiam
1020 1069 1228 1109 tamquam
1270 1070 1403 1108 caput.
1445 1062 1559 1097 Unde

242 1124 352 1164 patet
398 1118 506 1164 quod
551 1117 813 1166 presumpcio
859 1131 1059 1166 paparum
1102 1119 1169 1167 qui
1210 1118 1348 1155 dicunt
1387 1131 1427 1155 se
1473 1131 1558 1155 esse

188 1173 479 1211 15immediate
525 1174 674 1212 Christi
718 1175 891 1213 vicarios
937 1185 994 1212 est
1039 1177 1157 1225 plena
1204 1176 1469 1225 blasphemia,
1515 1185 1558 1213 ut

242 1233 508 1280 prophetatur
539 1233 818 1283 Apocalypsis.

300 1292 348 1326 Et
381 1290 582 1339 sequitur:
623 1292 675 1328 Et
706 1305 727 1328 a
760 1300 903 1342 septem
941 1292 1140 1342 spiritibus
1178 1293 1242 1341 qui
1279 1293 1314 1329 in
1353 1301 1556 1343 conspectu

240 1349 373 1384 throni
403 1350 482 1385 eius
513 1357 612 1396 sunt,
645 1358 680 1386 et
712 1364 733 1386 a
765 1351 854 1386 Jesu
893 1351 1048 1386 Christo
1087 1352 1150 1400 qni
1187 1358 1242 1387 est
1280 1351 1385 1388 testis
1405 1351 1553 1401 fidelis,

241 1406 306 1455 qui
336 1414 391 1443 est
418 1408 706 1458 primogenitus
738 1416 982 1445 mortuorum
1013 1416 1047 1445 et
1065 1409 1249 1458 princeps
1272 1422 1410 1460 regum
1435 1416 1551 1446 terre.

185 1475 226 1497 20
243 1465 404 1512 Septem
440 1474 574 1502 autem
609 1466 773 1514 spiritus
807 1466 1087 1514 intelliguntur
1119 1467 1358 1504 universitas
1391 1468 1552 1515 angelo-

240 1536 342 1569 rum,
379 1523 445 1572 qui
478 1532 619 1572 parate
652 1525 843 1562 assistunt
876 1534 968 1562 ante
992 1525 1210 1562 Dominum
1244 1527 1294 1562 ad
1329 1525 1411 1562 eius
1435 1527 1552 1563 bene-

240 1581 434 1629 placitum
469 1582 732 1620 effectualiter
766 1584 1056 1632 exequendum.

298 1641 345 1676 Et
378 1639 503 1677 tercio
538 1641 581 1677 fit
614 1640 688 1678 ista
722 1642 858 1690 gracia
892 1651 928 1679 et
961 1654 1035 1690 pax
1070 1655 1091 1678 a
1113 1643 1204 1678 Jesu
1225 1641 1385 1678 Christo
1409 1643 1551 1679 huma-

238 1697 359 1743 nitus,
394 1698 461 1747 qui
495 1707 553 1735 est
585 1699 713 1736 factus
747 1700 787 1736 in
820 1699 1048 1737 novissimis
1081 1700 1348 1748 temporibus,
1384 1701 1477 1749 quia
1511 1700 1551 1736 in

183 1756 222 1789 25
238 1755 439 1805 principio
472 1757 643 1805 septime
667 1758 782 1795 etatis
806 1759 943 1800 seculi,
968 1767 1004 1794 et
1028 1758 1083 1794 sic
1108 1758 1345 1795 universitas
1370 1768 1552 1796 creature

239 1823 276 1850 et
309 1816 432 1851 homo
466 1815 695 1863 specialiter
728 1817 795 1865 qui
831 1826 889 1853 est
922 1816 1065 1852 ultima
1098 1816 1253 1854 factura
1273 1816 1345 1853 Dei
1379 1816 1418 1853 in
1442 1826 1551 1854 sexto

238 1872 301 1909 die
335 1881 392 1909 est
425 1873 531 1909 facta
564 1873 737 1911 circulus
761 1875 953 1911 infinitus.
989 1877 1037 1910 Et
1061 1873 1116 1911 sic
1140 1876 1387 1923 quadratura
1412 1875 1551 1912 circuli

238 1931 286 1967 ab
320 1930 395 1967 ista
429 1930 585 1968 infinita
619 1933 824 1980 sapiencia
858 1933 936 1969 iam
972 1941 1029 1969 est
1062 1932 1173 1969 scita.
1216 1933 1275 1969 Fit
1309 1942 1441 1970 autem
1477 1933 1552 1970 ista

237 1988 371 2036 gracia
405 1998 441 2025 et
475 2002 549 2037 pax
583 2002 604 2026 a
635 1992 726 2027 Jesu
752 1991 912 2027 Christo
947 1990 1137 2027 divinitus
1171 1991 1466 2037 auctoritative,
1500 1991 1551 2028 si-

181 2047 222 2079 '30
239 2055 303 2083 cut
336 2046 421 2083 sine
455 2047 572 2084 huius
606 2049 880 2097 repugnancia
906 2049 947 2085 fit
972 2062 993 2085 a
1017 2058 1102 2085 tota
1120 2049 1339 2095 Trinitate3
1373 2051 1549 2086 secundo

238 2104 280 2140 fit
313 2105 674 2143 instrumentaliter
698 2119 767 2155 per
791 2107 1057 2144 ministerium
1084 2106 1298 2155 spirituum
1325 2109 1550 2145 beatorum.

236 2164 336 2200 Nam
362 2163 392 2200 si
417 2163 559 2200 fratres
582 2165 708 2201 nostri
732 2165 837 2202 beati
872 2166 1015 2202 dabunt
1047 2177 1266 2203 mensuram
1300 2167 1436 2202 honam
1475 2174 1548 2203 etc.

235 2221 270 2256 in
304 2222 426 2258 sinum
460 2230 632 2259 nostrum
667 2228 722 2268 (ut
747 2223 892 2260 dicitur
912 2227 1016 2261 Luce
1033 2225 1119 2269 VI⁰‚
1148 2225 1226 2270 38),
1262 2225 1389 2261 multo
1423 2224 1550 2272 magis

236 2280 295 2316 vel
329 2293 351 2317 a
384 2280 470 2328 pari
510 2281 674 2318 celestes
714 2281 879 2330 spiritus
920 2291 1087 2331 possunt
1128 2282 1446 2319 ministerialiter
1486 2295 1549 2320 ac-

179 2337 219 2370 35
236 2337 435 2375 cidentale
479 2339 595 2376 nobis
640 2339 839 2388 premium
886 2342 994 2378 dare.
1043 2342 1119 2377 Sed
1166 2340 1291 2378 tercio
1337 2342 1404 2378 dat
1436 2343 1548 2378 Jesus

236 2396 418 2433 Christus
437 2397 551 2434 nobis
571 2410 711 2446 pacem
732 2407 768 2434 et
787 2398 964 2446 graciam
989 2400 1209 2435 secundum
1231 2412 1343 2436 suam
1364 2399 1548 2435 humani-

234 2462 356 2491 tatem
392 2464 428 2492 et
461 2455 705 2503 passionem,
740 2456 830 2493 ideo
855 2457 1058 2505 signanter
1082 2457 1245 2506 ponitur
1269 2466 1361 2506 post
1384 2458 1547 2505 angelos

303 2609 323 2632 1,
344 2609 368 2628 2.
390 2602 434 2628 A:
461 2602 665 2634 sedfideliler
683 2619 717 2622 —
739 2604 861 2631 Cin-islo
882 2604 974 2631 deest.
1114 2612 1139 2639 2,
1162 2603 1186 2632 3,
1209 2605 1276 2632 DE:
1304 2606 1432 2634 ecclesie
1452 2606 1545 2633 deest.

231 2644 260 2668 4.
283 2636 352 2664 DE:
374 2637 551 2672 capacz'ter;
570 2637 598 2664 l:
621 2638 828 2673 capitualiter.
919 2639 943 2666 5.
965 2640 1008 2667 A:
1031 2638 1115 2670 IXC:
1140 2641 1169 2667 I:
1193 2639 1306 2672 CVIII;
1334 2640 1374 2668 ib.
1397 2642 1440 2669 A:
1463 2641 1545 2668 bibit.

232 2678 258 2704 7.
280 2670 348 2698 DE:
370 2671 516 2703 nubibus,·
534 2672 574 2699 ib.
590 2671 614 2699 E
629 2672 659 2700 in
675 2681 741 2700 mar
766 2683 788 2700 .:
809 2674 951 2701 Torrens.
1015 2682 1055 2701 10.
1072 2674 1141 2701 DE:
1163 2674 1281 2702 biberit.
1339 2684 1372 2707 ιι,
1391 2683 1428 2703 12.
1445 2675 1545 2703 ADE:

231 2706 341 2733 merila
358 2706 600 2741 percipiendum.
664 2708 704 2735 18.
725 2708 750 2735 D
782 2709 808 2735 I:
830 2708 950 2736 Christo
971 2709 1064 2736 deest.
1126 2717 1172 2737 20.
1194 2709 1218 2737 E
1238 2709 1267 2737 in
1290 2719 1404 2745 marg:
1427 2711 1545 2746 Septem

231 2739 375 2780 Spsritus
438 2739 481 2768 23.
503 2741 571 2769 DE:
594 2743 706 2777 gracia
727 2746 757 2770 et
774 2743 867 2770 deest.
932 2751 977 2775 24.
999 2744 1026 2770 I:
1047 2747 1170 2771 sanctus
1190 2745 1230 2771 in.
1287 2752 1333 2776 20.
1355 2746 1383 2772 I:
1403 2753 1421 2772 a
1443 2745 1544 2775 deest:

231 2774 255 2802 L
275 2784 303 2803 ιι]
326 2784 439 2810 marg:
462 2776 526 2803 Pax
540 2784 558 2804 a
572 2776 644 2804 Jesu
659 2776 789 2805 Christo.
846 2777 887 2805 32.
910 2778 978 2806 DE:
1001 2777 1077 2805 Nam
1098 2782 1135 2806 el.
1192 2778 1234 2806 33.
1252 2777 1367 2807 Codd.:
1389 2780 1468 2807 Luce
1489 2779 1543 2806 l'll.

306 2881 354 2913 17.
382 2872 446 2912 Ap.
474 2872 495 2911 Ι,
521 2882 553 2912 4,
584 2872 612 2903 5.
712 2871 764 2903 26.
793 2872 844 2903 Cf.
871 2874 1056 2903 Sermones
1084 2873 1106 2908 Ι,
1136 2872 1211 2907 236.

1776 252 1842 287 181

1619 1299 1685 1327 The
1707 1308 1798 1328 seven

1585 1334 1840 1406 afiartam}

1580 1377 1602 1395 u
1650 1406 1766 1440 angels.

1615 1649 1714 1678 Grace
1735 1650 1793 1678 and

1568 1692 1659 1719 peace
1680 1693 1731 1713 are
1751 1685 1840 1721 given

1587 1832 1605 1852 1.
1629 1825 1666 1859 by
1688 1825 1823 1853 Christ's

1633 1859 1776 1897 divinity,

1626 1949 1650 1968 2.
1675 1942 1712 1978 by
1732 1942 1782 1969 the

1574 1976 1719 2013 ministry
1740 1977 1774 2004 of
1791 1979 1841 2006 the

1645 2012 1759 2047 angels,

1583 2173 1607 2202 3.
1631 2175 1669 2211 by
1690 2174 1822 2203 Christ's

1619 2210 1791 2247 humanity.
