2062 3276
246 244 381 272 sinino
405 234 526 290 [vni]
725 243 915 283 QUARTA
946 244 1070 275 mus.

249 353 430 402 quisicio,
463 353 702 401 voluptuosa
727 351 856 400 pastio
881 360 917 387 et
942 350 1164 386 luxuriosus
1198 350 1447 395 concubitus,
1473 363 1560 386 eun·

250 412 323 449 sibi
363 411 574 448 similibus.
616 411 743 446 Debet
775 409 902 446 eciam
942 407 1217 445 testimonium
1253 420 1336 445 esse
1374 410 1562 456 prudens,

252 484 296 507 ex
329 482 469 511 amore
508 467 646 506 salutis
680 466 868 516 correpti,
911 479 953 502 ex
986 467 1071 502 zelo
1110 465 1295 502 utilitatis
1329 466 1494 503 ecclesie
1528 475 1564 502 et

252 528 415 565 lionoris
439 527 510 564 Dei
546 525 795 573 correpcioni
830 524 899 561 tali
933 523 1114 560 insistere
1148 532 1185 560 et
1218 533 1427 572 correptor
1459 537 1562 560 nunc

216 590 231 621 5
248 586 376 623 verbis
398 584 648 634 generalibus
680 595 785 619 nunc
807 581 1047 631 specialibus
1080 581 1241 618 acucius
1265 581 1480 630 pungitivis
1506 584 1564 630 (ut

197 892 234 912 10

198 1173 232 1204 15

194 1475 235 1496 ΞΟ

160 1558 235 1590 Fol.

158 1607 235 1645 340⁰

199 2049 239 2080 '30

250 642 422 693 expedit)
446 644 663 691 prudenter
697 640 910 689 corripere.
945 642 1083 688 Itaque
1106 648 1195 688 post
1218 639 1335 676 istam
1361 639 1561 688 duplicem

249 701 551 750 correpcionem
585 699 733 736 amoris
766 699 917 736 scilicet
950 706 987 735 et
1024 697 1181 734 timoris
1219 706 1401 746 superest
1439 697 1563 734 tercia

249 771 286 798 et
333 759 475 796 ultima
519 757 746 796 fraternalis
787 756 1010 805 correpcio,
1057 756 1218 793 dicendo
1263 756 1441 802 ecclesie,·
1484 769 1564 792 non
1584 762 1853 798 Tlnei1npeniteut

1649 798 1675 825 is
1695 802 1726 824 to
1748 798 1783 824 be

249 827 411 867 oportet
455 828 661 853 recurrere
705 817 755 853 ad
802 824 1160 864 quantumcunque
1204 814 1455 862 superiorem
1503 826 1565 851 ec·
1590 832 1730 867 reported
1752 837 1783 860 10
1804 832 1853 859 the

250 876 426 923 clesiam‚
450 877 518 912 sed
533 875 629 912 satis
652 883 710 911 est
734 873 988 911 manifestare
1007 873 1231 921 cuicunque
1255 872 1563 921 congregacioni

251 934 429 971 fidelium
476 933 587 970 cuius
633 945 807 981 persona
852 930 1109 980 corripienda
1155 940 1213 967 est
1257 943 1350 979 pars
1388 930 1563 980 putrida.

250 995 343 1030 Ideo
384 992 589 1041 signanter
633 991 729 1027 dicit
762 990 943 1028 Christus
987 989 1224 1037 simpliciter
1262 990 1371 1037 quod
1410 990 1565 1025 dicatur

249 1051 415 1088 ecclesie.
466 1049 654 1096 Quelibet
694 1047 800 1086 enirn
846 1047 1014 1085 ecclesia
1055 1048 1175 1084 habet
1219 1047 1500 1084 auctoritatem
1542 1060 1563 1084 a

251 1109 408 1146 Christo
441 1107 509 1157 qui
542 1116 599 1144 est
630 1107 671 1144 in
694 1106 826 1144 medio
859 1119 997 1143 eorum
1021 1107 1071 1142 ad
1105 1105 1402 1154 corripiendum
1425 1118 1565 1154 quarn-

250 1180 407 1216 cunque
440 1166 523 1203 eius
556 1174 711 1214 partem
745 1165 961 1211 infirmam,
1002 1172 1087 1200 tum
1121 1163 1215 1212 quia
1247 1177 1339 1212 pars
1378 1177 1474 1200 sana
1508 1173 1565 1200 est

250 1238 420 1275 persona
459 1224 618 1261 infirma
657 1223 920 1273 prestancior,
961 1224 1044 1259 Deo
1085 1222 1306 1270 accepcior,
1348 1232 1384 1259 et
1417 1222 1457 1258 in
1495 1222 1564 1258 tali

250 1298 342 1321 casu
365 1284 468 1320 foret
490 1282 695 1330 correpcio
718 1281 931 1330 utrobique
947 1280 1093 1317 utilior.
1118 1281 1229 1317 Sicut
1253 1293 1345 1328 ergo
1370 1290 1565 1329 repugnat

249 1341 501 1379 ordinacioni
533 1350 676 1377 nature
699 1341 808 1389 quod
841 1341 1061 1376 humanum
1086 1352 1230 1387 corpus
1262 1352 1404 1376 sanum
1428 1351 1566 1376 secun-

251 1402 345 1437 dum
362 1399 579 1448 plurimum
603 1412 684 1435 non
700 1400 844 1436 habeat
867 1397 1096 1446 potenciam
1112 1399 1162 1434 ad
1177 1397 1394 1434 iuvandum
1410 1406 1565 1445 partem

251 1459 459 1508 parvulam
494 1457 787 1503 diserasiatam,
827 1456 883 1493 sic
914 1464 1111 1504 repugnat
1150 1455 1403 1492 ordinacioni
1436 1455 1566 1492 divine

251 1518 359 1566 quod
397 1515 563 1553 ecclesia
600 1528 681 1551 non
720 1516 864 1552 habeat
896 1523 1138 1562 potestatem
1179 1515 1229 1550 ad
1267 1513 1566 1562 corripiendum

251 1588 374 1612 unum
423 1574 505 1611 eius
541 1570 544 1627 Ι
580 1574 806 1610 membrum
844 1573 1065 1619 infirmum,
1108 1571 1202 1609 licet
1239 1581 1405 1620 perante
1449 1571 1567 1608 fuerit

253 1642 373 1682 caput
409 1633 471 1669 vel
511 1645 578 1669 cor
617 1632 795 1669 eiusdem
836 1631 1012 1668 ecclesie.
1060 1632 1187 1667 Debet
1225 1639 1359 1667 autem
1400 1629 1567 1667 ecclesia

253 1701 342 1740 post
380 1690 681 1739 correpcionem
723 1689 871 1727 amoris
911 1698 948 1726 et
979 1689 1136 1725 timoris
1176 1690 1445 1737 superaddere
1480 1701 1566 1725 cor-

221 1749 482 1798 §repcionem
506 1748 661 1798 rigoris,
694 1748 886 1785 minando
909 1747 1264 1796 proscripcionem‚
1298 1747 1568 1784 excommuni—

254 1808 459 1846 cacionem
483 1808 544 1844 vel
577 1806 699 1844 aliam
722 1806 992 1855 punicionem.
1034 1806 1148 1850 Quod
1169 1805 1203 1842 .ςί
1223 1805 1333 1842 illam
1358 1806 1566 1843 ecclesiam

254 1880 325 1903 non
347 1866 528 1914 audierit,
543 1865 769 1902 desistendo
793 1878 815 1902 a
837 1873 1002 1913 peccato
1025 1865 1093 1901 sed
1116 1863 1373 1900 recidivando
1396 1864 1566 1906 notorie,

255 1927 370 1962 debet
414 1936 497 1961 esse
540 1932 748 1972 tamquam
795 1924 1041 1971 desperatus,
1087 1931 1124 1958 et
1167 1921 1303 1969 negari
1341 1921 1416 1958 sibi
1461 1935 1567 1959 com—

256 1983 482 2020 munic-acio
520 1992 728 2030 tamquam
762 1981 914 2017 infideli
955 1989 992 2017 et
1031 1980 1168 2029 populi
1208 1979 1408 2017 infectivo.
1454 1982 1567 2018 Unde

258 2044 361 2078 Luce
398 2042 466 2087 VO,
515 2041 563 2077 30
608 2049 717 2088 patet
768 2041 875 2088 quod
918 2039 1032 2075 Judei
1077 2039 1319 2075 horruerunt
1364 2038 1566 2075 Christum

256 2099 555 2137 communicare
587 2111 671 2135 cum
698 2098 916 2148 publicanis
949 2105 984 2133 et
1005 2097 1287 2147 peccatoribus,
1322 2110 1412 2134 cum
1435 2107 1567 2134 tamen

255 2158 367 2195 scivit
400 2171 465 2194 eos
499 2157 787 2194 convertendos
820 2165 858 2193 et
891 2157 940 2192 ad
974 2157 1049 2192 hoc
1083 2155 1299 2192 efficaciter
1332 2155 1422 2204 egit.

313 2219 393 2253 Nec
431 2224 591 2264 oportet
628 2215 669 2251 in
712 2214 822 2251 omni
862 2215 983 2251 fratre
1022 2223 1212 2262 peccante
1253 2226 1408 2251 servare
1449 2214 1568 2250 istum

255 2274 452 2319 ordinem,
493 2287 582 2311 cum
621 2274 818 2310 latronem
857 2273 918 2309 vel
956 2272 1112 2309 notorie
1145 2272 1377 2308 induratum
1411 2281 1571 2320 oportet

200 2334 295 2371 'fibin
327 2332 525 2381 principio
559 2332 907 2369 excommunicare
945 2331 1007 2367 vel
1039 2332 1295 2379 suspendere,
1335 2343 1383 2367 ne
1416 2330 1569 2367 inficiat

257 2391 446 2427 residium
480 2390 657 2427 ecclesie.
691 2390 755 2427 Sic
788 2390 893 2426 enim
919 2391 1056 2426 Petrus
1090 2389 1442 2426 anathematizavit
1465 2392 1569 2426 Ana-

256 2449 364 2486 niam
407 2458 443 2485 et
482 2461 644 2485 uxorem
686 2448 769 2485 eius
803 2449 1028 2496 Sophoram
1067 2448 1132 2496 qni
1166 2448 1294 2484 statim
1336 2447 1570 2497 expirarunt

1101 2556 1117 2568 l

326 2639 351 2665 2,
367 2630 391 2658 3.
406 2632 451 2658 A:
468 2630 608 2666 prudens
622 2633 651 2657 et
664 2638 710 2657 ex.
766 2630 790 2657 5.
807 2630 880 2657 DG:
901 2630 1087 2665 specl'afslwx
1105 2629 1218 2656 accius.
1275 2637 1300 2663 7.
1318 2629 1391 2656 I)(}:
1414 2632 1456 2656 est
1476 2630 1569 2657 deest.

257 2675 286 2701 ⁴)-
307 2667 362 2701 Ag
377 2674 567 2701 quacunque.
662 2674 703 2699 ιι,
726 2664 763 2692 15,
786 2665 858 2692 1›G:
886 2667 1163 2699 qnanlumclmquc.
1256 2665 1297 2691 υἱ.
1319 2665 1362 2691 A:
1390 2665 1455 2691 Deo
1476 2665 1570 2692 deest.

260 2710 297 2735 17.
320 2700 391 2727 HG:
419 2701 463 2727 sic
483 2701 589 2735 igilur.
699 2709 740 2735 1⁴)-
762 2700 835 2727 IiG:
863 2699 1050 2732 adimamds;
1077 2699 1117 2726 b:
1144 2699 1319 2726 adiuvandi
1335 2699 1378 2726 ad
1396 2700 1569 2727 furandum.

259 2744 300 2762 ¹22.
325 2736 363 2763 It:
393 2736 421 2762 si
443 2738 583 2770 perante.
709 2735 751 2762 25.
773 2735 815 2762 G:
844 2734 989 2761 iurando.
1114 2742 1157 2759 er.
1182 2734 1253 2761 bG:
1280 2737 1444 2768 apeccnlo
1471 2735 1570 2767 dcc-su

259 2771 297 2798 nx
322 2771 396 2797 lui:
422 2778 440 2797 a
459 2773 586 2805 peccato
607 2770 736 2797 notorie.
817 2768 851 2797 130
885 2769 1002 2796 Codri..⁴
1030 2769 1108 2796 Luce
1128 2769 1174 2796 [Γ.
1249 2768 1291 2804 37.
1316 2769 1359 2796 G:
1387 2769 1569 2805 valtoram,

329 2876 360 2909 8.
387 2876 506 2909 Matth.
532 2877 651 2917 XVIII,
678 2886 728 2919 17.

1580 866 1716 898 Cbnrch,
1731 867 1787 905 i.-e.
1805 867 1853 894 the

1580 906 1801 937 congregation
1823 906 1853 929 to

1639 934 1739 963 which
1762 937 1798 963 Ile

1651 972 1787 1006 belongs.

1602 2218 1679 2245 This
1700 2217 1790 2244 ordei*
1811 2217 1845 2244 Of

1616 2253 1742 2287 reproot’
1761 2261 1830 2287 may

1606 2288 1784 2314 sometimes
1808 2288 1841 2313 be

1594 2322 1738 2357 departed
1762 2323 1851 2349 troni.
