2062 3276
220 658 246 686 It
266 657 369 686 would
391 657 427 684 be

241 694 338 721 better
357 692 407 720 for

212 728 302 755 riests
323 732 354 755 to
375 727 454 754 shun

189 737 378 798 {ianqueting
393 761 460 798 Sta,

197 1475 247 1506 yet
266 1478 324 1498 one
346 1471 441 1505 priest

198 1514 269 1542 may
290 1506 440 1533 entertain

255 1541 385 1568 another

216 1577 428 1612 temperately.

266 2224 381 2259 Giving

226 2262 386 2299 banquets,
405 2267 421 2286 a

226 2300 321 2331 prlest
342 2303 368 2322 ις
388 2303 420 2321 as

213 2331 305 2358 much
326 2334 378 2357 out
400 2330 435 2357 of

186 2366 272 2401 place
293 2374 326 2392 as
347 2373 362 2391 a
384 2373 453 2391 man

205 2401 307 2434 riding
327 2408 342 2426 a
363 2408 441 2427 coxv.

775 249 998 282 JOHANNIS
1018 248 1203 281 WYCLIF
1223 247 1479 280 SERMONUM
1549 232 1701 291 [SERMO
1722 242 1788 270 XV-

478 355 718 404 temporalia
751 357 897 392 debent
930 368 1013 392 esse
1047 356 1151 391 bona
1184 353 1415 391 communia
1448 365 1678 401 egenorum,
1713 364 1789 401 que

478 416 595 451 debet
639 426 736 462 pure
781 415 1000 450 secundum
1050 412 1251 449 racionem
1298 411 1514 448 elemosine
1559 412 1652 448 dare
1693 424 1791 459 pau-

477 472 653 520 peribus,
683 472 890 520 supposito
914 472 1021 520 quod
1052 470 1186 518 aliqua
1209 478 1341 518 preter
1364 469 1597 506 alimentum
1622 478 1659 505 et
1681 478 1791 517 tegu-

478 539 655 567 mentum
702 529 775 566 sibi
820 529 1101 578 superfuerunt
1140 528 1367 576 parcienda.
1413 528 1527 564 Unde
1566 528 1789 575 exemplum

476 601 556 625 non
601 589 705 624 lucet
750 587 789 623 in
833 587 911 624 vita
958 586 1106 623 Christi
1157 586 1218 622 vel
1270 585 1575 622 conversacione
1627 585 1823 621 suorum5

476 647 750 694 apostolorum
785 646 892 693 quod
932 644 1058 681 curati
1091 645 1234 680 debent
1272 643 1404 680 taliter
1443 643 1664 690 convivare,
1697 642 1791 691 quia

476 713 559 740 tota
593 703 820 740 sollicitudo
854 716 925 739 sua
958 703 1074 738 debet
1108 703 1155 738 ad
1191 701 1441 749 spiritualem
1488 701 1787 737 edificacionem

476 762 641 798 ecclesie
675 761 924 809 congregari.
970 761 1061 796 Ideo
1102 773 1123 796 a
1156 768 1338 808 tempore
1371 759 1594 795 dotacionis
1628 758 1790 796 ecclesie

475 819 701 856 sollicitudo
734 819 808 855 ista
842 818 1035 854 minuitur
1073 817 1153 855 sive
1197 817 1439 865 extinguitur
1483 826 1520 853 et
1564 817 1790 853 sollicitudo

475 877 732 926 perquirendi
758 886 794 913 et
818 876 1057 912 defendendi
1083 875 1321 924 temporalia
1344 876 1562 912 secundum
1586 875 1787 911 racionem
1811 885 1848 906 10

475 935 694 983 apostolice
738 935 814 971 vite
860 934 1103 971 contrariam
1159 933 1400 979 maioratur;
1454 933 1543 969 ideo
1597 946 1685 970 cum
1742 932 1789 968 sit

475 1002 630 1030 tantum
665 993 886 1041 periculum
921 992 959 1028 in
994 992 1153 1029 racione
1185 991 1275 1028 talis
1299 991 1482 1037 convivii,
1507 991 1656 1027 scilicet
1680 991 1788 1039 quod

475 1052 596 1087 homo
641 1064 720 1087 non
773 1052 935 1087 excedat
987 1050 1026 1085 in
1080 1049 1238 1097 prandii
1292 1049 1515 1097 quantitate
1568 1050 1786 1086 secundum

474 1109 822 1157 sumptuositatem
858 1117 925 1145 aut
959 1108 1304 1155 numerositatem,
1350 1117 1387 1144 et
1420 1107 1648 1155 specialiter
1681 1107 1788 1155 quod

474 1168 594 1204 homo
627 1180 707 1203 non
740 1168 901 1203 excedat
935 1168 985 1203 ad
1024 1167 1244 1214 dampnum
1290 1165 1452 1202 ecclesie
1496 1178 1687 1213 personas
1732 1164 1845 1200 in-15

475 1225 626 1262 habiles
675 1224 924 1261 convivando
978 1233 1015 1260 et
1066 1224 1232 1260 omnino
1284 1225 1392 1272 quod
1443 1237 1523 1259 non
1576 1223 1788 1259 iniurietur

474 1283 732 1331 pauperibus,
767 1283 913 1319 famam
948 1282 1069 1318 seculi
1104 1284 1211 1331 quod
1244 1281 1292 1318 sit
1326 1283 1454 1317 bonus
1477 1281 1630 1329 dapifer
1652 1280 1788 1329 acqui-

475 1343 610 1378 rendo.
647 1343 814 1388 Propter
847 1340 954 1386 talia,
988 1340 1168 1388 inquam,
1203 1340 1380 1388 pericula
1413 1339 1643 1376 convivacio
1676 1338 1788 1376 cleri-

474 1412 611 1436 corum
655 1398 823 1435 divitum
869 1411 949 1434 non
994 1398 1065 1434 fuit
1110 1411 1131 1434 a
1166 1398 1323 1434 Christo
1367 1398 1427 1434 vel
1472 1397 1552 1433 suis
1596 1396 1787 1445 apostolis

474 1458 707 1505 exemplata.
752 1459 839 1492 Non
872 1465 1006 1493 tamen
1038 1456 1154 1492 video
1187 1455 1284 1504 quin
1327 1456 1417 1492 licet
1462 1455 1605 1492 clerico
1649 1464 1788 1491 curato
1806 1466 1847 1487 20

475 1517 569 1551 dare
603 1515 803 1551 mediocre
838 1514 1050 1562 prandium
1091 1515 1309 1550 secundum
1358 1513 1560 1550 racionem
1607 1513 1788 1549 amicicie

475 1573 588 1609 alteri
629 1572 774 1609 clerico
814 1572 915 1608 sicut
961 1572 1212 1620 sompniatur
1253 1574 1412 1608 Petrum
1456 1572 1623 1608 Paulum
1672 1584 1786 1606 suum

476 1631 627 1667 socium
663 1631 801 1666 diebus
835 1629 1139 1678 quatuordecim
1175 1630 1414 1666 convivasse.
1454 1631 1534 1665 Nec
1569 1638 1676 1665 caret
1711 1630 1789 1665 tale

476 1688 688 1736 prandium
724 1688 884 1725 racione
917 1687 1132 1724 elemosine
1177 1687 1416 1735 corporalis3
1462 1696 1498 1723 et
1544 1696 1675 1734 potest
1720 1700 1790 1734 per

475 1746 580 1783 istud
613 1746 770 1783 defendi
815 1746 946 1782 omnis
990 1747 1049 1782 lex
1092 1746 1151 1781 vel
1197 1747 1446 1782 consuetudo
1492 1745 1702 1781 laudabilis
1748 1745 1787 1780 in
1806 1747 1845 1779 25

475 1804 683 1841 ecclesiam
718 1804 961 1850 introducta,
1007 1812 1048 1840 ut
1082 1812 1179 1851 puta
1212 1805 1318 1852 quod
1354 1812 1517 1840 curatus
1551 1803 1788 1839 habundans

475 1862 514 1898 in
547 1862 775 1898 elemosinis
809 1861 1084 1909 corporalibus
1117 1863 1234 1898 debet
1267 1862 1352 1909 ipsa
1385 1860 1623 1909 temporalia
1646 1860 1789 1908 tripar-

474 1920 547 1956 tire
571 1920 719 1956 scilicet
737 1920 776 1956 in
795 1919 1130 1956 sustentacionem
1152 1920 1370 1967 propriam,
1394 1919 1432 1955 in
1451 1918 1787 1955 sustentacionem

474 1991 543 2014 sue
587 1978 748 2015 basilice
792 1987 912 2026 atque
958 1977 1084 2014 mansi
1130 1986 1166 2014 et
1209 1978 1248 2013 in
1293 1977 1522 2025 pascionem
1569 1989 1787 2023 congruam

475 2049 708 2083 egenorum.
754 2038 796 2071 In
829 2036 1016 2072 omnibus
1060 2044 1192 2072 autem
1240 2035 1323 2071 istis
1368 2034 1560 2083 contingit
1605 2043 1786 2071 curatum
1806 2047 1847 2070 >o

476 2094 644 2130 faciliter
691 2095 878 2130 excedere
930 2093 1147 2140 racionem,
1206 2093 1295 2129 ideo
1339 2093 1635 2129 securissimum
1690 2093 1789 2128 foret

476 2153 622 2188 habere
662 2153 842 2188 alimenta
876 2159 910 2187 et
943 2159 1162 2201 tegumenta
1205 2152 1425 2187 secundum
1471 2151 1648 2198 regulam
1683 2151 1789 2198 Apo-

476 2209 565 2245 stoli
606 2212 617 2245 Ι
661 2209 765 2245 Tim.
799 2211 884 2255 Vls‘,
932 2210 953 2245 8
1000 2218 1036 2245 et
1079 2218 1204 2245 totam
1248 2209 1435 2245 virtutem
1481 2207 1685 2256 regiminis
1728 2208 1787 2243 vel

476 2267 756 2303 sollicitudinis
800 2266 997 2314 spirituali
1050 2266 1301 2303 edificacioni
1355 2266 1518 2302 ecclesie
1571 2265 1786 2313 applicare.

476 2327 564 2360 Non
605 2325 709 2361 enim
754 2324 868 2361 video
913 2326 1019 2373 quod
1065 2325 1152 2372 plus
1196 2324 1365 2372 pertinet
1410 2323 1606 2360 sacerdoti
1640 2322 1843 2361 Clu-isti35

476 2382 607 2419 taliter
640 2383 833 2431 populum
869 2382 1078 2419 convivare
1112 2395 1232 2430 quam
1267 2394 1386 2430 super
1417 2394 1579 2418 vaccam
1604 2382 1785 2418 sellatam

477 2440 679 2477 hominem
715 2440 906 2489 equitare.

533 2501 613 2535 Nec
646 2507 777 2546 potest
811 2500 958 2535 abusus
991 2498 1063 2535 iste
1108 2497 1241 2535 sanari
1285 2497 1325 2534 in
1371 2497 1523 2534 clericis
1568 2505 1784 2545 antequam

475 2558 694 2592 secundum
730 2557 856 2604 legem
882 2556 1043 2593 Domini
1077 2556 1155 2592 sint
1178 2557 1228 2592 ad
1250 2564 1397 2592 statum
1423 2568 1639 2603 pauperem
1665 2567 1783 2603 quem

475 2613 656 2650 Christus
688 2614 860 2651 instituit
899 2614 1073 2651 revocati
1119 2622 1156 2650 et
1200 2613 1255 2650 sic
1300 2622 1384 2650 tota
1428 2613 1587 2650 dotacio
1626 2625 1844 2658 cesarea4o

474 2671 523 2707 sit
556 2671 739 2708 extincta,
786 2673 1022 2709 Sacerdotes
1066 2680 1200 2708 autem
1244 2671 1285 2707 in
1329 2684 1423 2708 casu
1462 2684 1542 2719 quo
1575 2679 1716 2719 egeant
1748 2679 1785 2706 et

542 2804 566 2833 3.
590 2804 657 2833 DE:
678 2806 750 2833 alia.
806 2806 830 2837 5,
853 2807 880 2834 6.
902 2807 947 2834 A:
969 2814 1094 2834 suorum
1118 2823 1143 2825 «ἡ
1167 2807 1239 2842 quia
1261 2806 1356 2833 deest.
1413 2804 1440 2833 S.
1462 2805 1485 2832 E
1505 2806 1535 2833 in
1557 2812 1670 2839 marg:
1691 2804 1782 2831 Nota.

473 2847 512 2868 1‘2.
533 2840 585 2867 DE
604 2840 635 2867 in
657 2841 782 2868 racione
799 2841 872 2868 talis
891 2841 1026 2869 convivii
1042 2841 1135 2868 deest.
1193 2848 1239 2868 20.
1260 2840 1283 2867 E
1304 2841 1333 2868 in
1355 2848 1468 2875 marg:
1491 2840 1580 2868 Nota.
1636 2839 1682 2876 39.
1705 2839 1729 2866 l)
1752 2839 1782 2866 in

474 2883 588 2910 marg:
617 2875 665 2902 Ad
686 2875 754 2903 (ιἀΙ.
778 2881 814 2902 1⁰.
887 2884 930 2910 4¹·
951 2878 995 2904 A:
1022 2879 1121 2903 autem
1142 2875 1236 2905 deest.
