2062 3276
186 275 257 301 102
764 272 987 305 JOHANNIS
1006 272 1191 304 WYCLIF
1211 273 1468 304 SERMONUM
1541 260 1692 316 [SERMO
1714 270 1779 298 XII.

469 379 616 416 remitti
650 378 724 415 nisi
758 378 968 415 cuiuslibet
1001 379 1164 415 alterius
1209 379 1326 427 culpa
1370 378 1603 427 simpliciter
1647 379 1780 416 remit-

467 447 586 474 tatur.
622 438 712 473 Ideo
746 436 979 473 benedictus
1012 437 1061 473 sit
1094 438 1180 473 fons
1212 437 1283 473 iste
1317 436 1356 472 in
1390 449 1509 485 quem
1533 446 1575 473 ut
1599 446 1780 474 centrum

468 495 591 533 currit
623 494 846 532 satisfaccio
880 494 1168 543 cuiuscunque.
1203 494 1312 531 Sicut
1346 494 1451 531 enim
1475 497 1581 531 Deus
1614 504 1670 531 est
1693 495 1781 531 uni-

466 553 628 590 versalis
662 552 847 589 dominus
872 552 997 589 eciam
1022 552 1233 589 cuiuslibet
1257 561 1450 599 creature,
1475 552 1529 589 sic
1553 553 1781 590 satisfacere

468 611 541 648 sibi
586 619 643 647 est
687 610 914 647 satisfacere
960 610 1198 659 cuicunque.
1251 611 1489 659 Blasphema
1532 610 1653 659 igitur
1694 623 1782 659 pre-

468 669 650 717 sumpcio
695 681 815 716 supra
860 668 1087 704 Luciferum
1134 669 1234 705 foret
1280 680 1456 705 asserere
1501 670 1608 717 quod
1661 669 1782 705 homo

469 727 644 764 remittat
678 726 995 763 malivolenciam
1029 726 1128 763 tanti
1162 726 1328 773 domini,
1374 726 1461 774 ipso
1506 726 1669 763 domino
1702 739 1783 762 non

468 786 728 833 approbante.
766 784 873 820 Licet
907 794 1041 821 autem
1075 786 1260 821 sacerdos
1294 784 1442 821 Christi
1477 785 1621 821 habeat
1655 785 1782 821 claves

469 841 633 880 ecclesie
667 843 716 879 ad
750 842 994 879 sentenciam
1019 842 1091 878 Dei
1124 844 1345 879 secundum
1378 843 1506 890 legem
1540 855 1653 879 suam
1687 842 1783 879 fide-

469 901 559 937 liter
581 900 934 948 promulgandum,
960 909 996 936 et
1019 900 1085 937 illa
1108 909 1274 937 vocatur
1296 900 1461 946 solucio,
1495 899 1701 937 absolucio
1723 900 1784 936 vel

469 958 622 1007 peccati
647 957 847 1003 remissi03
870 958 960 994 ideo
984 958 1077 994 dicit
1095 958 1276 995 Christus
1302 960 1418 994 Petro
1441 959 1580 996 Matth.
1598 959 1717 1004 XV10‚
1737 971 1781 1005 19

472 1026 509 1053 et
541 1016 581 1052 in
620 1028 790 1065 persona
834 1016 917 1052 eius
963 1016 1187 1064 cuicunque
1231 1018 1482 1064 presbytero:
1523 1017 1785 1065 Quodcunque

473 1074 637 1111 solveris
668 1087 786 1123 super
817 1081 965 1110 terram
999 1074 1074 1110 erit
1104 1074 1270 1110 solutum
1315 1082 1350 1110 et
1393 1075 1429 1110 in
1474 1075 1564 1111 celis
1597 1081 1632 1110 et
1664 1075 1782 1123 quod-

473 1145 619 1181 cunque
651 1132 839 1182 ligaveris
869 1144 987 1181 super
1018 1140 1165 1168 terram
1199 1133 1273 1168 erit
1313 1132 1476 1182 ligatum
1521 1140 1556 1168 et
1600 1132 1634 1167 in
1679 1132 1780 1168 celis.

186 1199 374 1226 Absolution
395 1205 450 1225 can
472 1193 553 1227 Nec
586 1189 728 1238 aliquis
761 1190 952 1226 articulus
987 1190 1078 1226 fidei
1107 1191 1222 1226 dehet
1245 1190 1358 1226 nobis
1382 1202 1464 1226 esse
1489 1189 1639 1226 cercior
1662 1203 1783 1237 quam

182 1233 457 1304 bienggglrlnffissimqpbty
472 1250 579 1297 quod
613 1261 768 1284 summe
801 1247 1044 1296 impossibile
1080 1248 1178 1284 foret
1212 1260 1456 1296 quemquam
1502 1249 1549 1284 de
1589 1247 1783 1284 militante

205 1303 431 1365 *Vi¹¹¹uf}'¹fsi⁵¹'⁵
471 1306 636 1343 ecclesia
668 1307 728 1342 vel
761 1305 885 1342 eciam
920 1305 1193 1353 triumphante
1227 1306 1430 1342 absolvere
1463 1307 1523 1341 vel
1556 1305 1676 1353 ligare
1710 1305 1783 1341 nisi

471 1366 518 1401 de
551 1373 703 1412 quanto
743 1364 1020 1400 conformatur
1065 1363 1183 1411 capiti
1230 1363 1394 1400 ecclesie
1439 1363 1602 1399 domino
1647 1372 1784 1399 nostro

469 1425 560 1459 Jesu
606 1421 777 1458 Christo.
832 1424 885 1457 Ex
938 1421 1236 1458 universalitate
1288 1421 1410 1469 igitur
1461 1421 1580 1457 huius
1632 1420 1784 1457 domini

470 1488 627 1529 oportet
660 1481 767 1528 quod
801 1479 884 1528 ipse
917 1479 1047 1528 primo
1089 1480 1266 1516 absolvat
1309 1480 1369 1515 vel
1414 1479 1519 1527 liget,
1565 1479 1595 1515 si
1640 1478 1783 1527 aliquis

471 1538 555 1575 eius
587 1537 758 1574 vicarius
792 1537 845 1574 ita
878 1537 984 1584 facit,
1018 1546 1055 1574 et
1087 1537 1141 1574 sic
1175 1537 1321 1574 vicaria
1353 1537 1506 1574 solucio
1539 1537 1618 1573 sive
1641 1537 1784 1585 ligacio

471 1606 527 1633 est
560 1597 672 1632 valde
706 1595 899 1644 equivoca
931 1595 972 1632 in
1005 1595 1313 1643 comparacione
1357 1597 1404 1632 ad
1446 1595 1691 1632 solucionem
1724 1595 1785 1631 vel

470 1654 708 1702 ligacionem
742 1654 946 1702 propriam
972 1655 1054 1689 Deo
1088 1662 1238 1690 nostro.
1272 1656 1360 1689 Non
1394 1654 1499 1690 enim
1522 1652 1678 1689 videtur
1701 1665 1784 1689 esse

470 1712 578 1749 aliud
612 1725 732 1760 quam
780 1711 905 1747 fidelis
950 1711 1225 1759 promulgacio
1268 1711 1417 1748 vicaria
1461 1711 1661 1747 sentencie
1706 1724 1785 1759 qua

470 1771 563 1818 ligat
596 1770 656 1806 vel
688 1770 801 1806 solvit
848 1768 1053 1806 hominem
1099 1769 1166 1817 qui
1213 1769 1423 1817 deliquerit
1469 1778 1608 1805 contra
1642 1772 1782 1805 Deum.

472 1831 519 1864 Et
563 1828 619 1864 sic
663 1840 753 1864 vere
798 1827 944 1864 dicitur
988 1829 1094 1876 quod
1141 1836 1299 1875 oportet
1344 1836 1385 1863 ut
1425 1826 1570 1864 Christi
1614 1826 1784 1863 vicarius

471 1887 615 1923 habeat
660 1887 759 1922 duas
804 1887 945 1928 claves,
999 1885 1147 1922 scilicet
1191 1894 1427 1933 potestatem
1474 1894 1510 1922 et
1555 1884 1783 1931 scienciam,

470 1952 709 1993 potestatem
735 1945 852 1980 habet
876 1943 914 1979 in
939 1952 1133 1991 quantum
1159 1945 1358 1990 sacerdos,
1378 1952 1413 1980 et
1433 1942 1646 1979 scienciam
1667 1943 1784 1979 habet

472 2003 750 2050 cognoscendo
797 2002 1046 2049 decalogum,
1100 2001 1193 2049 quia
1238 2001 1482 2049 impossibile
1526 2010 1582 2037 est
1627 1999 1700 2036 nisi
1745 1999 1784 2036 in

473 2059 557 2096 eius
590 2059 912 2107 prevaricacione
946 2072 1190 2107 quemquam
1226 2068 1364 2096 contra
1388 2062 1515 2095 Deum
1540 2058 1783 2106 delinquere.

229 2125 296 2164 The
317 2124 416 2152 artos
532 2119 604 2154 Ars
644 2127 775 2154 autem
817 2117 1045 2165 apponendi
1086 2116 1325 2153 medicinam
1366 2118 1414 2153 ad
1448 2116 1627 2153 animum
1662 2115 1785 2151 delin-

185 2160 632 2223 dggffssffiffgfflisstquentis
677 2189 756 2211 non
801 2175 980 2212 consistit
1023 2175 1062 2211 in
1107 2174 1328 2211 extorsione
1372 2174 1539 2222 pecunie
1582 2174 1641 2210 vel
1685 2172 1785 2209 lucri

214 2230 244 2257 in
265 2229 427 2256 extortion.
473 2233 639 2281 proprii,
673 2233 767 2281 quia
801 2235 874 2269 hoc
908 2242 1008 2269 esset
1031 2232 1277 2281 proditorem
1302 2232 1373 2268 Dei
1397 2232 1627 2280 blaspheme
1651 2231 1784 2267 defen-

474 2292 566 2327 dere
600 2300 739 2327 contra
772 2291 916 2339 ipsum,
950 2292 1015 2327 sed
1051 2290 1230 2327 consistit
1263 2290 1302 2326 in
1336 2299 1472 2327 sancta
1505 2288 1784 2326 exhortacione

473 2361 554 2384 non
588 2349 759 2396 amplius
793 2349 847 2385 sic
886 2348 1079 2398 peccandi
1125 2357 1161 2384 et
1206 2357 1344 2385 sancto
1389 2347 1553 2384 consilio
1597 2360 1667 2396 per
1710 2347 1812 2383 hoc-

474 2406 649 2443 remedia
683 2407 859 2455 aptandi.
906 2406 1087 2443 Christus
1120 2405 1226 2442 enim
1261 2405 1300 2441 in
1333 2406 1523 2442 solvendo
1561 2405 1783 2442 adulteram

472 2464 558 2500 Joh.
593 2465 712 2510 V1110‚
754 2477 793 2500 ιι
845 2464 900 2501 ita
944 2464 1038 2500 dixit
1083 2464 1165 2501 sine
1208 2463 1437 2500 intencione
1482 2462 1643 2500 alterius
1674 2462 1785 2511 peni-

543 2584 566 2612 5.
582 2585 626 2612 A:
647 2584 861 2620 Blasphemum
882 2593 982 2614 eran:
1001 2585 1040 2612 ib.
1062 2585 1086 2612 E
1106 2585 1134 2612 in
1157 2593 1270 2619 marga
1292 2584 1383 2613 Nota.
1457 2584 1526 2613 8.1:
1546 2584 1651 2612 Habet
1667 2587 1787 2618 aulem,-

473 2620 513 2647 ib.
542 2620 570 2647 A
597 2619 625 2645 in
654 2628 767 2654 marg:
796 2619 875 2646 Nota
902 2605 940 2646 «ὗ
965 2620 1100 2647 clavibus
1125 2620 1259 2647 ecclesie.
1403 2628 1443 2647 10.
1471 2621 1516 2647 A:
1545 2619 1662 2647 solacio
1690 2619 1783 2647 deest.

475 2653 514 2688 13,
535 2662 575 2686 14.
597 2654 665 2681 DE:
687 2658 717 2680 et
735 2654 935 2689 quodcunque
954 2671 985 2674 -—
1007 2654 1079 2681 celis
1098 2655 1192 2681 deest.
1268 2662 1305 2688 ¹7.
1326 2654 1354 2682 1:
1383 2655 1430 2681 rel
1447 2654 1585 2682 ecclesia.
1677 2654 1716 2681 18.
1739 2654 1783 2681 A:

464 2689 585 2725 fecerit
604 2689 817 2724 &missu-utitor.
928 2697 968 2723 ¹9-
991 2689 1015 2716 E
1035 2689 1064 2715 in
1087 2698 1202 2723 marcu:
1228 2689 1318 2716 Nota.
1433 2696 1471 2716 21.
1493 2689 1560 2716 DE:
1588 2689 1636 2716 vel
1653 2689 1783 2723 ligacio.

474 2722 516 2750 23.
538 2723 561 2750 E
582 2723 612 2750 in
634 2731 747 2758 marg:
776 2723 899 2750 Solacia
921 2724 968 2750 vel
985 2723 1104 2759 lt'gacio
1124 2724 1244 2750 vicarii.
1370 2724 1413 2750 28.
1435 2725 1478 2750 A:
1501 2726 1685 2759 potestatem
1706 2739 1736 2742 —
1757 2726 1787 2750 et

474 2758 574 2787 deest:
596 2757 635 2784 ib.
652 2757 692 2784 D:
716 2758 745 2784 in
761 2766 862 2793 quam.
936 2766 981 2793 ες).
999 2759 1024 2784 1:
1047 2758 1090 2785 ad
1108 2758 1374 2793 cognoscendum.-
1394 2758 1434 2786 ib.
1454 2758 1466 2785 1
1487 2758 1517 2785 in
1539 2766 1652 2792 marg:
1677 2757 1785 2785 Clare&

474 2792 553 2820 duas
572 2792 662 2819 habet
681 2792 800 2819 Christi
824 2792 977 2822 vicarius:
1005 2793 1028 2820 E
1048 2792 1077 2819 in
1099 2801 1211 2832 marga
1240 2793 1378 2819 sicarius
1400 2793 1517 2820 Christi
1533 2795 1655 2827 oportet
1672 2792 1786 2819 hahere

474 2827 552 2854 duas
572 2827 682 2853 claves.
763 2826 805 2854 32.
828 2827 868 2854 D:
890 2827 1129 2857 exhortacione:
1148 2827 1187 2854 h:
1209 2828 1354 2854 correxit.
1435 2826 1472 2854 31.
1494 2827 1518 2854 Ε
1538 2827 1566 2854 in
1589 2835 1702 2861 marg:
1730 2835 1786 2853 ars

469 2870 530 2897 pro
549 2861 653 2888 animo
668 2861 845 2896 penitentis.
916 2861 956 2889 35.
978 2862 1021 2888 A:
1043 2861 1087 2888 sic
1106 2861 1198 2889 deest.
1272 2861 1313 2895 35,
1332 2862 1376 2888 1³6.
1394 2862 1436 2889 A:
1453 2869 1514 2897 pro
1534 2861 1591 2889 hoc
1609 2860 1760 2888 medicina
1774 2870 1785 2893 ;

473 2895 607 2931 aptandi
623 2895 716 2924 deest.
790 2895 835 2923 30.
857 2895 939 2923 DEI:
961 2896 991 2923 in
1013 2895 1106 2923 deest.

1801 615 1815 647 5

1804 914 1842 934 10

1804 1193 1840 1225 15

1801 1772 1840 1802 25

1801 2062 1842 2093 30
