2062 3276
162 254 240 304 346

172 729 232 757 we
253 734 335 756 must
355 729 422 767 love

185 773 242 791 our
263 772 405 791 enemies.

166 2012 190 2030 2.
213 2004 389 2030 Dircctuess
409 2004 442 2030 of

167 2039 216 2065 the
238 2039 323 2065 sun's
344 2047 431 2073 says:

179 2082 194 2099 a
216 2074 335 2108 symbol
358 2074 421 2100 that

170 2116 215 2134 wc
235 2108 345 2134 should
368 2108 434 2134 love

237 2142 354 2177 justice.

739 265 962 297 JOHANNIS
981 263 1165 295 WYCLIF
1185 262 1440 294 SERMONUM
1487 248 1638 305 [SERMO
1661 258 1751 285 XLII·

449 373 542 421 quia
575 372 689 408 aliter
728 371 835 407 iuxta
868 372 1029 407 beatum
1062 371 1134 406 Job
1168 371 1251 415 130³,
1293 382 1317 414 4
1350 381 1431 404 non
1466 376 1524 403 est
1556 379 1629 414 pax
1662 378 1754 402 vera

450 444 538 467 cum
573 430 707 477 aliqua
749 438 950 465 creatura:
991 428 1098 472 Quis,
1138 427 1282 475 inquit,
1321 426 1461 462 restitit
1492 425 1526 461 ei
1556 432 1591 460 et
1618 436 1753 473 pacem

448 489 610 524 habuit?
642 490 721 524 Nec
745 496 902 523 moveat
927 487 1033 535 quod
1057 498 1128 522 nos
1157 486 1348 521 debemus
1371 483 1534 531 diligere
1557 481 1754 527 inimicos,

450 560 539 583 cum
578 545 685 582 idem
725 545 775 581 sit
814 544 1031 593 quicquam
1073 543 1236 591 diligere
1278 551 1314 578 et
1346 542 1443 578 velle
1482 540 1557 577 sibi
1591 541 1754 576 bonum.

449 604 546 650 Quis
571 616 665 651 ergo
698 616 777 639 non
800 604 916 639 debet
939 601 1111 638 naturali
1136 600 1297 637 racione
1319 600 1416 637 velle
1440 601 1588 635 bonum
1614 600 1788 633 nature5

449 662 522 699 sibi
556 661 676 698 simili
711 673 787 709 que
821 670 877 697 est
910 659 1061 696 fabrica
1094 659 1165 696 Dei
1200 659 1285 694 sui?

508 723 620 764 Item,
666 719 742 755 nisi
787 719 875 767 quis
918 718 1036 754 vellet
1080 717 1289 753 inimicum
1334 728 1449 752 suum
1495 714 1671 751 converti
1718 722 1755 749 et

453 778 537 815 fieri
571 778 645 814 sibi
679 777 867 822 amicum,
901 789 981 812 non
1015 775 1190 823 perfecte
1223 775 1406 822 diligeret
1438 785 1478 809 se
1511 773 1655 820 ipsum.

507 839 617 883 Item,
664 837 769 871 Deus
821 833 1046 882 precipiens
1090 845 1162 868 nos
1214 832 1378 880 diligere
1423 830 1621 875 inimicos,
1675 842 1755 865 non

449 903 580 943 potest
613 893 783 930 deficere
817 892 914 940 quin
946 899 1174 927 remuneret
1207 903 1278 926 nos
1317 902 1390 938 pro
1430 889 1497 924 illa
1537 887 1757 924 dileccione
1778 900 1815 920 10

450 952 665 1000 copiosius
686 964 806 999 quam
848 950 897 986 sit
929 949 1120 997 possibile
1151 957 1329 985 nostram
1365 947 1641 995 blasphemam
1676 945 1757 981 vin-

450 1011 598 1047 dictam
640 1009 756 1046 nobis
791 1009 1036 1044 lucrifacere.
1079 1007 1177 1052 Quis
1211 1019 1303 1054 ergo
1342 1018 1422 1042 non
1456 1003 1758 1041 racionabiliter

450 1068 630 1116 diligeret
670 1066 879 1103 inimicos?
919 1064 1113 1102 Odiamus
1147 1078 1240 1113 ergo
1280 1072 1446 1112 peccata
1479 1061 1756 1110 proximorum

450 1136 487 1163 et
520 1126 742 1162 irascamur
774 1137 847 1172 pro
882 1137 1020 1160 eorum
1054 1123 1210 1159 iniuriis
1244 1131 1280 1158 et
1312 1122 1485 1158 zelemus
1518 1133 1591 1168 pro
1626 1131 1758 1156 emen-

450 1184 618 1221 dacione
649 1192 806 1220 nature.
842 1182 906 1219 Sic
932 1181 1035 1219 enim
1070 1181 1163 1218 fecit
1188 1180 1369 1217 Christus
1403 1180 1479 1215 dux
1502 1186 1636 1214 noster
1660 1179 1758 1214 dans
1778 1179 1814 1212 15

450 1242 564 1278 nobis
588 1242 829 1289 exemplum,
855 1250 897 1276 ut
920 1239 1103 1276 similiter
1126 1238 1335 1275 faciamus.
1360 1240 1440 1273 Nec
1464 1236 1579 1273 aliter
1604 1236 1760 1272 confor-

451 1313 608 1337 mamus
642 1300 889 1336 voluntatem
923 1307 1103 1334 nostram
1137 1295 1334 1334 voluntati
1368 1294 1511 1339 divine,
1547 1303 1589 1330 ut
1622 1302 1759 1330 tamen

449 1368 632 1395 tenemur
664 1357 825 1394 racione
859 1355 1084 1404 multiplici.
1118 1358 1199 1391 Nec
1230 1355 1440 1390 turbemur
1472 1353 1540 1389 sed
1564 1352 1760 1388 conforte-

450 1430 540 1452 mur
573 1416 612 1452 in
646 1417 721 1452 hoc
756 1416 863 1463 quod
897 1414 1042 1450 dicitur
1074 1413 1210 1449 nobis:
1246 1412 1286 1449 Si
1313 1414 1420 1448 Deus
1454 1410 1573 1447 fuerit
1606 1409 1759 1446 amicus

450 1483 598 1520 noster,
645 1473 768 1510 nichil
807 1482 901 1508 tunc
934 1472 1049 1508 nobis
1087 1470 1261 1516 nocebit,
1303 1469 1395 1517 quia
1435 1467 1625 1516 quicquid
1663 1477 1758 1503 tunc
1776 1479 1818 1500 20

450 1532 666 1577 advenerit,
703 1539 958 1568 convertetur
990 1530 1028 1566 in
1052 1531 1216 1565 bonum.
1251 1530 1298 1564 Et
1324 1529 1398 1563 hoc
1423 1536 1480 1563 est
1502 1525 1758 1574 potissimum

450 1590 644 1627 solacium
686 1589 1012 1634 christianorum,
1053 1586 1310 1624 testificatum
1352 1597 1395 1622 ex
1435 1593 1555 1621 cantu
1595 1581 1760 1620 ecclesie

450 1650 558 1697 quod

775 1704 894 1741 Nulla
928 1704 962 1740 ei
992 1703 1137 1739 nocebit
1168 1702 1397 1751 adversitas,

777 1763 819 1798 Si
850 1763 954 1798 nulla
989 1761 1206 1797 dominetur
1238 1759 1428 1808 iniquitas,
1777 1758 1815 1791 25

509 1824 556 1858 Et
591 1821 681 1858 hinc
722 1820 868 1857 dicitur
901 1821 1009 1868 quod
1053 1819 1162 1854 nulla
1202 1815 1571 1853 excommunicacio
1620 1816 1759 1862 damp-

451 1880 600 1924 nificat,
635 1879 710 1915 nisi
745 1878 1056 1926 dampnificatus
1081 1875 1451 1913 excommunicetur
1484 1872 1760 1922 principaliter

453 1951 474 1974 a
507 1951 547 1974 se
581 1938 680 1985 ipso.

511 1997 695 2032 Secunda
727 1994 822 2031 solis
846 1993 1071 2042 proprietas
1105 2002 1161 2028 est
1186 1992 1293 2040 quod
1326 1989 1546 2026 rectissime
1577 1987 1762 2023 diffundit

454 2053 587 2091 radios
633 2065 968 2102 quaquaversum.
1016 2052 1070 2086 Ex
1115 2062 1193 2098 qua
1238 2048 1485 2097 proprietate
1525 2042 1529 2100 Ι
1570 2047 1761 2082 debemus
1777 2025 1859 2102 {fg}

455 2112 650 2160 accipere,
704 2112 812 2159 quod
856 2119 1072 2157 antequam
1126 2107 1368 2156 recipiamus
1416 2097 1816 2142 sacramentaliter*-

454 2171 577 2206 solem
624 2168 793 2215 iusticie,
847 2169 1038 2204 debemus
1086 2167 1238 2214 pollere
1282 2163 1454 2200 iusticia.
1504 2165 1572 2198 Est
1625 2170 1757 2198 autem

453 2227 612 2264 iusticia
645 2227 685 2262 in
718 2225 923 2262 communi
957 2224 1173 2272 unicuique
1206 2223 1381 2258 tribuere
1414 2222 1521 2270 quod
1554 2233 1670 2256 suum
1705 2228 1761 2254 est

453 2295 489 2322 et
523 2284 750 2333 specialiter
773 2283 1002 2332 incipiendo
1036 2295 1056 2319 a
1082 2284 1176 2318 Deo.
1211 2283 1278 2317 Est
1303 2279 1406 2316 enim
1441 2278 1600 2315 iusticia
1623 2290 1761 2313 secun-

452 2346 546 2380 dum
578 2342 837 2379 Aristotelem
872 2339 1168 2389 preclarissima
1200 2338 1393 2375 virtutum
1428 2337 1595 2373 rutilans
1634 2335 1674 2371 in
1707 2334 1760 2370 eis
1777 2337 1817 2371 35

451 2411 493 2437 ut
517 2404 690 2449 Esperus
723 2400 825 2436 inter
849 2408 969 2436 astra.
1005 2399 1206 2435 Debemus
1230 2409 1323 2444 ergo
1347 2408 1419 2444 pro
1449 2394 1583 2431 debito
1606 2392 1761 2442 peccati

520 2568 540 2586 ι.
563 2558 606 2586 G:
627 2558 683 2585 Joh
704 2558 731 2589 I:
753 2558 796 2585 H:
816 2557 872 2584 „lob
892 2557 939 2583 11⁷.
1030 2554 1058 2582 3.
1080 2555 1152 2582 DG:
1181 2557 1297 2582 moret:
1323 2554 1362 2580 ib.
1385 2552 1459 2580 DG:
1485 2560 1545 2579 non
1571 2551 1761 2578 haberemus.

449 2604 477 2627 4.
507 2595 533 2620 A
561 2594 590 2620 iu
619 2601 732 2628 marg:
760 2601 782 2620 1.
889 2591 913 2619 5.
941 2590 984 2617 G:
1011 2590 1122 2626 igitur.
1224 2597 1250 2623 7.
1278 2589 1302 2615 D
1330 2589 1361 2615 iu
1388 2595 1502 2622 marg:
1529 2586 1576 2613 De
1595 2585 1764 2612 dilect-ione

450 2628 665 2656 im'micorum:
693 2629 721 2655 A
746 2627 776 2655 iil
804 2635 918 2661 marg:
946 2633 972 2653 2.
1063 2634 1092 2660 «J.
1113 2625 1141 2652 A
1168 2624 1197 2651 in
1221 2632 1334 2659 marg:
1359 2631 1393 2657 3.
1493 2629 1526 2649 ιι.
1548 2620 1652 2648 DGH:
1676 2622 1760 2646 esset.

452 2672 483 2695 14
509 2663 552 2690 H:
570 2670 628 2698 pro
649 2662 743 2690 deest.
808 2670 847 2696 17.
863 2662 906 2689 A:
929 2663 963 2687 ut
980 2668 1056 2688 cum.
1120 2659 1160 2686 ιδ.
1182 2658 1285 2685 DCH:
1307 2657 1533 2685 conturbemur.
1595 2656 1640 2683 26.
1656 2653 1760 2681 DGl-l:

449 2698 525 2724 dixi.
617 2705 663 2732 29.
685 2698 713 2724 A
733 2697 763 2724 in
785 2705 899 2731 marg:
920 2696 964 2724 R.-
984 2695 1008 2722 D
1030 2698 1060 2722 in
1081 2701 1194 2727 marga
1216 2699 1244 2719 2.
1334 2691 1380 2719 30.
1404 2691 1476 2718 DG:
1497 2693 1606 2718 contra
1627 2690 1680 2716 illa
1701 2696 1760 2724 qua

452 2740 588 2763 remum,-
607 2733 652 2759 A:
673 2739 732 2766 qua
753 2734 861 2758 contra
882 2739 1009 2757 versum.
1094 2727 1131 2756 31.
1154 2727 1258 2755 DGH:
1287 2727 1427 2761 recipere
1436 2735 1446 2758 ,·
1472 2725 1510 2752 ib.
1532 2725 1576 2752 H:
1598 2723 1759 2759 quomodo.

450 2775 494 2828 ᾖ»
516 2767 540 2794 D
568 2767 597 2806 iu
628 2774 741 2800 marg:
769 2766 909 2793 Justicia.
983 2762 1098 2797 32-34.
1119 2763 1162 2790 H:
1191 2761 1245 2789 Est
1272 2778 1296 2780 —
1326 2770 1344 2788 a
1366 2761 1429 2788 Deo
1452 2760 1544 2787 deest.
1618 2758 1664 2786 36.
1685 2757 1759 2785 DG:

485 2809 629 2837 (ἕψει-ηις.
1082 2821 1085 2822 ⁷

523 2895 575 2924 24.
602 2886 665 2915 Sec
692 2884 802 2914 above
829 2883 849 2914 l.
877 2893 907 2924 7.
1007 2880 1059 2914 36.
1087 2881 1187 2912 Arist.
1213 2879 1324 2910 Ethic.
1351 2879 1485 2909 Nicom.
1511 2877 1552 2908 V.
1581 2878 1610 2908 3.
