<?xml version="1.0" encoding="UTF-8"?>
<!DOCTYPE html PUBLIC "-//W3C//DTD XHTML 1.0 Transitional//EN"
    "http://www.w3.org/TR/xhtml1/DTD/xhtml1-transitional.dtd">
<html xmlns="http://www.w3.org/1999/xhtml" xml:lang="en" lang="en">
 <head>
  <title>
</title>
<meta http-equiv="Content-Type" content="text/html;charset=utf-8" />
  <meta name='ocr-system' content='tesseract 3.04.00' />
  <meta name='ocr-capabilities' content='ocr_page ocr_carea ocr_par ocr_line ocrx_word'/>
</head>
<body>
  <div class='ocr_page' id='page_1' title='image "./iohanniswyclifse0704wycl_0040.png"; bbox 0 0 2062 3276; ppageno 0'>
   <div class='ocr_carea' id='block_1_1' title="bbox 260 641 491 775">
    <p class='ocr_par' dir='ltr' id='par_1_1' title="bbox 260 641 491 677">
     <span class='ocr_line' id='line_1_1' title="bbox 260 641 491 677; baseline 0.009 -9"><span class='ocrx_word' id='word_1_1' title='bbox 260 641 422 677; x_wconf 79' lang='lat' dir='ltr'>Paymcnts</span> <span class='ocrx_word' id='word_1_2' title='bbox 443 643 491 670; x_wconf 81' lang='lat' dir='ltr'>for</span> 
     </span>
    </p>

    <p class='ocr_par' dir='ltr' id='par_1_2' title="bbox 282 685 469 705">
     <span class='ocr_line' id='line_1_2' title="bbox 282 685 469 705; baseline 0.011 -2"><span class='ocrx_word' id='word_1_3' title='bbox 282 685 399 704; x_wconf 80' lang='lat' dir='ltr'>masses</span> <span class='ocrx_word' id='word_1_4' title='bbox 420 686 469 705; x_wconf 81' lang='lat' dir='ltr'>are</span> 
     </span>
    </p>

    <p class='ocr_par' dir='ltr' id='par_1_3' title="bbox 269 712 476 775">
     <span class='ocr_line' id='line_1_3' title="bbox 269 712 476 740; baseline 0.014 -3"><span class='ocrx_word' id='word_1_5' title='bbox 269 712 381 739; x_wconf 77' lang='lat' dir='ltr'>tainted</span> <span class='ocrx_word' id='word_1_6' title='bbox 403 713 476 740; x_wconf 81' lang='lat' dir='ltr'>with</span> 
     </span>
     <span class='ocr_line' id='line_1_4' title="bbox 325 747 425 775; baseline 0.02 -2"><span class='ocrx_word' id='word_1_7' title='bbox 325 747 425 775; x_wconf 72' lang='lat' dir='ltr'>fraud.</span> 
     </span>
    </p>
   </div>
   <div class='ocr_carea' id='block_1_2' title="bbox 306 1046 437 1075">
    <p class='ocr_par' dir='ltr' id='par_1_4' title="bbox 306 1046 437 1075">
     <span class='ocr_line' id='line_1_5' title="bbox 306 1046 437 1075; baseline 0.008 -1"><span class='ocrx_word' id='word_1_8' title='bbox 306 1046 387 1075; x_wconf 79' lang='lat' dir='ltr'>Gifts</span> <span class='ocrx_word' id='word_1_9' title='bbox 407 1053 437 1075; x_wconf 82' lang='lat' dir='ltr'>to</span> 
     </span>
    </p>
   </div>
   <div class='ocr_carea' id='block_1_3' title="bbox 235 1084 505 1111">
    <p class='ocr_par' dir='ltr' id='par_1_5' title="bbox 235 1084 505 1111">
     <span class='ocr_line' id='line_1_6' title="bbox 235 1084 505 1111; baseline 0.011 -3"><span class='ocrx_word' id='word_1_10' title='bbox 235 1084 435 1110; x_wconf 84' lang='lat' dir='ltr'>monasteries</span> <span class='ocrx_word' id='word_1_11' title='bbox 447 1085 505 1111; x_wconf 85' lang='lat' dir='ltr'>and</span> 
     </span>
    </p>
   </div>
   <div class='ocr_carea' id='block_1_4' title="bbox 825 303 1843 365">
    <p class='ocr_par' dir='ltr' id='par_1_6' title="bbox 825 303 1843 365">
     <span class='ocr_line' id='line_1_7' title="bbox 825 303 1843 365; baseline 0.02 -30"><span class='ocrx_word' id='word_1_12' title='bbox 825 303 1048 340; x_wconf 69' lang='lat' dir='ltr'>,IOHANNIS</span> <span class='ocrx_word' id='word_1_13' title='bbox 1067 309 1250 344; x_wconf 67' lang='lat' dir='ltr'>wvcmr</span> <span class='ocrx_word' id='word_1_14' title='bbox 1270 314 1525 350; x_wconf 63' lang='lat' dir='ltr'>smmoiinM</span> <span class='ocrx_word' id='word_1_15' title='bbox 1634 306 1785 365; x_wconf 76' lang='lat' dir='ltr'>[SERMO</span> <span class='ocrx_word' id='word_1_16' title='bbox 1806 320 1843 349; x_wconf 81' lang='lat'>11.</span> 
     </span>
    </p>
   </div>
   <div class='ocr_carea' id='block_1_5' title="bbox 524 406 1893 1104">
    <p class='ocr_par' dir='ltr' id='par_1_7' title="bbox 530 406 1842 621">
     <span class='ocr_line' id='line_1_8' title="bbox 533 406 1842 466; baseline 0.019 -24"><span class='ocrx_word' id='word_1_17' title='bbox 533 406 747 446; x_wconf 86' lang='lat' dir='ltr'>universali</span> <span class='ocrx_word' id='word_1_18' title='bbox 782 412 948 450; x_wconf 83' lang='lat' dir='ltr'><strong>ecclesie</strong></span> <span class='ocrx_word' id='word_1_19' title='bbox 982 416 1108 464; x_wconf 85' lang='lat' dir='ltr'>magis</span> <span class='ocrx_word' id='word_1_20' title='bbox 1143 420 1349 466; x_wconf 81' lang='lat' dir='ltr'>egentibus</span> <span class='ocrx_word' id='word_1_21' title='bbox 1393 423 1524 461; x_wconf 92' lang='lat' dir='ltr'>forent</span> <span class='ocrx_word' id='word_1_22' title='bbox 1569 427 1665 464; x_wconf 91' lang='lat' dir='ltr'>talia</span> <span class='ocrx_word' id='word_1_23' title='bbox 1710 428 1842 466; x_wconf 89' lang='lat' dir='ltr'>distri-</span> 
     </span>
     <span class='ocr_line' id='line_1_9' title="bbox 532 466 1839 526; baseline 0.019 -26"><span class='ocrx_word' id='word_1_24' title='bbox 532 466 640 512; x_wconf 81' lang='lat' dir='ltr'>buta,</span> <span class='ocrx_word' id='word_1_25' title='bbox 687 480 777 504; x_wconf 91' lang='lat' dir='ltr'>cum</span> <span class='ocrx_word' id='word_1_26' title='bbox 822 472 1007 519; x_wconf 87' lang='lat' dir='ltr'>sepulcra</span> <span class='ocrx_word' id='word_1_27' title='bbox 1050 474 1147 512; x_wconf 87' lang='lat' dir='ltr'>talia</span> <span class='ocrx_word' id='word_1_28' title='bbox 1191 490 1274 514; x_wconf 92' lang='lat' dir='ltr'>non</span> <span class='ocrx_word' id='word_1_29' title='bbox 1318 489 1409 517; x_wconf 89' lang='lat' dir='ltr'>sunt</span> <span class='ocrx_word' id='word_1_30' title='bbox 1448 482 1524 519; x_wconf 91' lang='lat' dir='ltr'>nisi</span> <span class='ocrx_word' id='word_1_31' title='bbox 1559 494 1666 522; x_wconf 87' lang='lat' dir='ltr'>carte</span> <span class='ocrx_word' id='word_1_32' title='bbox 1699 497 1839 526; x_wconf 89' lang='lat' dir='ltr'>contra</span> 
     </span>
     <span class='ocr_line' id='line_1_10' title="bbox 530 523 1837 583; baseline 0.018 -24"><span class='ocrx_word' id='word_1_33' title='bbox 530 523 638 560; x_wconf 91' lang='lat' dir='ltr'>vivos</span> <span class='ocrx_word' id='word_1_34' title='bbox 679 534 715 562; x_wconf 89' lang='lat' dir='ltr'>et</span> <span class='ocrx_word' id='word_1_35' title='bbox 757 536 938 566; x_wconf 91' lang='lat' dir='ltr'>mortuos</span> <span class='ocrx_word' id='word_1_36' title='bbox 972 530 1116 579; x_wconf 86' lang='lat' dir='ltr'>quibus</span> <span class='ocrx_word' id='word_1_37' title='bbox 1157 536 1403 575; x_wconf 87' lang='lat' dir='ltr'>confederati</span> <span class='ocrx_word' id='word_1_38' title='bbox 1444 549 1534 577; x_wconf 88' lang='lat' dir='ltr'>sunt</span> <span class='ocrx_word' id='word_1_39' title='bbox 1572 541 1709 581; x_wconf 88' lang='lat' dir='ltr'>illicite</span> <span class='ocrx_word' id='word_1_40' title='bbox 1748 558 1837 583; x_wconf 88' lang='lat' dir='ltr'>cum</span> 
     </span>
     <span class='ocr_line' id='line_1_11' title="bbox 532 583 758 621; baseline 0.018 -4"><span class='ocrx_word' id='word_1_41' title='bbox 532 583 758 621; x_wconf 83' lang='lat' dir='ltr'>mundanis.</span> 
     </span>
    </p>

    <p class='ocr_par' dir='ltr' id='par_1_8' title="bbox 524 642 1893 1040">
     <span class='ocr_line' id='line_1_12' title="bbox 588 642 1871 702; baseline 0.017 -26"><span class='ocrx_word' id='word_1_42' title='bbox 588 642 792 686; x_wconf 88' lang='lat' dir='ltr'>Quantum</span> <span class='ocrx_word' id='word_1_43' title='bbox 827 646 876 681; x_wconf 86' lang='lat' dir='ltr'>ad</span> <span class='ocrx_word' id='word_1_44' title='bbox 909 654 1062 683; x_wconf 82' lang='lat' dir='ltr'>sextum</span> <span class='ocrx_word' id='word_1_45' title='bbox 1095 648 1247 687; x_wconf 86' lang='lat' dir='ltr'>scilicet</span> <span class='ocrx_word' id='word_1_46' title='bbox 1280 662 1464 702; x_wconf 86' lang='lat' dir='ltr'>sumptus</span> <span class='ocrx_word' id='word_1_47' title='bbox 1499 656 1735 696; x_wconf 88' lang='lat' dir='ltr'>distributos</span> <span class='ocrx_word' id='word_1_48' title='bbox 1761 661 1871 698; x_wconf 78' lang='lat' dir='ltr'>fra-5</span> 
     </span>
     <span class='ocr_line' id='line_1_13' title="bbox 529 698 1836 767; baseline 0.018 -34"><span class='ocrx_word' id='word_1_49' title='bbox 529 698 654 735; x_wconf 89' lang='lat' dir='ltr'>tribus</span> <span class='ocrx_word' id='word_1_50' title='bbox 687 708 729 736; x_wconf 91' lang='lat' dir='ltr'>ut</span> <span class='ocrx_word' id='word_1_51' title='bbox 761 709 820 737; x_wconf 92' lang='lat' dir='ltr'>tot</span> <span class='ocrx_word' id='word_1_52' title='bbox 854 702 995 740; x_wconf 89' lang='lat' dir='ltr'>missas</span> <span class='ocrx_word' id='word_1_53' title='bbox 1030 706 1178 743; x_wconf 90' lang='lat' dir='ltr'>mortui</span> <span class='ocrx_word' id='word_1_54' title='bbox 1203 709 1376 748; x_wconf 79' lang='lat' dir='ltr'>habeant</span> <span class='ocrx_word' id='word_1_55' title='bbox 1398 711 1501 750; x_wconf 84' lang='lat' dir='ltr'>infra</span> <span class='ocrx_word' id='word_1_56' title='bbox 1525 715 1642 753; x_wconf 86' lang='lat' dir='ltr'>breve</span> <span class='ocrx_word' id='word_1_57' title='bbox 1664 725 1836 767; x_wconf 85' lang='lat' dir='ltr'>tempus,</span> 
     </span>
     <span class='ocr_line' id='line_1_14' title="bbox 528 760 1837 825; baseline 0.018 -34"><span class='ocrx_word' id='word_1_58' title='bbox 528 765 636 803; x_wconf 88' lang='lat' dir='ltr'>patet</span> <span class='ocrx_word' id='word_1_59' title='bbox 659 760 766 806; x_wconf 89' lang='lat' dir='ltr'>quod</span> <span class='ocrx_word' id='word_1_60' title='bbox 797 762 1027 799; x_wconf 88' lang='lat' dir='ltr'>mercandia</span> <span class='ocrx_word' id='word_1_61' title='bbox 1061 773 1118 800; x_wconf 91' lang='lat' dir='ltr'>est</span> <span class='ocrx_word' id='word_1_62' title='bbox 1150 765 1268 813; x_wconf 87' lang='lat' dir='ltr'>plena</span> <span class='ocrx_word' id='word_1_63' title='bbox 1300 768 1528 823; x_wconf 79' lang='lat' dir='ltr'>fraudibus3</span> <span class='ocrx_word' id='word_1_64' title='bbox 1562 775 1709 811; x_wconf 88' lang='lat' dir='ltr'>nedum</span> <span class='ocrx_word' id='word_1_65' title='bbox 1743 777 1837 825; x_wconf 86' lang='lat' dir='ltr'>quia</span> 
     </span>
     <span class='ocr_line' id='line_1_15' title="bbox 527 814 1834 883; baseline 0.018 -34"><span class='ocrx_word' id='word_1_66' title='bbox 527 814 631 851; x_wconf 89' lang='lat' dir='ltr'>idem</span> <span class='ocrx_word' id='word_1_67' title='bbox 665 816 787 853; x_wconf 88' lang='lat' dir='ltr'>frater</span> <span class='ocrx_word' id='word_1_68' title='bbox 820 818 939 855; x_wconf 89' lang='lat' dir='ltr'>habet</span> <span class='ocrx_word' id='word_1_69' title='bbox 972 822 1242 860; x_wconf 89' lang='lat' dir='ltr'>communiter</span> <span class='ocrx_word' id='word_1_70' title='bbox 1276 827 1402 864; x_wconf 86' lang='lat' dir='ltr'>multa</span> <span class='ocrx_word' id='word_1_71' title='bbox 1434 830 1593 877; x_wconf 78' lang='lat' dir='ltr'>salaria,</span> <span class='ocrx_word' id='word_1_72' title='bbox 1639 834 1708 869; x_wconf 91' lang='lat' dir='ltr'>sed</span> <span class='ocrx_word' id='word_1_73' title='bbox 1742 835 1834 883; x_wconf 84' lang='lat' dir='ltr'>quia</span> 
     </span>
     <span class='ocr_line' id='line_1_16' title="bbox 526 874 1834 930; baseline 0.018 -23"><span class='ocrx_word' id='word_1_74' title='bbox 526 881 667 909; x_wconf 89' lang='lat' dir='ltr'>contra</span> <span class='ocrx_word' id='word_1_75' title='bbox 701 874 820 911; x_wconf 85' lang='lat' dir='ltr'>fidem</span> <span class='ocrx_word' id='word_1_76' title='bbox 855 877 1032 915; x_wconf 89' lang='lat' dir='ltr'>creditur</span> <span class='ocrx_word' id='word_1_77' title='bbox 1065 882 1173 928; x_wconf 92' lang='lat' dir='ltr'>quod</span> <span class='ocrx_word' id='word_1_78' title='bbox 1207 894 1278 930; x_wconf 90' lang='lat' dir='ltr'>per</span> <span class='ocrx_word' id='word_1_79' title='bbox 1310 886 1410 922; x_wconf 89' lang='lat' dir='ltr'>tales</span> <span class='ocrx_word' id='word_1_80' title='bbox 1444 888 1586 926; x_wconf 89' lang='lat' dir='ltr'>missas</span> <span class='ocrx_word' id='word_1_81' title='bbox 1618 891 1725 928; x_wconf 86' lang='lat' dir='ltr'>ultra</span> <span class='ocrx_word' id='word_1_82' title='bbox 1759 894 1834 930; x_wconf 93' lang='lat' dir='ltr'>hoc</span> 
     </span>
     <span class='ocr_line' id='line_1_17' title="bbox 525 932 1893 993; baseline 0.015 -28"><span class='ocrx_word' id='word_1_83' title='bbox 525 932 633 978; x_wconf 92' lang='lat' dir='ltr'>quod</span> <span class='ocrx_word' id='word_1_84' title='bbox 668 932 877 970; x_wconf 89' lang='lat' dir='ltr'>defunctus</span> <span class='ocrx_word' id='word_1_85' title='bbox 922 934 962 971; x_wconf 91' lang='lat' dir='ltr'>in</span> <span class='ocrx_word' id='word_1_86' title='bbox 994 936 1056 973; x_wconf 91' lang='lat' dir='ltr'>via</span> <span class='ocrx_word' id='word_1_87' title='bbox 1101 940 1248 976; x_wconf 90' lang='lat' dir='ltr'>meruit</span> <span class='ocrx_word' id='word_1_88' title='bbox 1293 943 1578 993; x_wconf 83' lang='lat' dir='ltr'>suffragabitur</span> <span class='ocrx_word' id='word_1_89' title='bbox 1623 948 1749 986; x_wconf 87' lang='lat' dir='ltr'>eciam</span> <span class='ocrx_word' id='word_1_90' title='bbox 1795 951 1893 988; x_wconf 81' lang='lat' dir='ltr'>inio</span> 
     </span>
     <span class='ocr_line' id='line_1_18' title="bbox 524 987 1195 1040; baseline 0.015 -17"><span class='ocrx_word' id='word_1_91' title='bbox 524 987 693 1026; x_wconf 90' lang='lat' dir='ltr'>inferno.</span> <span class='ocrx_word' id='word_1_92' title='bbox 728 991 806 1026; x_wconf 86' lang='lat' dir='ltr'>Sed</span> <span class='ocrx_word' id='word_1_93' title='bbox 840 992 935 1040; x_wconf 89' lang='lat' dir='ltr'>quid</span> <span class='ocrx_word' id='word_1_94' title='bbox 968 993 1195 1033; x_wconf 78' lang='lat' dir='ltr'>infidelius?</span> 
     </span>
    </p>

    <p class='ocr_par' dir='ltr' id='par_1_9' title="bbox 581 1047 1833 1104">
     <span class='ocr_line' id='line_1_19' title="bbox 581 1047 1833 1104; baseline 0.018 -22"><span class='ocrx_word' id='word_1_95' title='bbox 581 1047 762 1095; x_wconf 87' lang='lat' dir='ltr'>Septimo</span> <span class='ocrx_word' id='word_1_96' title='bbox 796 1058 929 1086; x_wconf 89' lang='lat' dir='ltr'>autem</span> <span class='ocrx_word' id='word_1_97' title='bbox 976 1061 1013 1088; x_wconf 90' lang='lat' dir='ltr'>et</span> <span class='ocrx_word' id='word_1_98' title='bbox 1056 1053 1198 1091; x_wconf 89' lang='lat' dir='ltr'>ultimo</span> <span class='ocrx_word' id='word_1_99' title='bbox 1244 1058 1451 1096; x_wconf 88' lang='lat' dir='ltr'>confidunt</span> <span class='ocrx_word' id='word_1_100' title='bbox 1497 1065 1648 1100; x_wconf 88' lang='lat' dir='ltr'>mundo</span> <span class='ocrx_word' id='word_1_101' title='bbox 1693 1065 1833 1104; x_wconf 87' lang='lat' dir='ltr'>divites</span> 
     </span>
    </p>
   </div>
   <div class='ocr_carea' id='block_1_6' title="bbox 234 1105 1832 1173">
    <p class='ocr_par' dir='ltr' id='par_1_10' title="bbox 234 1105 1832 1173">
     <span class='ocr_line' id='line_1_20' title="bbox 234 1105 1832 1173; baseline 0.018 -39"><span class='ocrx_word' id='word_1_102' title='bbox 234 1117 322 1144; x_wconf 55' lang='lat' dir='ltr'>Ome,-</span> <span class='ocrx_word' id='word_1_103' title='bbox 364 1120 498 1153; x_wconf 74' lang='lat' dir='ltr'>erpetual</span> <span class='ocrx_word' id='word_1_104' title='bbox 522 1105 630 1151; x_wconf 90' lang='lat' dir='ltr'>quod</span> <span class='ocrx_word' id='word_1_105' title='bbox 664 1106 712 1141; x_wconf 92' lang='lat' dir='ltr'>de</span> <span class='ocrx_word' id='word_1_106' title='bbox 745 1107 917 1144; x_wconf 89' lang='lat' dir='ltr'>abbatiis</span> <span class='ocrx_word' id='word_1_107' title='bbox 950 1118 1071 1159; x_wconf 87' lang='lat' dir='ltr'>atque</span> <span class='ocrx_word' id='word_1_108' title='bbox 1104 1114 1296 1162; x_wconf 81' lang='lat' dir='ltr'>cenobiis,</span> <span class='ocrx_word' id='word_1_109' title='bbox 1343 1118 1391 1153; x_wconf 88' lang='lat' dir='ltr'>de</span> <span class='ocrx_word' id='word_1_110' title='bbox 1430 1120 1547 1156; x_wconf 89' lang='lat' dir='ltr'>scetis</span> <span class='ocrx_word' id='word_1_111' title='bbox 1587 1122 1700 1159; x_wconf 92' lang='lat' dir='ltr'>novis</span> <span class='ocrx_word' id='word_1_112' title='bbox 1734 1137 1832 1173; x_wconf 89' lang='lat' dir='ltr'>quas</span> 
     </span>
    </p>
   </div>
   <div class='ocr_carea' id='block_1_7' title="bbox 323 1161 410 1180">
    <p class='ocr_par' dir='ltr' id='par_1_11' title="bbox 323 1161 410 1180">
     <span class='ocr_line' id='line_1_21' title="bbox 323 1161 410 1180; baseline 0.011 -1"><span class='ocrx_word' id='word_1_113' title='bbox 323 1161 336 1179; x_wconf 81' lang='lat' dir='ltr'>a</span> <span class='ocrx_word' id='word_1_114' title='bbox 355 1161 410 1180; x_wconf 70' lang='lat' dir='ltr'>n‘lS,</span> 
     </span>
    </p>
   </div>
   <div class='ocr_carea' id='block_1_8' title="bbox 249 1510 476 1646">
    <p class='ocr_par' dir='ltr' id='par_1_12' title="bbox 249 1510 476 1646">
     <span class='ocr_line' id='line_1_22' title="bbox 249 1510 476 1541; baseline 0.013 -3"><span class='ocrx_word' id='word_1_115' title='bbox 249 1510 350 1540; x_wconf 83' lang='lat' dir='ltr'>These</span> <span class='ocrx_word' id='word_1_116' title='bbox 370 1521 420 1541; x_wconf 86' lang='lat' dir='ltr'>are</span> <span class='ocrx_word' id='word_1_117' title='bbox 440 1521 476 1541; x_wconf 89' lang='lat' dir='ltr'>an</span> 
     </span>
     <span class='ocr_line' id='line_1_23' title="bbox 275 1551 453 1584; baseline 0.017 -11"><span class='ocrx_word' id='word_1_118' title='bbox 275 1551 403 1584; x_wconf 84' lang='lat' dir='ltr'>attempt</span> <span class='ocrx_word' id='word_1_119' title='bbox 423 1553 453 1576; x_wconf 86' lang='lat' dir='ltr'>to</span> 
     </span>
     <span class='ocr_line' id='line_1_24' title="bbox 251 1581 471 1617; baseline 0.018 -10"><span class='ocrx_word' id='word_1_120' title='bbox 251 1581 376 1617; x_wconf 79' lang='lat' dir='ltr'>bargain</span> <span class='ocrx_word' id='word_1_121' title='bbox 398 1583 471 1611; x_wconf 80' lang='lat' dir='ltr'>with</span> 
     </span>
     <span class='ocr_line' id='line_1_25' title="bbox 323 1616 404 1646; baseline 0.025 -2"><span class='ocrx_word' id='word_1_122' title='bbox 323 1616 404 1646; x_wconf 78' lang='lat' dir='ltr'>God.</span> 
     </span>
    </p>
   </div>
   <div class='ocr_carea' id='block_1_9' title="bbox 223 2378 479 2450">
    <p class='ocr_par' dir='ltr' id='par_1_13' title="bbox 223 2378 479 2450">
     <span class='ocr_line' id='line_1_26' title="bbox 223 2378 479 2410; baseline 0.02 -5"><span class='ocrx_word' id='word_1_123' title='bbox 223 2378 292 2406; x_wconf 82' lang='lat' dir='ltr'>Man</span> <span class='ocrx_word' id='word_1_124' title='bbox 313 2387 368 2407; x_wconf 86' lang='lat' dir='ltr'>cau</span> <span class='ocrx_word' id='word_1_125' title='bbox 391 2382 479 2410; x_wconf 89' lang='lat' dir='ltr'>merit</span> 
     </span>
     <span class='ocr_line' id='line_1_27' title="bbox 247 2415 450 2450; baseline 0.025 -11"><span class='ocrx_word' id='word_1_126' title='bbox 247 2415 319 2450; x_wconf 78' lang='lat' dir='ltr'>only</span> <span class='ocrx_word' id='word_1_127' title='bbox 340 2415 368 2442; x_wconf 86' lang='lat' dir='ltr'>in</span> <span class='ocrx_word' id='word_1_128' title='bbox 391 2416 450 2444; x_wconf 84' lang='lat' dir='ltr'>life.</span> 
     </span>
    </p>
   </div>
   <div class='ocr_carea' id='block_1_10' title="bbox 500 1161 1916 2620">
    <p class='ocr_par' dir='ltr' id='par_1_14' title="bbox 504 1161 1916 2374">
     <span class='ocr_line' id='line_1_28' title="bbox 520 1161 1831 1222; baseline 0.018 -26"><span class='ocrx_word' id='word_1_129' title='bbox 520 1161 823 1201; x_wconf 85' lang='lat' dir='ltr'>introduxerant</span> <span class='ocrx_word' id='word_1_130' title='bbox 856 1175 892 1202; x_wconf 92' lang='lat' dir='ltr'>et</span> <span class='ocrx_word' id='word_1_131' title='bbox 925 1167 1012 1205; x_wconf 88' lang='lat' dir='ltr'>aliis</span> <span class='ocrx_word' id='word_1_132' title='bbox 1043 1171 1194 1208; x_wconf 88' lang='lat' dir='ltr'>vocatis</span> <span class='ocrx_word' id='word_1_133' title='bbox 1227 1175 1431 1222; x_wconf 89' lang='lat' dir='ltr'>perpetuis</span> <span class='ocrx_word' id='word_1_134' title='bbox 1464 1178 1692 1217; x_wconf 89' lang='lat' dir='ltr'>elemosinis</span> <span class='ocrx_word' id='word_1_135' title='bbox 1716 1192 1831 1219; x_wconf 92' lang='lat' dir='ltr'>erunt</span> 
     </span>
     <span class='ocr_line' id='line_1_29' title="bbox 519 1225 1885 1280; baseline 0.017 -25"><span class='ocrx_word' id='word_1_136' title='bbox 519 1229 609 1267; x_wconf 85' lang='lat' dir='ltr'>post</span> <span class='ocrx_word' id='word_1_137' title='bbox 642 1231 813 1258; x_wconf 90' lang='lat' dir='ltr'>mortem</span> <span class='ocrx_word' id='word_1_138' title='bbox 855 1225 956 1262; x_wconf 90' lang='lat' dir='ltr'>adeo</span> <span class='ocrx_word' id='word_1_139' title='bbox 997 1227 1215 1276; x_wconf 84' lang='lat' dir='ltr'>suffragati,</span> <span class='ocrx_word' id='word_1_140' title='bbox 1250 1234 1358 1280; x_wconf 89' lang='lat' dir='ltr'>quod</span> <span class='ocrx_word' id='word_1_141' title='bbox 1390 1247 1473 1271; x_wconf 89' lang='lat' dir='ltr'>non</span> <span class='ocrx_word' id='word_1_142' title='bbox 1506 1245 1562 1273; x_wconf 90' lang='lat' dir='ltr'>est</span> <span class='ocrx_word' id='word_1_143' title='bbox 1595 1238 1688 1275; x_wconf 89' lang='lat' dir='ltr'>huic</span> <span class='ocrx_word' id='word_1_144' title='bbox 1721 1245 1885 1277; x_wconf 77' lang='lat' dir='ltr'>com-15</span> 
     </span>
     <span class='ocr_line' id='line_1_30' title="bbox 519 1277 1829 1343; baseline 0.017 -30"><span class='ocrx_word' id='word_1_145' title='bbox 519 1277 710 1325; x_wconf 88' lang='lat' dir='ltr'>possibile</span> <span class='ocrx_word' id='word_1_146' title='bbox 750 1283 857 1329; x_wconf 92' lang='lat' dir='ltr'>quod</span> <span class='ocrx_word' id='word_1_147' title='bbox 904 1284 1187 1332; x_wconf 89' lang='lat' dir='ltr'>dampnentur.</span> <span class='ocrx_word' id='word_1_148' title='bbox 1236 1289 1346 1326; x_wconf 84' lang='lat' dir='ltr'>Sicut</span> <span class='ocrx_word' id='word_1_149' title='bbox 1391 1292 1496 1329; x_wconf 91' lang='lat' dir='ltr'>enim</span> <span class='ocrx_word' id='word_1_150' title='bbox 1542 1296 1829 1343; x_wconf 89' lang='lat' dir='ltr'>appreciantur</span> 
     </span>
     <span class='ocr_line' id='line_1_31' title="bbox 519 1336 1827 1403; baseline 0.018 -32"><span class='ocrx_word' id='word_1_151' title='bbox 519 1336 697 1373; x_wconf 89' lang='lat' dir='ltr'>redditus</span> <span class='ocrx_word' id='word_1_152' title='bbox 730 1342 975 1387; x_wconf 81' lang='lat' dir='ltr'>temporales</span> <span class='ocrx_word' id='word_1_153' title='bbox 1007 1353 1172 1381; x_wconf 91' lang='lat' dir='ltr'>vocatos</span> <span class='ocrx_word' id='word_1_154' title='bbox 1206 1357 1435 1396; x_wconf 78' lang='lat' dir='ltr'>perpetuOS,</span> <span class='ocrx_word' id='word_1_155' title='bbox 1470 1350 1527 1388; x_wconf 91' lang='lat' dir='ltr'>sic</span> <span class='ocrx_word' id='word_1_156' title='bbox 1551 1361 1587 1389; x_wconf 90' lang='lat' dir='ltr'>et</span> <span class='ocrx_word' id='word_1_157' title='bbox 1612 1364 1827 1403; x_wconf 87' lang='lat' dir='ltr'>perpetuas</span> 
     </span>
     <span class='ocr_line' id='line_1_32' title="bbox 519 1394 1826 1452; baseline 0.017 -23"><span class='ocrx_word' id='word_1_158' title='bbox 519 1394 760 1432; x_wconf 84' lang='lat' dir='ltr'>elemosinas</span> <span class='ocrx_word' id='word_1_159' title='bbox 793 1410 892 1446; x_wconf 88' lang='lat' dir='ltr'>quas</span> <span class='ocrx_word' id='word_1_160' title='bbox 926 1399 1063 1437; x_wconf 89' lang='lat' dir='ltr'>dicunt</span> <span class='ocrx_word' id='word_1_161' title='bbox 1095 1415 1178 1439; x_wconf 87' lang='lat' dir='ltr'>non</span> <span class='ocrx_word' id='word_1_162' title='bbox 1211 1417 1327 1452; x_wconf 90' lang='lat' dir='ltr'>posse</span> <span class='ocrx_word' id='word_1_163' title='bbox 1360 1408 1542 1446; x_wconf 87' lang='lat' dir='ltr'>deficere.</span> <span class='ocrx_word' id='word_1_164' title='bbox 1589 1413 1638 1448; x_wconf 89' lang='lat' dir='ltr'>Et</span> <span class='ocrx_word' id='word_1_165' title='bbox 1676 1411 1716 1449; x_wconf 93' lang='lat' dir='ltr'>in</span> <span class='ocrx_word' id='word_1_166' title='bbox 1748 1413 1826 1452; x_wconf 91' lang='lat' dir='ltr'>isto</span> 
     </span>
     <span class='ocr_line' id='line_1_33' title="bbox 518 1455 1825 1509; baseline 0.017 -22"><span class='ocrx_word' id='word_1_167' title='bbox 518 1461 708 1489; x_wconf 87' lang='lat' dir='ltr'>cecantur</span> <span class='ocrx_word' id='word_1_168' title='bbox 741 1455 893 1492; x_wconf 88' lang='lat' dir='ltr'>domini</span> <span class='ocrx_word' id='word_1_169' title='bbox 925 1459 1124 1497; x_wconf 87' lang='lat' dir='ltr'>seculares</span> <span class='ocrx_word' id='word_1_170' title='bbox 1166 1470 1203 1498; x_wconf 90' lang='lat' dir='ltr'>et</span> <span class='ocrx_word' id='word_1_171' title='bbox 1243 1466 1395 1501; x_wconf 89' lang='lat' dir='ltr'>mundo</span> <span class='ocrx_word' id='word_1_172' title='bbox 1435 1466 1575 1504; x_wconf 89' lang='lat' dir='ltr'>divites</span> <span class='ocrx_word' id='word_1_173' title='bbox 1617 1472 1825 1509; x_wconf 90' lang='lat' dir='ltr'>credentes</span> 
     </span>
     <span class='ocr_line' id='line_1_34' title="bbox 516 1509 1881 1576; baseline 0.017 -31"><span class='ocrx_word' id='word_1_174' title='bbox 516 1509 732 1548; x_wconf 88' lang='lat' dir='ltr'>infideliter</span> <span class='ocrx_word' id='word_1_175' title='bbox 764 1514 891 1551; x_wconf 88' lang='lat' dir='ltr'>multa</span> <span class='ocrx_word' id='word_1_176' title='bbox 923 1515 1035 1554; x_wconf 87' lang='lat' dir='ltr'>falsa.</span> <span class='ocrx_word' id='word_1_177' title='bbox 1084 1519 1262 1557; x_wconf 91' lang='lat' dir='ltr'>Credunt</span> <span class='ocrx_word' id='word_1_178' title='bbox 1308 1522 1411 1559; x_wconf 90' lang='lat' dir='ltr'>enim</span> <span class='ocrx_word' id='word_1_179' title='bbox 1458 1537 1504 1562; x_wconf 88' lang='lat' dir='ltr'>ac</span> <span class='ocrx_word' id='word_1_180' title='bbox 1548 1526 1579 1562; x_wconf 90' lang='lat' dir='ltr'>si</span> <span class='ocrx_word' id='word_1_181' title='bbox 1612 1527 1687 1576; x_wconf 90' lang='lat' dir='ltr'>ipsi</span> <span class='ocrx_word' id='word_1_182' title='bbox 1722 1543 1823 1567; x_wconf 89' lang='lat' dir='ltr'>mer-</span> <span class='ocrx_word' id='word_1_183' title='bbox 1840 1546 1881 1567; x_wconf 80' lang='lat'>20</span> 
     </span>
     <span class='ocr_line' id='line_1_35' title="bbox 515 1569 1822 1636; baseline 0.017 -33"><span class='ocrx_word' id='word_1_184' title='bbox 515 1569 652 1605; x_wconf 83' lang='lat' dir='ltr'>cedem</span> <span class='ocrx_word' id='word_1_185' title='bbox 686 1570 850 1618; x_wconf 86' lang='lat' dir='ltr'>proprie</span> <span class='ocrx_word' id='word_1_186' title='bbox 894 1585 915 1609; x_wconf 89' lang='lat' dir='ltr'>a</span> <span class='ocrx_word' id='word_1_187' title='bbox 950 1576 1033 1611; x_wconf 92' lang='lat' dir='ltr'>Deo</span> <span class='ocrx_word' id='word_1_188' title='bbox 1078 1576 1334 1625; x_wconf 82' lang='lat' dir='ltr'>singulariter</span> <span class='ocrx_word' id='word_1_189' title='bbox 1379 1592 1556 1620; x_wconf 85' lang='lat' dir='ltr'>emerent</span> <span class='ocrx_word' id='word_1_190' title='bbox 1600 1588 1707 1634; x_wconf 90' lang='lat' dir='ltr'>quod</span> <span class='ocrx_word' id='word_1_191' title='bbox 1747 1587 1822 1636; x_wconf 92' lang='lat' dir='ltr'>ipsi</span> 
     </span>
     <span class='ocr_line' id='line_1_36' title="bbox 515 1630 1821 1690; baseline 0.017 -29"><span class='ocrx_word' id='word_1_192' title='bbox 515 1635 629 1662; x_wconf 89' lang='lat' dir='ltr'>erunt</span> <span class='ocrx_word' id='word_1_193' title='bbox 662 1637 857 1676; x_wconf 88' lang='lat' dir='ltr'>perpetuo</span> <span class='ocrx_word' id='word_1_194' title='bbox 892 1630 1148 1680; x_wconf 85' lang='lat' dir='ltr'>singulariter</span> <span class='ocrx_word' id='word_1_195' title='bbox 1181 1637 1382 1684; x_wconf 89' lang='lat' dir='ltr'>premiati.</span> <span class='ocrx_word' id='word_1_196' title='bbox 1416 1642 1494 1676; x_wconf 87' lang='lat' dir='ltr'>Sed</span> <span class='ocrx_word' id='word_1_197' title='bbox 1527 1642 1622 1690; x_wconf 90' lang='lat' dir='ltr'>quid</span> <span class='ocrx_word' id='word_1_198' title='bbox 1655 1645 1821 1682; x_wconf 85' lang='lat' dir='ltr'>stulcius</span> 
     </span>
     <span class='ocr_line' id='line_1_37' title="bbox 513 1684 1820 1742; baseline 0.017 -23"><span class='ocrx_word' id='word_1_199' title='bbox 513 1692 581 1720; x_wconf 88' lang='lat' dir='ltr'>aut</span> <span class='ocrx_word' id='word_1_200' title='bbox 612 1684 840 1723; x_wconf 80' lang='lat' dir='ltr'>infidelius?</span> <span class='ocrx_word' id='word_1_201' title='bbox 878 1688 918 1725; x_wconf 86' lang='lat' dir='ltr'>Si</span> <span class='ocrx_word' id='word_1_202' title='bbox 953 1690 1059 1727; x_wconf 88' lang='lat' dir='ltr'>enim</span> <span class='ocrx_word' id='word_1_203' title='bbox 1093 1691 1168 1741; x_wconf 90' lang='lat' dir='ltr'>ipsi</span> <span class='ocrx_word' id='word_1_204' title='bbox 1202 1696 1420 1742; x_wconf 89' lang='lat' dir='ltr'>prudenter</span> <span class='ocrx_word' id='word_1_205' title='bbox 1452 1707 1489 1735; x_wconf 92' lang='lat' dir='ltr'>et</span> <span class='ocrx_word' id='word_1_206' title='bbox 1521 1701 1572 1736; x_wconf 88' lang='lat' dir='ltr'>ad</span> <span class='ocrx_word' id='word_1_207' title='bbox 1604 1701 1820 1740; x_wconf 85' lang='lat' dir='ltr'>utilitatem</span> 
     </span>
     <span class='ocr_line' id='line_1_38' title="bbox 512 1742 1820 1803; baseline 0.017 -27"><span class='ocrx_word' id='word_1_208' title='bbox 512 1742 678 1779; x_wconf 87' lang='lat' dir='ltr'>ecclesie</span> <span class='ocrx_word' id='word_1_209' title='bbox 713 1744 920 1783; x_wconf 87' lang='lat' dir='ltr'>militantis</span> <span class='ocrx_word' id='word_1_210' title='bbox 964 1748 1131 1786; x_wconf 88' lang='lat' dir='ltr'>fundent</span> <span class='ocrx_word' id='word_1_211' title='bbox 1177 1752 1276 1789; x_wconf 87' lang='lat' dir='ltr'>tales</span> <span class='ocrx_word' id='word_1_212' title='bbox 1322 1765 1535 1803; x_wconf 88' lang='lat' dir='ltr'>perpetuas</span> <span class='ocrx_word' id='word_1_213' title='bbox 1581 1759 1820 1799; x_wconf 88' lang='lat' dir='ltr'>elemosinas</span> 
     </span>
     <span class='ocr_line' id='line_1_39' title="bbox 513 1799 1876 1868; baseline 0.017 -34"><span class='ocrx_word' id='word_1_214' title='bbox 513 1799 637 1848; x_wconf 83' lang='lat' dir='ltr'>(quod</span> <span class='ocrx_word' id='word_1_215' title='bbox 686 1814 892 1851; x_wconf 85' lang='lat' dir='ltr'>nunquam</span> <span class='ocrx_word' id='word_1_216' title='bbox 941 1807 1001 1842; x_wconf 85' lang='lat' dir='ltr'>vel</span> <span class='ocrx_word' id='word_1_217' title='bbox 1051 1820 1144 1845; x_wconf 90' lang='lat' dir='ltr'>raro</span> <span class='ocrx_word' id='word_1_218' title='bbox 1195 1811 1353 1859; x_wconf 88' lang='lat' dir='ltr'>evenit),</span> <span class='ocrx_word' id='word_1_219' title='bbox 1409 1815 1540 1851; x_wconf 85' lang='lat' dir='ltr'>adhuc</span> <span class='ocrx_word' id='word_1_220' title='bbox 1591 1817 1876 1868; x_wconf 76' lang='lat' dir='ltr'>quicunque23</span> 
     </span>
     <span class='ocr_line' id='line_1_40' title="bbox 511 1856 1818 1925; baseline 0.017 -33"><span class='ocrx_word' id='word_1_221' title='bbox 511 1856 719 1895; x_wconf 85' lang='lat' dir='ltr'>existentes</span> <span class='ocrx_word' id='word_1_222' title='bbox 753 1860 792 1896; x_wconf 92' lang='lat' dir='ltr'>in</span> <span class='ocrx_word' id='word_1_223' title='bbox 825 1863 1062 1910; x_wconf 88' lang='lat' dir='ltr'>purgatorio</span> <span class='ocrx_word' id='word_1_224' title='bbox 1096 1867 1272 1904; x_wconf 89' lang='lat' dir='ltr'>defuncti</span> <span class='ocrx_word' id='word_1_225' title='bbox 1305 1869 1345 1905; x_wconf 92' lang='lat' dir='ltr'>in</span> <span class='ocrx_word' id='word_1_226' title='bbox 1370 1871 1513 1908; x_wconf 87' lang='lat' dir='ltr'>maiori</span> <span class='ocrx_word' id='word_1_227' title='bbox 1536 1874 1670 1921; x_wconf 85' lang='lat' dir='ltr'>gracia</span> <span class='ocrx_word' id='word_1_228' title='bbox 1694 1890 1818 1925; x_wconf 89' lang='lat' dir='ltr'>quan-</span> 
     </span>
     <span class='ocr_line' id='line_1_41' title="bbox 509 1918 1916 1989; baseline 0.017 -39"><span class='ocrx_word' id='word_1_229' title='bbox 509 1923 755 1966; x_wconf 88' lang='lat' dir='ltr'>tumcunque</span> <span class='ocrx_word' id='word_1_230' title='bbox 805 1921 977 1957; x_wconf 87' lang='lat' dir='ltr'>extranei</span> <span class='ocrx_word' id='word_1_231' title='bbox 1025 1924 1085 1959; x_wconf 85' lang='lat' dir='ltr'>vel</span> <span class='ocrx_word' id='word_1_232' title='bbox 1135 1925 1281 1962; x_wconf 91' lang='lat' dir='ltr'>remoti</span> <span class='ocrx_word' id='word_1_233' title='bbox 1326 1928 1415 1976; x_wconf 92' lang='lat' dir='ltr'>plus</span> <span class='ocrx_word' id='word_1_234' title='bbox 1459 1931 1658 1980; x_wconf 85' lang='lat' dir='ltr'>participa</span> <span class='ocrx_word' id='word_1_235' title='bbox 1687 1930 1691 1986; x_wconf 74' lang='grc' dir='ltr'>Ι</span> <span class='ocrx_word' id='word_1_236' title='bbox 1721 1935 1818 1972; x_wconf 90' lang='lat' dir='ltr'>bunt</span> <span class='ocrx_word' id='word_1_237' title='bbox 1835 1918 1916 1989; x_wconf 44' lang='lat'>01:⁰0¹}</span> 
     </span>
     <span class='ocr_line' id='line_1_42' title="bbox 508 1972 1898 2032; baseline 0.017 -24"><span class='ocrx_word' id='word_1_238' title='bbox 508 1972 778 2012; x_wconf 88' lang='lat' dir='ltr'>retribucione</span> <span class='ocrx_word' id='word_1_239' title='bbox 811 1979 1008 2015; x_wconf 90' lang='lat' dir='ltr'>mercedis</span> <span class='ocrx_word' id='word_1_240' title='bbox 1042 1982 1186 2028; x_wconf 86' lang='lat' dir='ltr'>meriti,</span> <span class='ocrx_word' id='word_1_241' title='bbox 1221 1984 1315 2032; x_wconf 89' lang='lat' dir='ltr'>quia</span> <span class='ocrx_word' id='word_1_242' title='bbox 1347 1995 1431 2023; x_wconf 91' lang='lat' dir='ltr'>tota</span> <span class='ocrx_word' id='word_1_243' title='bbox 1456 1987 1692 2028; x_wconf 90' lang='lat' dir='ltr'>distribucio</span> <span class='ocrx_word' id='word_1_244' title='bbox 1716 2005 1818 2030; x_wconf 91' lang='lat' dir='ltr'>mer·</span> <span class='ocrx_word' id='word_1_245' title='bbox 1835 1975 1898 2008; x_wconf 47' lang='grc' dir='ltr'>’φ’</span> 
     </span>
     <span class='ocr_line' id='line_1_43' title="bbox 508 2031 1815 2097; baseline 0.017 -31"><span class='ocrx_word' id='word_1_246' title='bbox 508 2031 614 2068; x_wconf 88' lang='lat' dir='ltr'>cedis</span> <span class='ocrx_word' id='word_1_247' title='bbox 648 2041 704 2069; x_wconf 87' lang='lat' dir='ltr'>est</span> <span class='ocrx_word' id='word_1_248' title='bbox 737 2033 776 2070; x_wconf 88' lang='lat' dir='ltr'>in</span> <span class='ocrx_word' id='word_1_249' title='bbox 810 2048 932 2072; x_wconf 87' lang='lat' dir='ltr'>manu</span> <span class='ocrx_word' id='word_1_250' title='bbox 966 2038 1037 2074; x_wconf 88' lang='lat' dir='ltr'>Dei</span> <span class='ocrx_word' id='word_1_251' title='bbox 1070 2039 1154 2076; x_wconf 89' lang='lat' dir='ltr'>sine</span> <span class='ocrx_word' id='word_1_252' title='bbox 1186 2042 1436 2091; x_wconf 84' lang='lat' dir='ltr'>proprietate</span> <span class='ocrx_word' id='word_1_253' title='bbox 1469 2046 1594 2084; x_wconf 90' lang='lat' dir='ltr'>civilis</span> <span class='ocrx_word' id='word_1_254' title='bbox 1633 2050 1815 2097; x_wconf 85' lang='lat' dir='ltr'>dominii,</span> 
     </span>
     <span class='ocr_line' id='line_1_44' title="bbox 506 2093 1875 2154; baseline 0.016 -30"><span class='ocrx_word' id='word_1_255' title='bbox 506 2097 548 2124; x_wconf 89' lang='lat' dir='ltr'>ut</span> <span class='ocrx_word' id='word_1_256' title='bbox 592 2099 786 2138; x_wconf 87' lang='lat' dir='ltr'>quantum</span> <span class='ocrx_word' id='word_1_257' title='bbox 826 2093 900 2130; x_wconf 91' lang='lat' dir='ltr'>sibi</span> <span class='ocrx_word' id='word_1_258' title='bbox 940 2096 1134 2143; x_wconf 82' lang='lat' dir='ltr'>placuerit</span> <span class='ocrx_word' id='word_1_259' title='bbox 1178 2099 1390 2138; x_wconf 84' lang='lat' dir='ltr'>distribuat</span> <span class='ocrx_word' id='word_1_260' title='bbox 1429 2103 1554 2152; x_wconf 89' lang='lat' dir='ltr'>magis</span> <span class='ocrx_word' id='word_1_261' title='bbox 1595 2106 1729 2154; x_wconf 87' lang='lat' dir='ltr'>digno.</span> <span class='ocrx_word' id='word_1_262' title='bbox 1775 2108 1815 2145; x_wconf 83' lang='lat' dir='ltr'>Si</span> <span class='ocrx_word' id='word_1_263' title='bbox 1833 2116 1875 2148; x_wconf 72' lang='lat'>30</span> 
     </span>
     <span class='ocr_line' id='line_1_45' title="bbox 505 2149 1815 2213; baseline 0.016 -32"><span class='ocrx_word' id='word_1_264' title='bbox 505 2155 638 2183; x_wconf 89' lang='lat' dir='ltr'>autem</span> <span class='ocrx_word' id='word_1_265' title='bbox 674 2149 763 2185; x_wconf 87' lang='lat' dir='ltr'>talis</span> <span class='ocrx_word' id='word_1_266' title='bbox 796 2150 986 2189; x_wconf 89' lang='lat' dir='ltr'>fundacio</span> <span class='ocrx_word' id='word_1_267' title='bbox 1020 2164 1214 2203; x_wconf 90' lang='lat' dir='ltr'>perpetue</span> <span class='ocrx_word' id='word_1_268' title='bbox 1247 2158 1465 2197; x_wconf 90' lang='lat' dir='ltr'>elemosine</span> <span class='ocrx_word' id='word_1_269' title='bbox 1497 2162 1602 2210; x_wconf 87' lang='lat' dir='ltr'>sapit</span> <span class='ocrx_word' id='word_1_270' title='bbox 1634 2166 1815 2213; x_wconf 87' lang='lat' dir='ltr'>superbi-</span> 
     </span>
     <span class='ocr_line' id='line_1_46' title="bbox 504 2203 1814 2272; baseline 0.017 -33"><span class='ocrx_word' id='word_1_271' title='bbox 504 2203 626 2251; x_wconf 85' lang='lat' dir='ltr'>biam,</span> <span class='ocrx_word' id='word_1_272' title='bbox 651 2204 855 2244; x_wconf 86' lang='lat' dir='ltr'>infidelem</span> <span class='ocrx_word' id='word_1_273' title='bbox 874 2210 1124 2249; x_wconf 83' lang='lat' dir='ltr'>blasfemiam</span> <span class='ocrx_word' id='word_1_274' title='bbox 1142 2223 1179 2251; x_wconf 92' lang='lat' dir='ltr'>et</span> <span class='ocrx_word' id='word_1_275' title='bbox 1200 2226 1489 2255; x_wconf 89' lang='lat' dir='ltr'>nocumentum</span> <span class='ocrx_word' id='word_1_276' title='bbox 1507 2221 1674 2259; x_wconf 91' lang='lat' dir='ltr'>ecclesie</span> <span class='ocrx_word' id='word_1_277' title='bbox 1691 2226 1814 2272; x_wconf 90' lang='lat' dir='ltr'>(quod</span> 
     </span>
     <span class='ocr_line' id='line_1_47' title="bbox 505 2264 1814 2328; baseline 0.016 -31"><span class='ocrx_word' id='word_1_278' title='bbox 505 2274 599 2310; x_wconf 90' lang='lat' dir='ltr'>sepe</span> <span class='ocrx_word' id='word_1_279' title='bbox 632 2264 792 2311; x_wconf 90' lang='lat' dir='ltr'>evenit),</span> <span class='ocrx_word' id='word_1_280' title='bbox 827 2271 1035 2315; x_wconf 90' lang='lat' dir='ltr'>quomodo</span> <span class='ocrx_word' id='word_1_281' title='bbox 1068 2280 1201 2319; x_wconf 91' lang='lat' dir='ltr'>potest</span> <span class='ocrx_word' id='word_1_282' title='bbox 1234 2273 1370 2311; x_wconf 85' lang='lat' dir='ltr'>anima</span> <span class='ocrx_word' id='word_1_283' title='bbox 1404 2277 1582 2314; x_wconf 89' lang='lat' dir='ltr'>defuncti</span> <span class='ocrx_word' id='word_1_284' title='bbox 1616 2292 1690 2328; x_wconf 93' lang='lat' dir='ltr'>pro</span> <span class='ocrx_word' id='word_1_285' title='bbox 1724 2282 1814 2318; x_wconf 89' lang='lat' dir='ltr'>tali-</span> 
     </span>
     <span class='ocr_line' id='line_1_48' title="bbox 505 2320 1118 2374; baseline 0.018 -19"><span class='ocrx_word' id='word_1_286' title='bbox 505 2320 576 2356; x_wconf 91' lang='lat' dir='ltr'>bus</span> <span class='ocrx_word' id='word_1_287' title='bbox 610 2321 848 2370; x_wconf 85' lang='lat' dir='ltr'>suffragium</span> <span class='ocrx_word' id='word_1_288' title='bbox 884 2329 1118 2374; x_wconf 85' lang='lat' dir='ltr'>expectare?</span> 
     </span>
    </p>

    <p class='ocr_par' dir='ltr' id='par_1_15' title="bbox 500 2378 1868 2620">
     <span class='ocr_line' id='line_1_49' title="bbox 561 2378 1868 2440; baseline 0.018 -27"><span class='ocrx_word' id='word_1_289' title='bbox 561 2378 764 2428; x_wconf 85' lang='lat' dir='ltr'>Principia</span> <span class='ocrx_word' id='word_1_290' title='bbox 798 2391 932 2420; x_wconf 89' lang='lat' dir='ltr'>autem</span> <span class='ocrx_word' id='word_1_291' title='bbox 968 2385 1060 2422; x_wconf 80' lang='lat' dir='ltr'>fidei</span> <span class='ocrx_word' id='word_1_292' title='bbox 1095 2400 1216 2437; x_wconf 87' lang='lat' dir='ltr'>super</span> <span class='ocrx_word' id='word_1_293' title='bbox 1249 2404 1325 2440; x_wconf 88' lang='lat' dir='ltr'>que</span> <span class='ocrx_word' id='word_1_294' title='bbox 1366 2393 1561 2431; x_wconf 87' lang='lat' dir='ltr'>fundatur</span> <span class='ocrx_word' id='word_1_295' title='bbox 1605 2396 1680 2434; x_wconf 90' lang='lat' dir='ltr'>ista</span> <span class='ocrx_word' id='word_1_296' title='bbox 1725 2411 1812 2435; x_wconf 90' lang='lat' dir='ltr'>sen-</span> <span class='ocrx_word' id='word_1_297' title='bbox 1829 2403 1868 2436; x_wconf 65' lang='grc'>35</span> 
     </span>
     <span class='ocr_line' id='line_1_50' title="bbox 502 2436 1811 2501; baseline 0.018 -30"><span class='ocrx_word' id='word_1_298' title='bbox 502 2436 634 2473; x_wconf 89' lang='lat' dir='ltr'>tencia</span> <span class='ocrx_word' id='word_1_299' title='bbox 666 2446 773 2475; x_wconf 83' lang='lat' dir='ltr'>stant</span> <span class='ocrx_word' id='word_1_300' title='bbox 805 2439 845 2477; x_wconf 92' lang='lat' dir='ltr'>in</span> <span class='ocrx_word' id='word_1_301' title='bbox 878 2441 978 2488; x_wconf 81' lang='lat' dir='ltr'>istis,</span> <span class='ocrx_word' id='word_1_302' title='bbox 1025 2444 1158 2492; x_wconf 89' lang='lat' dir='ltr'>primo</span> <span class='ocrx_word' id='word_1_303' title='bbox 1205 2451 1312 2496; x_wconf 92' lang='lat' dir='ltr'>quod</span> <span class='ocrx_word' id='word_1_304' title='bbox 1353 2452 1483 2488; x_wconf 89' lang='lat' dir='ltr'>solum</span> <span class='ocrx_word' id='word_1_305' title='bbox 1524 2467 1598 2501; x_wconf 90' lang='lat' dir='ltr'>pro</span> <span class='ocrx_word' id='word_1_306' title='bbox 1630 2455 1811 2494; x_wconf 87' lang='lat' dir='ltr'>viacione</span> 
     </span>
     <span class='ocr_line' id='line_1_51' title="bbox 500 2493 1810 2562; baseline 0.018 -34"><span class='ocrx_word' id='word_1_307' title='bbox 500 2493 677 2532; x_wconf 89' lang='lat' dir='ltr'>hominis</span> <span class='ocrx_word' id='word_1_308' title='bbox 711 2506 768 2533; x_wconf 92' lang='lat' dir='ltr'>est</span> <span class='ocrx_word' id='word_1_309' title='bbox 801 2497 886 2546; x_wconf 90' lang='lat' dir='ltr'>ipse</span> <span class='ocrx_word' id='word_1_310' title='bbox 919 2499 959 2536; x_wconf 91' lang='lat' dir='ltr'>in</span> <span class='ocrx_word' id='word_1_311' title='bbox 992 2510 1100 2539; x_wconf 89' lang='lat' dir='ltr'>statu</span> <span class='ocrx_word' id='word_1_312' title='bbox 1134 2506 1326 2553; x_wconf 85' lang='lat' dir='ltr'>merendi,</span> <span class='ocrx_word' id='word_1_313' title='bbox 1375 2522 1465 2546; x_wconf 89' lang='lat' dir='ltr'>curn</span> <span class='ocrx_word' id='word_1_314' title='bbox 1511 2521 1602 2559; x_wconf 92' lang='lat' dir='ltr'>post</span> <span class='ocrx_word' id='word_1_315' title='bbox 1647 2525 1810 2562; x_wconf 88' lang='lat' dir='ltr'>separa-</span> 
     </span>
     <span class='ocr_line' id='line_1_52' title="bbox 501 2551 1810 2620; baseline 0.017 -33"><span class='ocrx_word' id='word_1_316' title='bbox 501 2551 658 2589; x_wconf 91' lang='lat' dir='ltr'>cionem</span> <span class='ocrx_word' id='word_1_317' title='bbox 695 2554 827 2592; x_wconf 87' lang='lat' dir='ltr'>anime</span> <span class='ocrx_word' id='word_1_318' title='bbox 860 2570 940 2594; x_wconf 91' lang='lat' dir='ltr'>non</span> <span class='ocrx_word' id='word_1_319' title='bbox 975 2569 1067 2597; x_wconf 90' lang='lat' dir='ltr'>sunt</span> <span class='ocrx_word' id='word_1_320' title='bbox 1101 2561 1167 2598; x_wconf 91' lang='lat' dir='ltr'>ille</span> <span class='ocrx_word' id='word_1_321' title='bbox 1201 2565 1277 2601; x_wconf 90' lang='lat' dir='ltr'>due</span> <span class='ocrx_word' id='word_1_322' title='bbox 1310 2575 1452 2604; x_wconf 87' lang='lat' dir='ltr'>nature</span> <span class='ocrx_word' id='word_1_323' title='bbox 1487 2569 1700 2608; x_wconf 89' lang='lat' dir='ltr'>coniuncte</span> <span class='ocrx_word' id='word_1_324' title='bbox 1734 2585 1810 2620; x_wconf 89' lang='lat' dir='ltr'>que</span> 
     </span>
    </p>
   </div>
   <div class='ocr_carea' id='block_1_11' title="bbox 492 2722 1808 2971">
    <p class='ocr_par' dir='ltr' id='par_1_16' title="bbox 492 2722 1808 2971">
     <span class='ocr_line' id='line_1_53' title="bbox 565 2722 1808 2771; baseline 0.017 -26"><span class='ocrx_word' id='word_1_325' title='bbox 565 2725 589 2745; x_wconf 80' lang='lat'>2.</span> <span class='ocrx_word' id='word_1_326' title='bbox 610 2727 670 2747; x_wconf 87' lang='lat' dir='ltr'>non</span> <span class='ocrx_word' id='word_1_327' title='bbox 690 2725 778 2750; x_wconf 77' lang='lat' dir='ltr'>sunl:</span> <span class='ocrx_word' id='word_1_328' title='bbox 806 2722 849 2751; x_wconf 79' lang='lat' dir='ltr'>D:</span> <span class='ocrx_word' id='word_1_329' title='bbox 880 2725 992 2753; x_wconf 82' lang='lat' dir='ltr'>costri:</span> <span class='ocrx_word' id='word_1_330' title='bbox 1016 2726 1057 2756; x_wconf 87' lang='lat' dir='ltr'>E:</span> <span class='ocrx_word' id='word_1_331' title='bbox 1085 2730 1227 2757; x_wconf 80' lang='lat' dir='ltr'>correxit.</span> <span class='ocrx_word' id='word_1_332' title='bbox 1361 2733 1385 2761; x_wconf 78' lang='lat'>5.</span> <span class='ocrx_word' id='word_1_333' title='bbox 1408 2734 1431 2762; x_wconf 87' lang='grc' dir='ltr'><em>Ε</em></span> <span class='ocrx_word' id='word_1_334' title='bbox 1452 2735 1481 2763; x_wconf 86' lang='lat' dir='ltr'>in</span> <span class='ocrx_word' id='word_1_335' title='bbox 1504 2744 1618 2771; x_wconf 67' lang='lat' dir='ltr'>marg:</span> <span class='ocrx_word' id='word_1_336' title='bbox 1641 2737 1689 2765; x_wconf 67' lang='lat' dir='ltr'>&#39;De</span> <span class='ocrx_word' id='word_1_337' title='bbox 1708 2739 1808 2767; x_wconf 80' lang='lat' dir='ltr'>missis</span> 
     </span>
     <span class='ocr_line' id='line_1_54' title="bbox 495 2754 1806 2802; baseline 0.018 -24"><span class='ocrx_word' id='word_1_338' title='bbox 495 2754 611 2788; x_wconf 73' lang='lat' dir='ltr'>emptis.</span> <span class='ocrx_word' id='word_1_339' title='bbox 686 2764 725 2782; x_wconf 91' lang='lat'>10.</span> <span class='ocrx_word' id='word_1_340' title='bbox 742 2756 810 2784; x_wconf 81' lang='lat' dir='ltr'>DE:</span> <span class='ocrx_word' id='word_1_341' title='bbox 832 2761 989 2788; x_wconf 83' lang='lat' dir='ltr'>meruerit.</span> <span class='ocrx_word' id='word_1_342' title='bbox 1064 2771 1105 2793; x_wconf 80' lang='grc' dir='ltr'>ιο,</span> <span class='ocrx_word' id='word_1_343' title='bbox 1122 2772 1155 2791; x_wconf 91' lang='grc'>11.</span> <span class='ocrx_word' id='word_1_344' title='bbox 1173 2764 1241 2793; x_wconf 85' lang='lat' dir='ltr'>DE:</span> <span class='ocrx_word' id='word_1_345' title='bbox 1263 2769 1293 2794; x_wconf 84' lang='lat' dir='ltr'>et</span> <span class='ocrx_word' id='word_1_346' title='bbox 1311 2767 1341 2794; x_wconf 83' lang='lat' dir='ltr'>in</span> <span class='ocrx_word' id='word_1_347' title='bbox 1363 2768 1498 2802; x_wconf 78' lang='lat' dir='ltr'>inferno.</span> <span class='ocrx_word' id='word_1_348' title='bbox 1572 2771 1610 2799; x_wconf 77' lang='lat'>13.</span> <span class='ocrx_word' id='word_1_349' title='bbox 1627 2772 1695 2800; x_wconf 82' lang='lat' dir='ltr'>DE:</span> <span class='ocrx_word' id='word_1_350' title='bbox 1716 2774 1806 2801; x_wconf 83' lang='lat' dir='ltr'>abba-</span> 
     </span>
     <span class='ocr_line' id='line_1_55' title="bbox 493 2787 1806 2839; baseline 0.018 -27"><span class='ocrx_word' id='word_1_351' title='bbox 493 2787 590 2819; x_wconf 79' lang='lat' dir='ltr'>tihus;</span> <span class='ocrx_word' id='word_1_352' title='bbox 612 2788 635 2815; x_wconf 84' lang='lat' dir='ltr'>E</span> <span class='ocrx_word' id='word_1_353' title='bbox 655 2789 685 2817; x_wconf 86' lang='lat' dir='ltr'>in</span> <span class='ocrx_word' id='word_1_354' title='bbox 707 2798 821 2826; x_wconf 69' lang='lat' dir='ltr'>marg:</span> <span class='ocrx_word' id='word_1_355' title='bbox 841 2792 929 2821; x_wconf 80' lang='lat' dir='ltr'>Nota.</span> <span class='ocrx_word' id='word_1_356' title='bbox 997 2804 1034 2831; x_wconf 83' lang='lat'>¹7·</span> <span class='ocrx_word' id='word_1_357' title='bbox 1057 2797 1125 2825; x_wconf 85' lang='lat' dir='ltr'>DE:</span> <span class='ocrx_word' id='word_1_358' title='bbox 1144 2803 1312 2834; x_wconf 78' lang='lat' dir='ltr'>perpetuos</span> <span class='ocrx_word' id='word_1_359' title='bbox 1331 2802 1425 2830; x_wconf 76' lang='lat' dir='ltr'>deest.</span> <span class='ocrx_word' id='word_1_360' title='bbox 1489 2812 1528 2839; x_wconf 73' lang='lat'>21,</span> <span class='ocrx_word' id='word_1_361' title='bbox 1545 2812 1588 2832; x_wconf 84' lang='lat'>22.</span> <span class='ocrx_word' id='word_1_362' title='bbox 1605 2806 1672 2834; x_wconf 81' lang='lat' dir='ltr'>DE:</span> <span class='ocrx_word' id='word_1_363' title='bbox 1694 2808 1806 2835; x_wconf 83' lang='lat' dir='ltr'>donum</span> 
     </span>
     <span class='ocr_line' id='line_1_56' title="bbox 493 2823 1804 2870; baseline 0.018 -23"><span class='ocrx_word' id='word_1_364' title='bbox 493 2823 652 2850; x_wconf 74' lang='lat' dir='ltr'>mercedis.</span> <span class='ocrx_word' id='word_1_365' title='bbox 777 2827 823 2854; x_wconf 76' lang='lat'>26.</span> <span class='ocrx_word' id='word_1_366' title='bbox 845 2827 869 2854; x_wconf 84' lang='lat' dir='ltr'>E</span> <span class='ocrx_word' id='word_1_367' title='bbox 889 2828 918 2856; x_wconf 88' lang='lat' dir='ltr'>in</span> <span class='ocrx_word' id='word_1_368' title='bbox 940 2838 1056 2866; x_wconf 72' lang='lat' dir='ltr'>marg:</span> <span class='ocrx_word' id='word_1_369' title='bbox 1087 2832 1132 2859; x_wconf 81' lang='lat' dir='ltr'>De</span> <span class='ocrx_word' id='word_1_370' title='bbox 1154 2836 1356 2869; x_wconf 74' lang='lat' dir='ltr'>purgatorio.</span> <span class='ocrx_word' id='word_1_371' title='bbox 1482 2847 1497 2866; x_wconf 90' lang='lat'>2</span> <span class='ocrx_word' id='word_1_372' title='bbox 1524 2861 1530 2866; x_wconf 93' lang='lat'><em>.</em></span> <span class='ocrx_word' id='word_1_373' title='bbox 1550 2839 1590 2868; x_wconf 84' lang='lat' dir='ltr'>F:</span> <span class='ocrx_word' id='word_1_374' title='bbox 1617 2841 1648 2868; x_wconf 88' lang='lat' dir='ltr'>in</span> <span class='ocrx_word' id='word_1_375' title='bbox 1668 2842 1717 2869; x_wconf 82' lang='lat' dir='ltr'>via</span> <span class='ocrx_word' id='word_1_376' title='bbox 1736 2842 1804 2870; x_wconf 76' lang='lat' dir='ltr'>Dei.</span> 
     </span>
     <span class='ocr_line' id='line_1_57' title="bbox 494 2854 1802 2912; baseline 0.018 -31"><span class='ocrx_word' id='word_1_377' title='bbox 494 2854 539 2883; x_wconf 78' lang='lat'>30.</span> <span class='ocrx_word' id='word_1_378' title='bbox 561 2857 605 2884; x_wconf 88' lang='lat' dir='ltr'>D:</span> <span class='ocrx_word' id='word_1_379' title='bbox 625 2858 789 2888; x_wconf 79' lang='lat' dir='ltr'>distribuit.</span> <span class='ocrx_word' id='word_1_380' title='bbox 864 2861 906 2889; x_wconf 78' lang='lat'>33.</span> <span class='ocrx_word' id='word_1_381' title='bbox 928 2863 997 2892; x_wconf 85' lang='lat' dir='ltr'>DE:</span> <span class='ocrx_word' id='word_1_382' title='bbox 1016 2867 1130 2902; x_wconf 73' lang='lat' dir='ltr'>sepius.</span> <span class='ocrx_word' id='word_1_383' title='bbox 1202 2868 1246 2896; x_wconf 43' lang='lat'>36&gt;</span> <span class='ocrx_word' id='word_1_384' title='bbox 1272 2870 1340 2898; x_wconf 81' lang='lat' dir='ltr'>DE.-</span> <span class='ocrx_word' id='word_1_385' title='bbox 1361 2875 1424 2900; x_wconf 81' lang='lat' dir='ltr'>stat</span> <span class='ocrx_word' id='word_1_386' title='bbox 1441 2873 1471 2900; x_wconf 79' lang='lat' dir='ltr'>in</span> <span class='ocrx_word' id='word_1_387' title='bbox 1491 2877 1568 2906; x_wconf 64' lang='grc' dir='ltr'>κείω</span> <span class='ocrx_word' id='word_1_388' title='bbox 1594 2874 1618 2902; x_wconf 87' lang='grc' dir='ltr'><strong><em>Ε</em></strong></span> <span class='ocrx_word' id='word_1_389' title='bbox 1638 2875 1668 2902; x_wconf 85' lang='lat' dir='ltr'>in</span> <span class='ocrx_word' id='word_1_390' title='bbox 1689 2884 1802 2912; x_wconf 70' lang='lat' dir='ltr'>marg:</span> 
     </span>
     <span class='ocr_line' id='line_1_58' title="bbox 492 2889 1802 2943; baseline 0.018 -28"><span class='ocrx_word' id='word_1_391' title='bbox 492 2889 599 2918; x_wconf 80' lang='lat' dir='ltr'>Princt&#39;</span> <span class='ocrx_word' id='word_1_392' title='bbox 620 2892 651 2919; x_wconf 79' lang='lat' dir='ltr'>ia</span> <span class='ocrx_word' id='word_1_393' title='bbox 669 2892 754 2927; x_wconf 77' lang='lat' dir='ltr'>fidei</span> <span class='ocrx_word' id='word_1_394' title='bbox 780 2896 867 2923; x_wconf 67' lang='lat' dir='ltr'>istius</span> <span class='ocrx_word' id='word_1_395' title='bbox 894 2900 1048 2927; x_wconf 70' lang='lat' dir='ltr'>sentencie</span> <span class='ocrx_word' id='word_1_396' title='bbox 1075 2905 1138 2929; x_wconf 77' lang='lat' dir='ltr'>stat</span> <span class='ocrx_word' id='word_1_397' title='bbox 1166 2902 1196 2929; x_wconf 80' lang='lat' dir='ltr'>in</span> <span class='ocrx_word' id='word_1_398' title='bbox 1227 2904 1303 2935; x_wconf 76' lang='lat' dir='ltr'>isto,-</span> <span class='ocrx_word' id='word_1_399' title='bbox 1335 2905 1363 2932; x_wconf 87' lang='lat' dir='ltr'>ib</span> <span class='ocrx_word' id='word_1_400' title='bbox 1403 2908 1447 2934; x_wconf 90' lang='lat' dir='ltr'>A:</span> <span class='ocrx_word' id='word_1_401' title='bbox 1476 2909 1557 2943; x_wconf 82' lang='lat' dir='ltr'>quod</span> <span class='ocrx_word' id='word_1_402' title='bbox 1583 2910 1679 2937; x_wconf 80' lang='lat' dir='ltr'>solum</span> <span class='ocrx_word' id='word_1_403' title='bbox 1709 2911 1802 2939; x_wconf 79' lang='lat' dir='ltr'>deest.</span> 
     </span>
     <span class='ocr_line' id='line_1_59' title="bbox 493 2899 1658 2971; baseline 0.018 -21"><span class='ocrx_word' id='word_1_404' title='bbox 493 2923 536 2951; x_wconf 74' lang='lat'>38.</span> <span class='ocrx_word' id='word_1_405' title='bbox 560 2899 627 2953; x_wconf 54' lang='lat' dir='ltr'>le:</span> <span class='ocrx_word' id='word_1_406' title='bbox 653 2928 756 2956; x_wconf 73' lang='lat' dir='ltr'>anime</span> <span class='ocrx_word' id='word_1_407' title='bbox 775 2930 875 2965; x_wconf 37' lang='lat' dir='ltr'>dees&amp;</span> <span class='ocrx_word' id='word_1_408' title='bbox 895 2932 926 2967; x_wconf 52' lang='grc' dir='ltr'>ΛΞ</span> <span class='ocrx_word' id='word_1_409' title='bbox 948 2933 975 2960; x_wconf 84' lang='lat' dir='ltr'>in</span> <span class='ocrx_word' id='word_1_410' title='bbox 999 2943 1113 2970; x_wconf 77' lang='lat' dir='ltr'>marg:</span> <span class='ocrx_word' id='word_1_411' title='bbox 1137 2944 1167 2968; x_wconf 77' lang='grc'>1,·</span> <span class='ocrx_word' id='word_1_412' title='bbox 1202 2938 1241 2964; x_wconf 84' lang='lat' dir='ltr'>ib.</span> <span class='ocrx_word' id='word_1_413' title='bbox 1264 2938 1332 2966; x_wconf 76' lang='lat' dir='ltr'>DE:</span> <span class='ocrx_word' id='word_1_414' title='bbox 1360 2944 1470 2969; x_wconf 70' lang='lat' dir='ltr'>nature</span> <span class='ocrx_word' id='word_1_415' title='bbox 1490 2943 1658 2971; x_wconf 78' lang='lat' dir='ltr'>coniuncle.</span> 
     </span>
    </p>
   </div>
  </div>
 </body>
</html>
