2062 3276
181 247 259 293 394

193 368 298 403 cariug
318 373 370 395 not
389 369 437 396 sor

191 404 339 438 temporal
360 404 435 431 loss,

221 1297 279 1325 We
301 1297 411 1324 should

205 1332 321 1359 imitate
342 1332 424 1364 Him,

181 1880 305 1914 making
325 1880 396 1914 gists
417 1880 451 1906 of

180 1923 268 1950 grace
288 1923 345 1941 our
365 1914 449 1941 chief

259 1949 367 1976 desire.

760 258 983 290 JOHANNIS
1001 260 1186 291 WYCLIF
1206 261 1462 293 SERMoNUM
1496 248 1648 306 [SERMO
1670 259 1775 286 xmx.

468 364 662 400 Christus.
716 365 809 400 Ideo
852 377 932 401 non
976 365 1148 413 pertinet
1193 367 1241 402 ad
1282 380 1370 402 eum
1411 367 1505 404 flere
1542 369 1602 404 vel
1641 369 1775 405 dolere

467 431 632 470 propter
655 422 913 459 amissionem
938 424 1223 471 temporalium
1251 427 1320 461 sed
1341 425 1546 462 virtutum.
1580 426 1636 462 Ibi
1669 426 1774 463 enim

466 480 663 516 amittitur
707 483 812 517 Deus
864 490 900 517 et
949 481 1134 519 amicicia
1186 491 1267 519 tam
1318 482 1606 532 triumphantis
1655 497 1775 533 quam

467 538 674 575 militantis
708 538 892 585 ecclesie3
932 540 1175 587 temporalia
1208 549 1342 577 autem
1376 554 1457 578 non
1490 551 1658 590 possunt
1692 555 1776 579 esse

465 598 514 632 ab
538 609 585 633 eo
608 597 776 645 perdita,
803 597 895 645 quia
920 610 1173 647 quecumque
1197 612 1289 647 pars
1314 599 1510 645 habuerit,
1536 600 1620 648 ipse
1642 601 1774 646 habet,
1794 604 1809 636 5

465 664 501 691 et
535 656 697 703 quando
730 655 769 691 in
808 668 952 704 penam
992 656 1145 704 peccati
1186 667 1491 705 consumuntur,
1533 659 1607 695 hoc
1646 658 1689 694 fit
1727 660 1776 695 ad

464 713 623 749 laudem
658 722 694 749 et
734 713 1029 761 beneplacitum
1073 715 1225 751 domini
1258 715 1511 752 vindicantis.
1567 715 1606 753 Si
1640 725 1775 752 autem

466 772 573 807 dolet
606 784 678 819 pro
712 784 813 819 pena
846 771 992 819 aliena,
1026 785 1115 809 cum
1145 773 1262 809 infert
1294 786 1454 810 omnem
1489 787 1648 822 penam,
1683 783 1777 810 tunc

466 829 574 865 dolet
618 830 665 865 de
711 829 868 865 iusticia
908 843 1028 878 quam
1070 831 1153 878 ipse
1193 831 1287 867 facit
1326 833 1375 868 ad
1414 832 1700 880 purgacionem
1741 841 1777 868 et

465 887 688 934 profectum
725 887 902 924 ecclesie.
938 890 994 924 De
1027 901 1128 936 pena
1160 901 1253 925 vero
1277 902 1414 926 sensus
1438 890 1591 938 proprii
1616 899 1777 927 natura-
1797 905 1836 926 10

465 945 554 981 liter
587 945 715 981 doluit
738 954 947 994 tamquam
971 947 1105 991 homo,
1140 948 1207 982 sed
1238 948 1285 983 de
1308 959 1411 995 pena
1435 948 1600 996 dampni
1623 948 1777 996 proprii

465 1016 545 1039 non
578 1005 697 1040 credo
731 1003 949 1040 Dominum
985 1004 1171 1051 doluisse,
1206 1017 1296 1041 cum
1331 1006 1551 1053 dampnum
1584 1005 1775 1042 virtutum

465 1074 546 1098 non
579 1061 710 1109 potuit
743 1062 940 1098 habuisse.
995 1064 1043 1099 Et
1075 1062 1254 1111 perdicio
1293 1064 1492 1100 bonorum
1531 1063 1777 1100 naturalium

466 1132 547 1156 non
569 1119 642 1155 fuit
665 1119 739 1156 sibi
764 1121 1001 1168 dampnosa,
1034 1122 1102 1157 sed
1133 1121 1392 1158 beatitudinis
1420 1131 1501 1158 tarn
1532 1121 1571 1157 in
1593 1134 1634 1158 se
1657 1135 1776 1171 quam

466 1177 506 1214 in
559 1177 726 1214 ecclesia
778 1178 985 1215 lucrativa.
1039 1181 1087 1215 Et
1138 1179 1227 1216 talis
1279 1181 1454 1227 prudens
1507 1180 1836 1217 commutaci015

467 1236 569 1272 foret
602 1236 692 1272 leta.

526 1296 579 1330 Ex
603 1293 687 1330 istis
706 1293 907 1342 colligitur
931 1295 1039 1343 quod
1065 1295 1208 1330 modus
1232 1295 1353 1331 flendi
1383 1304 1419 1331 et
1450 1295 1610 1332 dolendi
1634 1296 1781 1333 Christi

469 1361 527 1388 est
561 1352 678 1400 plane
710 1351 971 1389 instructivus
1003 1352 1131 1389 tocius
1165 1353 1344 1390 ecclesie.
1380 1355 1480 1391 Cum
1512 1353 1615 1391 enim
1649 1354 1781 1391 omnis

469 1409 617 1446 Christi
645 1410 756 1446 accio
779 1410 829 1446 sit
851 1420 989 1447 nostra
1012 1410 1244 1457 instruccio,
1269 1420 1378 1460 patet
1402 1413 1508 1460 quod
1531 1425 1611 1448 non
1635 1412 1782 1449 faceret

467 1477 549 1504 tam
597 1467 779 1505 mirabile
823 1481 923 1517 opus
969 1478 1005 1505 et
1049 1468 1276 1517 specialiter
1314 1469 1354 1505 in
1393 1483 1565 1518 persona
1604 1470 1781 1519 propria,
1798 1484 1840 1505 20

467 1526 543 1563 nisi
575 1526 753 1563 notabile
786 1526 1053 1563 ministerium
1095 1527 1258 1564 ecclesie
1294 1527 1501 1565 indicaret.
1554 1530 1644 1565 Non
1677 1529 1781 1565 enim

468 1584 561 1621 facit
585 1584 801 1633 quicquam
828 1597 871 1621 ex
893 1585 1166 1622 indifferencia
1191 1598 1262 1622 nec
1286 1585 1370 1622 sine
1392 1586 1561 1623 notabili
1586 1595 1622 1622 et
1645 1587 1782 1635 patula

469 1643 643 1679 racione.
698 1644 772 1678 Per
817 1644 893 1679 hoc
937 1655 1029 1691 ergo
1078 1643 1319 1680 informatur
1357 1643 1413 1680 vis
1459 1644 1782 1692 concupiscibilis

469 1700 633 1737 humani
666 1700 840 1749 generis3
874 1713 945 1749 per
977 1702 1052 1737 hoc
1085 1701 1320 1737 instruimur
1353 1704 1558 1751 quomodo
1592 1704 1781 1739 debemus

469 1758 647 1807 compati
680 1759 869 1795 fratribus
902 1759 1048 1795 nostris
1073 1768 1109 1795 et
1133 1761 1338 1808 quomodo
1363 1762 1553 1797 debemus
1576 1760 1781 1809 passiones
1798 1764 1838 1797 25

469 1816 650 1865 corporis
684 1825 921 1865 temperare.

531 1876 673 1920 Quoad
707 1875 881 1924 primum
916 1884 1024 1923 patet
1058 1877 1165 1923 quod
1199 1876 1314 1911 dolor
1346 1876 1505 1923 perditi,
1540 1876 1781 1912 desiderium

472 1932 644 1969 habendi
684 1943 721 1969 et
760 1946 874 1969 amor
913 1933 1038 1969 habiti
1078 1933 1117 1969 in
1156 1946 1228 1969 suo
1267 1946 1410 1981 genere
1454 1936 1781 1982 correspondent.

471 1992 563 2027 Ideo
598 2003 686 2027 eum
723 1993 913 2028 debemus
936 1990 1136 2028 infinitum
1160 1992 1248 2039 plus
1278 1992 1564 2040 concupiscere
1588 2002 1624 2029 et
1647 2005 1782 2029 amare

470 2050 575 2085 bona
608 2049 739 2097 gracie
773 2062 893 2098 quam
928 2050 1032 2086 bona
1064 2058 1206 2086 nature
1238 2051 1299 2086 vel
1331 2050 1502 2097 fortune,
1535 2059 1644 2099 patet
1674 2052 1781 2099 quod
1799 2056 1840 2088 30

470 2108 661 2143 debemus
706 2107 904 2143 infinitum
952 2108 1041 2156 plus
1086 2109 1134 2143 de
1179 2119 1316 2143 eorum
1368 2108 1599 2156 perdicione
1647 2109 1782 2145 dolere

471 2178 590 2214 quam
626 2166 673 2201 de
706 2164 939 2213 perdicione
972 2165 1245 2213 cuiuscunque
1279 2166 1372 2201 boni
1406 2166 1583 2213 alterius,
1620 2175 1656 2203 et
1689 2179 1777 2203 cum

470 2223 643 2271 primum
679 2222 718 2259 in
750 2235 892 2271 genere
927 2224 1042 2259 debet
1076 2235 1161 2259 esse
1195 2232 1365 2260 metrum
1390 2223 1571 2260 omnium
1595 2224 1779 2268 aliorum,

470 2289 579 2329 patet
624 2283 732 2329 quod
782 2294 989 2330 nunquam
1037 2283 1228 2318 debemus
1280 2282 1415 2318 dolere
1457 2283 1518 2318 vel
1568 2282 1662 2318 flere
1705 2282 1781 2319 nisi

472 2340 632 2387 quando
683 2339 877 2387 contingit
928 2339 1108 2387 perdicio
1160 2341 1356 2376 bonorum
1403 2339 1547 2387 gracie,
1598 2353 1671 2388 pro
1715 2340 1781 2377 illa
1797 2343 1837 2377 35

472 2397 644 2433 dolendo
689 2397 966 2445 principaliter
1010 2406 1047 2434 et
1092 2410 1164 2445 pro
1209 2397 1295 2434 aliis
1341 2397 1562 2434 accessorie
1606 2407 1643 2434 et
1689 2410 1781 2434 cou-

471 2464 696 2504 sequenter.
751 2457 798 2491 Et
840 2455 908 2492 illa
947 2456 1083 2504 regula
1124 2457 1307 2493 domaret
1345 2455 1385 2492 in
1425 2455 1592 2492 ecclesia
1638 2457 1781 2493 multas

541 2620 559 2639 1.
582 2611 606 2638 t»
628 2612 657 2638 in
680 2620 795 2646 marg:
829 2612 969 2640 Christus
994 2621 1054 2640 non
1080 2613 1179 2640 doluit
1200 2621 1261 2648 pro
1288 2613 1393 2649 aliquo
1420 2613 1553 2647 dampno
1580 2613 1719 2640 naturali
1736 2614 1784 2640 vel

471 2647 638 2681 temporali
653 2647 707 2673 sed
724 2645 912 2674 solummodo
930 2656 991 2683 pro
1007 2651 1135 2683 peccato
1154 2656 1240 2674 secus
1259 2648 1297 2674 de
1316 2647 1425 2675 dolore
1443 2656 1558 2675 sensus:
1619 2648 1642 2675 5.
1659 2647 1703 2674 H:
1725 2656 1782 2678 ea,-

470 2681 510 2708 ib.
534 2682 605 2708 DC:
627 2681 741 2708 habuit.
816 2683 842 2709 o.
865 2682 938 2709 DG:
960 2682 1165 2711 consumitur.-
1185 2682 1225 2709 ib.
1242 2682 1314 2709 HG:
1336 2682 1481 2718 lzocfuit.
1555 2691 1582 2716 7.
1604 2682 1646 2709 D:
1668 2682 1780 2709 veridi-

470 2717 577 2742 cantis.
651 2716 677 2742 S.
699 2716 742 2743 H:
769 2724 885 2743 omnem
906 2717 999 2745 deest.
1074 2725 1107 2744 11.
1129 2717 1171 2743 H:
1195 2717 1323 2751 proprii
1341 2717 1435 2744 deest.
1509 2725 1547 2743 η’.
1568 2716 1611 2744 Η;
1634 2724 1698 2743 cum
1719 2724 1779 2744 non

468 2750 571 2785 potuit
590 2750 758 2785 dampnosa
780 2751 951 2785 dampnum.
1045 2750 1081 2779 13.
1098 2751 1170 2778 DG:
1188 2752 1291 2786 potuit
1311 2751 1404 2778 deest.
1495 2758 1535 2778 21.
1555 2751 1658 2779 ADH:
1681 2751 1780 2778 miste-

471 2785 566 2817 rium,·
594 2785 634 2811 ib.
655 2785 759 2812 ADH:
787 2786 865 2812 enim
886 2786 980 2812 deest.
1059 2794 1102 2820 22,
1125 2785 1166 2812 23.
1191 2786 1232 2812 H:
1261 2789 1291 2813 et
1307 2789 1393 2820 patet
1412 2793 1430 2813 a
1453 2786 1588 2813 racione.
1667 2793 1713 2820 29.
1736 2785 1778 2812 H:

478 2819 546 2846 ideo
574 2820 667 2846 deest.
777 2818 814 2846 31.
843 2819 1013 2854 1'nfim'tu7n;
1039 2822 1082 2848 A:
1111 2819 1259 2855 insiliam:
1284 2820 1323 2847 ib.
1346 2822 1388 2847 A:
1418 2820 1531 2848 dolore.
1639 2819 1682 2847 33.
1703 2820 1727 2846 D
1749 2820 1779 2846 in

472 2862 585 2888 marg:
611 2854 733 2889 Regula
758 2854 850 2881 datur
876 2855 1002 2882 dolendi
1025 2858 1055 2882 et
1069 2855 1174 2891 flendi
1198 2855 1376 2882 rectissima.
1459 2853 1504 2882 36.
1532 2855 1605 2883 DH:
1632 2858 1659 2884 et
1685 2854 1778 2883 deest.

472 2888 515 2923 37.
536 2890 580 2916 A:
603 2889 714 2926 regula
735 2889 828 2916 deest.
