2062 3276
277 236 413 266 senno
433 225 544 283 xm]
757 238 949 279 QUARTA
976 238 1102 269 PARS.

279 345 397 382 stiani
420 358 492 381 non
515 353 701 382 secuntur
721 344 918 381 Christum
944 345 979 380 in
1004 344 1175 379 moribus
1197 355 1269 379 non
1293 351 1380 379 sunt
1399 343 1590 380 veraciter

278 403 481 440 christiani
523 403 648 440 eciam
693 414 795 451 pape
834 411 871 438 et
909 401 976 438 alii
1020 409 1200 450 pastores
1246 400 1429 445 ecclesie;
1482 402 1589 438 unde

188 460 471 519 F01.J0h²¹¹¹1¹i⁵
514 462 583 507 XO,
624 473 685 507 11,
726 470 771 496 12
826 460 1070 497 declarando
1114 471 1154 496 se
1200 458 1332 507 ipsum
1386 459 1589 507 exemplar

183 531 264 566 3301‘
278 528 487 568 pastorum
512 531 613 568 quos
637 517 733 555 dicit
761 515 766 569 Ι
795 526 981 566 oportere
1003 517 1171 553 animam
1191 529 1339 567 ponere
1356 529 1433 566 pro
1457 515 1590 554 ovibus

246 577 474 614 5subinfert
506 578 554 613 de
593 575 842 613 mercenario
875 588 994 625 quem
1029 574 1124 611 dicit
1157 588 1228 611 non
1262 587 1344 611 esse
1370 582 1585 624 pastorem,

279 648 321 673 eo
365 636 467 685 quod
509 647 581 671 non
623 635 736 671 habet
779 646 867 670 oves
908 633 1111 684 proprias,
1162 633 1230 669 sed
1275 633 1406 669 videns
1457 633 1587 682 lupum

279 694 486 730 venientem
521 692 676 729 dimittit
708 704 797 729 oves
829 699 864 729 et
884 692 1012 743 sugit.
1046 693 1175 740 Super
1207 703 1287 739 quo
1321 691 1417 727 dicit
1449 692 1589 727 beatus

279 750 513 800 Gregorius:
548 751 634 786 Non
662 757 803 800 pastor
833 751 902 786 sed
932 749 1196 786 mercenarius
1229 756 1390 785 vocatur
1421 749 1486 798 qui
1515 761 1588 785 non

273 822 350 860 pro
393 822 528 846 amore
570 808 703 845 intimo
753 820 842 844 oves
891 808 1102 845 dominicas
1149 808 1219 844 sed
1261 807 1313 843 ad
1355 807 1590 857 temporales

226 869 476 905 lomercedes
502 867 641 917 pascit.
687 867 958 903 AIercenarius
995 866 1133 916 quippe
1163 872 1219 901 est
1251 865 1315 914 qui
1352 866 1476 902 locum
1510 865 1589 915 qui-

279 927 364 962 dem
392 926 566 976 pastoris
608 933 720 969 tenet,
762 926 831 961 sed
875 925 1026 961 lucrum
1071 924 1291 960 animarum
1337 936 1408 960 non
1453 923 1592 973 querit,

278 985 445 1021 terrenis
476 983 689 1021 commodis
716 983 850 1031 inhiat,
883 984 1028 1019 honore
1044 982 1282 1032 prelacionis
1302 982 1464 1032 gaudet,
1496 989 1590 1018 tem-

274 1043 477 1092 poralibus
510 1042 631 1079 lucris
657 1041 850 1091 pascitur,
882 1041 1053 1091 impensa
1086 1040 1158 1076 sibi
1189 1040 1413 1076 reverencia
1444 1041 1490 1076 ab
1524 1040 1590 1076 lzo-

279 1101 441 1137 minibus
484 1101 640 1144 letatur,
685 1111 832 1136 merces
874 1100 965 1136 talis
1007 1098 1240 1135 mercenarii
1274 1098 1335 1134 lzic
1378 1098 1592 1148 colligitur,

227 1161 352 1195 1511011
386 1159 422 1195 in
443 1159 631 1208 futurum
665 1159 700 1194 in
734 1157 949 1194 hereditate
968 1157 1110 1208 gregis
1133 1156 1324 1193 dominici.
1364 1156 1465 1206 Quia
1493 1169 1591 1207 ergo

281 1217 544 1254 mercenarius
576 1223 644 1263 est,
676 1223 783 1253 stare
814 1216 850 1252 in
877 1216 1055 1266 periculo
1089 1228 1161 1251 non
1180 1222 1322 1265 potest,
1355 1215 1445 1250 dum
1479 1215 1514 1250 in
1548 1227 1590 1250 eo

280 1276 382 1324 quod
412 1275 544 1311 ovibus
570 1282 716 1324 preest,
760 1287 833 1311 non
873 1287 962 1311 oves
1001 1273 1131 1324 diligit
1162 1273 1231 1310 sed
1263 1274 1414 1309 lucrum
1453 1273 1589 1321 querit.

280 1334 384 1369 Dum
419 1333 515 1369 enim
549 1333 733 1369 honorem
766 1333 1026 1382 amplectitur,
1060 1333 1150 1368 dum
1183 1332 1460 1381 temporalibus
1488 1343 1590 1367 com-

281 1392 406 1428 modis
438 1392 594 1435 letatur,
627 1403 821 1441 opponere
852 1403 892 1426 se
922 1398 1058 1427 contra
1076 1390 1294 1440 periculum
1324 1390 1509 1440 trepidat,
1547 1401 1592 1425 ne

225 1450 351 1486 2olzoc
383 1450 485 1498 quod
516 1449 647 1500 diligit
678 1449 842 1485 amittat.

339 1510 393 1544 Ex
435 1507 639 1544 sentencia
683 1507 800 1544 huius
846 1506 1042 1555 passionis
1086 1515 1177 1555 post
1222 1506 1373 1543 dictum
1417 1505 1590 1554 pastoris

280 1566 428 1602 summi
462 1579 551 1603 cum
586 1565 691 1602 facto
724 1565 970 1614 prelatorum
994 1565 1151 1602 videtur
1174 1566 1281 1613 quod
1306 1564 1422 1601 multi
1445 1576 1590 1601 vocan-

280 1633 345 1660 tur
376 1624 659 1661 nominetenus
692 1633 872 1672 pastores
905 1623 973 1672 qui
1006 1632 1142 1660 tamen
1176 1632 1267 1660 sunt
1306 1623 1449 1671 perfidi
1491 1635 1591 1658 mer-

280 1682 444 1729 cenarii,
478 1682 571 1731 quia
593 1695 732 1719 omnes
756 1682 824 1731 qui
846 1683 935 1730 plus
959 1682 1129 1730 diligunt
1152 1683 1299 1719 fastum
1322 1682 1383 1718 vel
1406 1689 1591 1729 questum

223 1743 263 1775 25
280 1741 400 1777 seculi
433 1754 554 1789 quam
588 1741 758 1777 salutem
793 1740 1022 1777 animarum
1058 1753 1102 1777 ex
1134 1753 1207 1777 sua
1239 1739 1447 1776 meritoria
1481 1738 1591 1775 edifi-

280 1799 458 1845 cacione,
504 1799 577 1835 etsi
616 1812 697 1835 non
738 1808 830 1835 sunt
861 1807 1056 1847 pastores,
1098 1812 1178 1835 non
1211 1807 1303 1835 sunt
1334 1810 1450 1846 pape,
1490 1797 1592 1845 epis-

280 1857 370 1905 copi
408 1858 467 1894 vel
512 1866 700 1904 rectores,
745 1870 836 1893 cum
881 1857 1089 1905 quodlibet
1133 1856 1303 1893 istorum
1350 1856 1401 1892 sit
1444 1868 1592 1892 nomen

279 1915 416 1951 officii.
450 1915 560 1951 Sicut
593 1928 686 1963 ergo
721 1914 993 1952 mercenarius
1031 1928 1111 1951 non
1150 1914 1311 1963 exponit
1342 1927 1382 1951 se
1415 1914 1594 1962 periculo

282 1973 422 2010 mortis
466 1982 632 2022 propter
677 1974 807 2019 blada,
855 1973 1001 2009 bestias
1045 1974 1103 2009 ve]
1150 1973 1229 2010 alia
1274 1974 1379 2009 bona
1425 1971 1592 2008 mobilia

225 2036 265 2066 '50
281 2044 358 2079 que
391 2032 578 2079 custodit,
612 2033 775 2080 quando
809 2031 935 2068 credit
958 2031 1099 2068 exhinc
1122 2032 1288 2080 perdere
1314 2031 1469 2067 lucrum
1495 2039 1592 2066 tem-

280 2091 417 2138 porale
450 2103 522 2138 pro
556 2103 636 2138 quo
669 2089 921 2136 conducitur,
956 2102 1001 2126 eo
1035 2091 1142 2138 quod
1176 2089 1358 2138 predicta
1389 2102 1470 2125 non
1503 2097 1594 2124 sunt

281 2149 385 2184 bona
430 2161 499 2185 sua
547 2148 723 2197 propria,
771 2161 844 2184 nec
891 2149 1065 2184 fructum
1112 2160 1155 2184 ex
1200 2148 1255 2184 eis
1300 2156 1480 2196 expectat
1519 2146 1592 2182 nisi

281 2207 452 2243 annuale
497 2206 762 2255 stipendium3
807 2206 862 2243 sic
903 2215 958 2242 est
998 2208 1045 2242 de
1084 2206 1213 2243 avaris
1258 2205 1488 2254 propositis,
1535 2204 1592 2240 Illi

280 2277 374 2312 ergo
407 2264 675 2312 ingratissime
699 2266 891 2301 frustrant
918 2265 1037 2301 finem
1062 2264 1259 2312 passionis
1283 2263 1429 2301 Christi
1453 2266 1594 2311 (quan-

224 2326 262 2357 35
280 2331 364 2358 tum
406 2322 445 2358 in
484 2322 579 2371 ipsis
619 2325 692 2370 est)
732 2332 769 2359 et
808 2332 900 2359 sunt
944 2322 1106 2359 indubie
1150 2322 1312 2370 pessimi
1345 2321 1591 2358 Antichristi.

283 2382 338 2416 De
372 2394 451 2429 quo
485 2394 563 2417 non
598 2381 660 2418 hic
693 2382 761 2418 sed
795 2381 889 2418 alibi
924 2381 990 2418 fiet
1023 2394 1168 2418 sermo.

350 2512 370 2537 1,
393 2512 416 2530 2.
438 2505 482 2531 A:
510 2512 569 2531 uon
594 2508 738 2531 secuntur
765 2520 792 2523 —
820 2504 988 2531 christiani
1011 2504 1106 2530 deest.
1214 2504 1238 2531 5.
1268 2504 1310 2531 H:
1337 2503 1482 2539 quoniam
1509 2504 1592 2530 dicit.

281 2539 308 2564 ¹3.
331 2540 375 2565 A:
402 2546 462 2565 non
483 2539 603 2566 liabent.
701 2547 738 2566 21.
762 2540 804 2566 D:
832 2539 921 2565 liuius
937 2539 1082 2574 pastoris.
1182 2546 1228 2571 21.
1250 2540 1279 2565 A
1299 2539 1329 2565 in
1351 2547 1465 2573 marg:
1494 2539 1595 2569 Nsslzh'

283 2573 305 2598 Ι)
328 2574 356 2599 in
379 2581 491 2611 marg:
521 2573 600 2600 Nata
621 2574 658 2601 dc
678 2574 886 2601 mercenarizlc.
965 2574 1012 2601 26.
1034 2574 1078 2601 H:
1104 2581 1165 2601 non
1185 2576 1258 2601 sunt
1276 2574 1379 2600 before
1395 2582 1478 2612 ‘rupe
1498 2574 1590 2601 deest.

281 2609 323 2633 Ἠ,
342 2608 365 2634 Ι)
382 2617 411 2635 in
428 2617 523 2642 marg.
538 2619 543 2635 τ
565 2608 644 2636 Nota
664 2609 702 2635 de
720 2609 934 2637 mercenariis.
1009 2607 1054 2642 34.
1071 2609 1144 2636 DG:
1166 2609 1286 2644 igitur,-
1306 2609 1344 2635 ib.
1362 2608 1593 2643 1⁷›1Jr11xt1-mu.

349 2679 380 2710 8.
413 2681 446 2711 S.
474 2680 628 2721 Gregorii
664 2681 700 2711 In
734 2681 867 2723 Evang.
901 2680 958 2711 lib.
986 2681 1007 2719 I,
1043 2681 1145 2711 Hom.
1171 2681 1259 2720 XIV,
1292 2680 1313 2711 l.
1341 2692 1368 2713 c.
1396 2691 1473 2723 pag.
1499 2680 1592 2721 1485.

286 2737 334 2766 ¹4·
373 2726 458 2757 Ibid.
490 2727 576 2757 Istae
608 2734 688 2758 sunt
721 2728 848 2758 etenim
882 2738 1014 2758 merces
1047 2728 1247 2758 mercenarii
1281 2734 1319 2757 ut
1350 2739 1412 2769 pro
1445 2739 1486 2758 eo
1519 2729 1594 2768 ipso

280 2774 373 2814 quod
402 2773 434 2803 iu
462 2774 629 2814 regimine
655 2773 800 2813 laborat,
825 2774 882 2805 hic
909 2774 1004 2815 quod
1034 2775 1147 2815 quc-rit
1172 2774 1325 2805 inveniat
1357 2781 1389 2806 et
1421 2774 1462 2805 ab
1494 2773 1592 2805 herc*

281 2820 384 2850 ditate
410 2820 524 2860 gregis
553 2821 584 2849 {n
612 2827 790 2861 posterum
818 2821 950 2851 alienus
978 2821 1109 2851 existat.
1258 2820 1307 2852 15.
1335 2821 1418 2852 [bid.
1446 2821 1510 2851 loc.
1537 2821 1591 2851 cit,

280 2877 356 2907 pag.
383 2865 476 2905 54813.

1799 230 1875 277 367

1618 1513 1709 1549 Many
1730 1522 1764 1539 so
1785 1514 1879 1541 called

1653 1552 1775 1583 pastors
1796 1557 1846 1575 arc

1616 1592 1701 1611 more
1722 1583 1879 1617 hirclings.
