2062 3276
212 246 348 277 samio
369 236 438 295 vr]
692 251 883 290 QUARTA
911 252 1037 284 mas.

211 366 462 404 vagarentur.
508 357 584 394 Sed
617 367 776 405 oportet
815 370 858 394 ex
899 358 976 395 fide
1009 358 1130 406 priori
1165 360 1385 396 concedere
1417 363 1522 408 quod

212 416 392 451 membra
425 415 601 461 ecclesie,
635 415 727 452 licet
756 425 936 452 rarenter
967 416 1115 453 fuerint
1138 417 1178 453 in
1211 426 1348 454 nostra
1371 418 1523 455 habita-

211 472 277 508 bili
311 473 519 519 seminata‚
559 486 638 509 non
678 474 862 510 obstante
900 483 983 511 tota
1021 474 1096 511 ista
1128 475 1436 523 perturbacione
1467 485 1524 512 tot

210 530 384 567 hostium
418 540 509 567 sunt
542 531 581 566 in
614 544 724 579 pace,
759 531 852 580 quia
884 531 986 568 absit
1019 533 1126 581 quod
1150 535 1256 570 Deus
1280 543 1414 570 noster
1436 547 1523 581 per-

177 587 385 626 5mitteret
431 601 569 637 pacem
617 597 654 625 et
691 590 861 626 salutem
902 590 1074 626 filiorum
1114 603 1278 627 suorum
1318 605 1340 628 a
1378 591 1523 628 talibus

209 647 387 694 d>abolis
435 648 675 695 dependere.
725 647 934 684 Custodiat
982 661 1074 696 ergo
1122 649 1290 698 quilibet
1338 658 1519 686 nostrum

159 706 428 760 5{secundum
448 705 618 742 formam
637 704 832 753 scripture
848 715 987 743 contra
1004 707 1135 742 hostes
1151 707 1284 744 anime
1313 704 1317 760 Ι
1346 716 1520 744 castrum

207 775 322 798 suum
357 771 394 799 et
426 762 467 798 in
499 775 597 811 pace
635 772 728 799 sunt
765 763 902 800 omnia
941 777 1018 813 que
1057 764 1252 812 possiden
1299 779 1389 802 cum
1429 765 1521 802 licet

208 822 314 856 Deus
347 829 479 869 posset
512 820 643 857 dicere
682 823 790 870 quod
828 831 992 870 propter
1030 822 1131 859 filios
1169 835 1260 860 suos
1300 836 1450 872 paucos
1485 832 1522 860 et

154 890 318 915 roraros
350 879 477 915 factus
510 879 559 915 sit
590 879 688 916 sicut
721 880 781 915 vir
812 880 876 928 qui
906 888 996 930 post
1035 881 1265 917 vindemiam
1303 889 1521 932 congregat

207 949 382 973 racemos
418 950 569 985 paucos
607 937 647 973 in
680 950 751 974 sua
783 938 898 974 vinea
930 938 1153 985 derelictos,
1193 948 1328 976 tamen
1368 952 1411 976 ex
1444 940 1521 975 fide

206 995 397 1031 debemus
430 997 592 1032 credere
624 997 732 1044 quod
765 995 796 1031 si
829 996 1090 1044 predestinati
1124 1010 1262 1034 sumus
1294 998 1411 1046 longe
1434 998 1520 1045 plu-

205 1065 266 1089 res
311 1062 347 1089 et
391 1053 644 1101 potenciores
688 1053 900 1090 nobiscum
945 1064 1037 1091 sunt
1076 1068 1196 1103 quarn
1238 1068 1328 1092 cum
1374 1055 1519 1092 nostris

206 1111 443 1147 adversariis
476 1111 543 1160 qui
576 1111 782 1148 invadunt.

152 1171 186 1203 15
259 1170 487 1206 Teneamus
520 1183 612 1218 ergo
645 1169 765 1206 fidem
798 1172 906 1218 quod
939 1170 994 1206 illi
1027 1184 1107 1207 non
1140 1181 1309 1219 possunt
1333 1171 1407 1207 nisi
1432 1184 1517 1208 cor-

203 1239 275 1274 pus
308 1236 488 1263 nostrum
522 1227 717 1274 occidere,
742 1229 850 1277 quod
882 1228 913 1264 si
936 1229 1086 1265 faciunt
1109 1238 1264 1266 servata
1286 1229 1517 1266 constancia

203 1294 240 1321 et
271 1285 429 1332 virtute,
463 1298 625 1322 necesse
657 1295 714 1322 est
737 1295 943 1323 auctorem
968 1287 1076 1334 pacis
1099 1287 1139 1323 in
1162 1287 1349 1324 cordibus
1372 1287 1517 1324 nostris

203 1356 342 1391 pacem
388 1353 623 1392 perpetuam
669 1344 858 1381 stabilire.
906 1345 1003 1390 Quis
1043 1358 1135 1393 ergo
1174 1354 1255 1382 tam
1293 1359 1431 1382 vecors
1477 1345 1515 1381 in

203 1401 337 1438 anima
375 1403 435 1438 vel
472 1402 638 1450 ignavus
677 1402 745 1450 qui
784 1402 1013 1440 considerat
1051 1405 1158 1452 quod
1191 1413 1352 1452 oportet
1383 1403 1512 1452 ipsum

145 1469 187 1491 20
201 1459 428 1496 necessario
461 1460 562 1496 mori
601 1469 638 1496 et
676 1473 757 1497 non
795 1461 983 1497 leviorem
1016 1462 1077 1498 vel
1114 1462 1202 1509 plus
1239 1461 1514 1510 gloriosiorem

202 1527 371 1554 mortem
405 1531 526 1567 quam
561 1527 731 1555 mortem
766 1532 838 1566 pro
871 1519 977 1556 dicta
1009 1532 1107 1567 pace
1147 1520 1310 1557 ecclesie
1350 1529 1386 1556 et
1426 1533 1515 1568 pro-

200 1575 286 1623 pria
330 1577 553 1613 tollerando
591 1590 672 1612 non
709 1586 912 1625 gratanter
944 1579 1045 1614 hanc
1091 1587 1262 1614 mortem
1307 1579 1433 1615 levem
1479 1588 1515 1614 et

199 1634 399 1670 salubrem
452 1634 656 1682 pacienter
709 1636 912 1672 tolleraret
959 1645 996 1672 et
1044 1636 1098 1672 sic
1146 1649 1217 1684 per
1262 1635 1428 1673 virtutes
1478 1645 1514 1672 et

199 1692 426 1739 specialiter
458 1692 665 1729 caritatem
691 1693 946 1731 continuatas
969 1707 1096 1743 usque
1119 1696 1168 1731 ad
1193 1704 1361 1731 mortem
1388 1695 1515 1741 factus

143 1750 183 1781 25
200 1749 273 1786 erit
304 1750 343 1786 in
377 1763 474 1798 pace
508 1761 701 1799 perpetua
734 1752 844 1788 locus
878 1752 974 1789 eius.

119 683 192 714 Fol.

705 1888 899 1929 SERMO
932 1889 1002 1929 VI.

659 1967 789 2000 (serm.
817 1967 928 1995 Mixti
955 1967 1047 2001 xm.)

260 2040 356 2076 Cum
401 2041 587 2086 ieiunatis,
640 2042 755 2078 nolite
793 2042 901 2092 fieri,
959 2043 1056 2078 sicut
1106 2043 1305 2095 Ui'pocrite.
1367 2044 1506 2080 tristes.

197 2100 448 2145 Matth.V10,
489 2101 549 2135 16.

141 2159 182 2191 30
255 2158 340 2193 Hoc
380 2157 627 2205 evangelium
662 2159 778 2194 docet
811 2160 1016 2207 quomodo
1051 2168 1107 2195 est
1140 2172 1162 2195 a
1196 2159 1379 2196 fidelibus
1412 2160 1508 2196 ieiu-

195 2216 389 2261 nandum,
441 2217 617 2252 cavendo
663 2229 685 2252 a
732 2226 896 2264 peccato
940 2217 1132 2265 ypocrisis
1178 2227 1215 2254 et
1261 2218 1508 2254 intendendo

196 2272 287 2309 fidei
320 2272 560 2310 devocionis.
595 2274 635 2310 Si
668 2274 773 2310 enim
807 2275 981 2322 perfecte
1014 2287 1153 2312 caveas
1185 2277 1233 2312 ab
1267 2276 1453 2324 ypocrisi,
1487 2290 1508 2313 a

195 2340 360 2378 peccato
406 2331 585 2380 quolibet
625 2345 664 2368 es
702 2332 907 2379 immunis,
954 2333 1047 2382 quia
1085 2333 1187 2369 sicut
1225 2343 1282 2370 est
1314 2334 1508 2371 connexio

193 2388 401 2436 virtutum,
435 2389 489 2426 sic
523 2389 650 2426 eciam
684 2399 957 2438 peccatorum.
998 2394 1077 2427 Nec
1112 2401 1170 2427 est
1203 2392 1391 2440 possibile
1424 2405 1507 2429 esse

137 2448 177 2481 35
194 2447 397 2484 hominem
430 2447 505 2484 nisi
540 2448 645 2485 dicat
678 2461 718 2485 se
751 2449 987 2486 naturaliter
1020 2462 1103 2485 esse
1135 2451 1185 2486 ad
1219 2450 1290 2487 Dei
1323 2450 1508 2488 similitu-

254 2604 338 2666 &EI-
351 2604 594 2644 fotmavzfidei
611 2608 641 2632 et
658 2606 739 2641 scrip
743 2609 820 2632 ture.
899 2614 928 2637 o.
948 2607 1006 2634 Iin
1028 2615 1142 2646 maigst
1170 2606 1266 2635 Pauci
1281 2607 1430 2643 suntfilii
1446 2609 1505 2636 dei.

194 2647 233 2673 17

344 2640 375 2667 in
395 2640 489 2666 deest.
546 2639 586 2667 18.
602 2639 671 2667 DE:
691 2641 835 2668 stzbzffllzrz.
893 2649 934 2677 19.
950 2643 995 2669 A:
1017 2650 1133 2670 ammo.
1195 2650 1240 2669 20.
1256 2644 1301 2670 A:
1321 2644 1504 2678 gloriosum.

193 2681 206 2700 2
252 2681 295 2701 22.
318 2674 361 2701 D:
383 2674 522 2712 proprie
631 2673 673 2702 23
695 2676 739 2702 A.
760 2676 900 2717 pacifice
1008 2676 1050 2704 25.
1073 2677 1112 2704 E:
1139 2677 1214 2705 eius
1241 2678 1389 2712 Sequitur
1407 2679 1503 2705 a’.lmd

191 2709 219 2735 1:
241 2709 305 2735 eius
326 2712 382 2736 etc.
456 2709 500 2736 26.
522 2710 550 2737 A
571 2709 599 2736 in
622 2718 717 2745 marg.
730 2720 736 2737 ε
758 2710 866 2737 Sermo
892 2711 946 2739 l':l
967 2711 990 2738 D
1013 2711 1041 2738 in
1065 2720 1160 2746 mam.
1182 2712 1210 2739 in
1234 2713 1284 2740 red
1306 2713 1374 2740 ink:
1396 2714 1503 2740 Sermo

191 2752 221 2770 m
242 2744 344 2778 εηῐίε
363 2744 481 2775 ieiuni&
501 2752 533 2777 ,ι
573 2744 664 2771 Hic>
652 2753 753 2772 <mmo
773 2745 802 2772 in
825 2746 916 2774 codd
937 2746 1037 2773 ADF.
1059 2747 1196 2774 hibetur.

260 2838 291 2861 1).
320 2826 371 2857 Cf.
398 2826 574 2858 Mic-haeae
601 2828 670 2861 xH
703 2838 729 2859 1.
849 2827 900 2859 213.
930 2829 1058 2870 Gospel
1088 2829 1140 2860 f·01
1167 2828 1236 2860 Ash
1249 2831 1312 2860 -Vx
1315 2831 1502 2866 edneslax

193 2872 245 2903 Cf.
261 2873 419 2915 &meliis
445 2875 621 2906 Sermons.
649 2875 702 2906 ed,
728 2874 772 2917 b)
800 2876 941 2915 Arnold
969 2875 1005 2909 II
1033 2886 1110 2917 pag.
1138 2877 1190 2909 3⁸.

1342 2944 1364 2975 4

1759 258 1812 296 49

1591 1178 1644 1205 Let
1666 1187 1700 1206 us
1722 1179 1757 1206 be

1550 1213 1665 1247 willing
1685 1218 1715 1240 10
1737 1215 1784 1241 die

1555 1248 1602 1274 for
1622 1249 1671 1275 the
1691 1251 1783 1275 trum.

1557 2167 1587 2194 If
1602 2168 1663 2195 nee
1683 2168 1762 2196 stom

1543 2202 1719 2241 11)’“χροριίς)
1741 2213 1786 2231 xxc

1548 2245 1597 2264 mue
1618 2238 1679 2264 nee
1699 2226 1778 2266 ἷῖοιη

1601 2273 1637 2299 ul
1661 2274 1719 2307 sin,
