2062 3276
186 2374 260 2406 1³01.

183 2422 198 2453 ’ᾖ
210 2419 259 2450 18⁰

277 241 413 270 SERMO
436 229 544 288 xxx]
761 245 952 286 QUARTA
980 245 1105 278 mas.
1799 250 1818 274 2
1829 238 1845 275 5
1857 252 1877 285 9

278 352 409 401 primo
443 352 537 400 quia
570 352 625 388 sic
659 353 837 389 ociantes
872 354 963 388 dant
997 354 1120 388 locum
1156 354 1308 389 diabolo
1333 363 1472 390 contra
1497 355 1590 390 doc-
1622 361 1688 389 Heu
1710 362 1782 401 qnly
1803 362 1862 389 will

278 410 424 447 trinam
459 409 642 458 Apostoli
676 412 887 458 Eph.1V0,
913 420 978 458 27,
1014 410 1103 447 ideo
1136 423 1358 447 consonum
1392 421 1449 447 est
1482 413 1588 459 quod
1650 397 1838 458 ’ξῗὲζῖζῖυἷὴθ

278 477 471 516 perpetuo
506 469 677 504 habeant
706 469 838 504 locum
874 481 965 504 cum
999 468 1086 513 illo;
1120 468 1204 516 ipse
1238 468 1343 505 enim
1378 478 1436 505 est
1460 479 1591 517 pater-

277 525 448 562 familias
481 525 624 562 inferni
657 525 759 562 sicut
789 525 971 562 Christus
1004 525 1091 562 celi.
1126 528 1324 572 Secundo,
1360 527 1453 574 quia
1489 527 1591 563 inter

244 584 415 620 §omnia
455 596 627 632 corpora
665 594 771 620 terra
806 592 843 620 et
876 583 1103 632 specialiter
1142 584 1247 621 iuxta
1289 594 1468 621 centrum
1509 585 1591 628 (ubi

278 651 336 678 est
374 642 567 687 infernus)
606 650 662 678 est
702 654 847 690 corpus
887 641 1182 678 ociosissimum
1230 642 1339 691 (quia
1384 643 1592 679 immobile

279 709 316 735 et
348 699 673 745 infructuosum),
712 699 803 736 ideo
845 712 936 736 cum
975 701 1087 736 locus
1127 701 1243 737 debet
1280 700 1409 748 aptari
1450 709 1592 737 nature

278 757 460 804 locantis,
494 757 599 793 iusto
623 755 695 793 Dei
718 756 869 794 iudicio
899 757 1098 794 limitatur
1130 758 1356 795 ociantibus
1379 758 1444 795 ille
1467 759 1591 795 locus.

276 815 419 852 Tereia
452 815 561 852 racio
595 824 670 852 est:
706 815 921 852 Racionale
953 815 1110 852 videtur
1147 818 1255 865 quod
1288 817 1424 854 volens
1458 829 1497 853 se
1531 830 1592 853 ex-

224 874 403 910 ioaltare
448 873 625 910 indebite
670 873 905 910 humilietur
942 875 992 910 ad
1031 874 1300 921 contrarium3
1347 876 1415 911 sed
1459 875 1592 911 omnis

276 931 332 968 sic
371 931 508 968 ocians
554 931 749 979 presumit
795 931 990 968 innuitive
1034 931 1361 969 immobilitatem
1396 933 1482 973 Dei,
1529 933 1591 969 cui

274 1002 356 1026 non
393 990 477 1026 vult
516 989 680 1026 obedire
724 990 960 1035 laborando,
1006 990 1096 1026 ideo
1135 990 1299 1038 dignum
1340 1000 1396 1028 est
1430 992 1535 1040 quod
1571 1004 1592 1028 a

275 1049 367 1083 sede
400 1047 472 1084 Dei
513 1049 607 1096 (que
645 1048 775 1084 celum
810 1052 884 1094 est)
919 1048 969 1084 sit
1009 1048 1180 1084 maxime
1219 1049 1441 1097 elongatus.
1488 1051 1589 1086 Cum

279 1118 373 1153 ergo
408 1105 583 1142 medium
618 1114 722 1142 terre
755 1105 927 1142 maxime
961 1105 1079 1142 distet
1103 1119 1125 1142 a
1149 1107 1248 1153 celo,
1282 1107 1377 1155 quia
1401 1116 1457 1144 est
1480 1108 1592 1144 locus

223 1167 258 1198 15
276 1163 539 1209 bassissimus‚
565 1172 675 1212 patet
698 1165 806 1213 quod
829 1172 886 1200 est
909 1165 1021 1200 locus
1045 1164 1100 1201 sic
1123 1164 1274 1201 ocianti
1299 1165 1590 1202 convenientis-

276 1221 419 1267 simus3
460 1234 549 1258 cum
596 1234 690 1271 ergo
729 1235 799 1271 que
836 1223 1084 1259 seminaverit
1122 1224 1234 1259 homo
1273 1223 1344 1259 hoc
1388 1231 1422 1259 et
1467 1231 1593 1267 metet,

277 1289 387 1328 patet
419 1281 528 1328 quod
561 1289 667 1317 terra
699 1280 832 1317 cordis
865 1289 903 1317 et
935 1280 1115 1329 corporis
1148 1280 1275 1318 nostri
1308 1281 1339 1317 si
1369 1281 1419 1318 sit
1442 1281 1592 1319 inculta

276 1351 357 1374 non
390 1337 463 1374 erit
496 1338 716 1383 fructifera,
751 1340 819 1375 sed
852 1338 1031 1387 portabit
1056 1339 1192 1387 spinas
1215 1348 1252 1376 et
1276 1339 1445 1376 tribulos
1468 1339 1591 1376 vicio-

276 1409 363 1432 rum
398 1405 435 1432 et
467 1408 538 1444 per
571 1409 821 1445 consequens
860 1396 1022 1433 habebit
1062 1399 1289 1434 mercedem
1330 1398 1590 1446 condignam.

220 1469 261 1489 20
276 1456 377 1491 Nam
401 1455 537 1491 volens
562 1454 799 1491 contrariari
819 1457 916 1502 Deo,
951 1455 1195 1503 quiescendo
1218 1457 1381 1504 quando
1406 1457 1591 1492 laboran-

277 1514 370 1548 dum
418 1521 488 1558 est,
535 1514 651 1549 debet
696 1513 879 1561 superari
918 1526 940 1550 a
972 1526 1132 1550 summo
1176 1513 1321 1560 iudice,
1367 1515 1591 1551 laborando

277 1572 439 1619 quando
480 1570 766 1619 quiescendum
806 1580 875 1609 est.
927 1573 1033 1608 Deus
1079 1571 1184 1608 enim
1231 1581 1321 1620 post
1365 1585 1488 1621 opera
1528 1585 1591 1608 sex

275 1628 430 1665 dierum
475 1629 670 1677 requievit
717 1629 778 1666 die
823 1629 996 1677 septimo
1038 1638 1075 1666 et
1107 1639 1149 1666 tu
1181 1630 1239 1666 vis
1279 1630 1484 1679 quiescere
1530 1630 1592 1666 die

274 1686 421 1735 primo.
457 1688 572 1723 Unde
604 1688 733 1723 solum
767 1687 944 1724 infernus
977 1697 1033 1724 est
1065 1688 1178 1724 locus
1208 1698 1299 1737 post
1324 1688 1430 1725 diem
1454 1688 1591 1725 iudicii

218 1745 402 1781 25lab0ri
449 1745 620 1786 deditus,
666 1745 854 1782 omnibus
898 1746 1082 1794 partibus
1121 1746 1209 1783 aliis
1250 1747 1389 1783 mundi
1430 1747 1591 1795 quietis.

275 1804 363 1840 Stat
395 1813 529 1839 autem
564 1803 725 1840 fimacio
754 1813 859 1840 terre
889 1803 928 1840 in
958 1817 1030 1840 usu
1060 1805 1360 1853 temporalium,
1395 1815 1589 1853 quantum

276 1861 434 1909 expedit
481 1863 531 1897 ad
575 1861 741 1898 virtutes
789 1861 1116 1899 fructificandum
1163 1864 1226 1901 (de
1271 1863 1415 1911 quibus
1464 1863 1589 1909 alibi).

274 1921 402 1956 Terra
426 1932 519 1967 ergo
543 1919 598 1956 sic
622 1919 716 1956 trita
740 1929 777 1956 et
801 1920 939 1956 fimata
963 1929 1019 1957 est
1044 1933 1166 1968 capax
1190 1921 1352 1957 seminis
1375 1921 1483 1958 verbi
1504 1921 1589 1958 Dei.

335 1979 539 2022 Quantum
580 1979 629 2014 ad
668 1979 902 2023 secundum,
949 1987 1058 2026 patet
1091 1991 1134 2015 ex
1167 1992 1357 2027 processu
1398 1979 1590 2027 evangelii
1605 1983 1708 2022 Three
1730 1984 1821 2011 kinds
1846 1988 1873 2011 01

219 2038 260 2070 30
275 2037 383 2083 quod
416 2035 493 2072 tria
526 2048 672 2083 genera
704 2046 977 2084 peccatorum,
1011 2036 1160 2073 scilicet
1194 2037 1356 2083 diaboli,
1391 2037 1520 2074 carnis
1554 2047 1590 2074 et
1636 2020 1845 2089 ᾞὸᾞᾎξὲἒῗ

278 2093 417 2129 mundi
456 2102 612 2142 oportet
646 2094 841 2131 eradicari
875 2096 923 2131 de
956 2104 1062 2131 terra
1094 2104 1243 2139 nostra,
1283 2108 1332 2132 ne
1366 2095 1590 2144 germinent

277 2165 366 2188 cum
400 2152 549 2188 semine
582 2152 691 2188 verbi
725 2152 810 2189 Dei.
844 2155 892 2189 Et
925 2153 1056 2201 primo
1090 2162 1246 2201 oportet
1279 2153 1408 2191 caveri
1443 2155 1489 2190 de
1522 2153 1590 2190 tri—
1638 2167 1656 2185 1-
1680 2159 1851 2198 1³1·ide,tlic

276 2209 368 2257 plici
404 2219 570 2258 peccato
604 2210 768 2257 diaboli,
803 2220 839 2247 et
871 2211 1003 2259 primo
1037 2213 1083 2247 de
1117 2212 1304 2259 superbia
1338 2225 1383 2249 eo
1417 2214 1521 2260 quod
1548 2195 1882 2257 exw'Otogjsslgl‘nhcs

276 2267 558 2315 spiritualitate
593 2278 629 2305 et
663 2269 968 2306 insensibilitate
1008 2279 1064 2306 est
1104 2270 1287 2306 subtilior
1320 2280 1356 2306 et
1389 2284 1459 2318 per
1498 2284 1592 2307 con-

219 2326 259 2359 35
275 2338 444 2373 sequens
478 2328 527 2362 ad
559 2328 832 2363 seducendum
867 2327 1145 2375 periculosior.
1192 2331 1258 2364 Est
1300 2329 1424 2365 eciam
1467 2329 1590 2371 radix,

276 2397 354 2431 qua
387 2385 588 2421 destructa
628 2385 807 2433 sequitur
847 2385 1059 2421 cuiuslibet
1100 2386 1264 2422 alterius
1300 2384 1304 2438 Ι
1340 2387 1493 2434 peccati
1528 2389 1592 2422 dc-

346 2527 365 2545 1.
387 2518 411 2545 s)
434 2518 463 2545 in
485 2527 597 2554 marg:
620 2527 654 2547 1:
680 2519 722 2546 ib.
742 2519 814 2547 l)(}:
837 2519 919 2555 quod
937 2520 990 2547 sic.
1052 2519 1077 2548 3.
1101 2520 1173 2547 lJG:
1195 2521 1293 2548 locum
1314 2521 1408 2548 illum.
1465 2531 1493 2555 ,1.
1517 2521 1540 2548 Ι)
1562 2522 1590 2549 in

276 2561 390 2587 marg:
418 2561 446 2580 2.
529 2553 553 2581 5.
574 2553 648 2580 Do:
676 2557 768 2581 terre.
852 2555 880 2582 6.
903 2555 946 2582 H:
973 2563 1087 2590 corpus
1106 2555 1200 2583 deest.
1275 2565 1304 2585 (ι.
1325 2556 1350 2582 Ι)
1372 2556 1402 2583 iu
1425 2565 1537 2589 murga
1558 2566 1591 2590 3.

278 2596 306 2621 (),
328 2596 370 2615 10.
391 2588 436 2615 A:
464 2589 567 2616 volens
587 2597 624 2616 ex
643 2589 792 2616 exaltare.
866 2599 893 2624 ς).
917 2590 959 2617 H:
982 2594 1024 2617 est
1045 2591 1139 2617 deest.
1213 2599 1247 2618 ιι.
1269 2590 1342 2618 DG:
1370 2591 1591 2619 immobilitate.

278 2631 310 2650 ιι,
332 2630 371 2649 12.
392 2622 434 2649 D:
464 2631 529 2650 cum
549 2631 621 2650 non.
722 2623 749 2651 13
781 2625 825 2651 A:
873 2625 907 2651 ui
924 2626 1028 2652 celum.
1133 2634 1172 2659 ¹4-
1195 2625 1270 2653 bG:
1300 2633 1318 2652 a
1340 2631 1444 2653 centro
1465 2627 1519 2661 qui
1537 2630 1591 2653 ext.

277 2657 316 2684 iti.
339 2657 381 2684 D:
404 2665 469 2684 cum
489 2658 598 2692 igitur.
674 2666 712 2693 17.
733 2660 778 2686 A:
798 2659 828 2685 si
868 2664 946 2693 eest3
974 2660 1014 2686 ib.
1038 2659 1079 2686 1›:
1100 2661 1140 2687 sit
1159 2660 1254 2687 deest.
1327 2668 1370 2687 2¹0.
1394 2660 1466 2687 DC:
1490 2661 1593 2688 volens

275 2692 406 2719 humari.
474 2700 513 2719 21.
536 2693 609 2719 DG:
632 2692 719 2720 debet
735 2693 903 2729 superiori.
971 2694 1014 2722 23.
1037 2695 1080 2721 H:
1102 2695 1304 2730 requiescere.
1374 2695 1418 2723 28.
1443 2695 1484 2722 H:
1505 2699 1591 2723 terra

275 2731 385 2754 autem.
441 2726 559 2762 29—32.
575 2727 647 2755 DG:
671 2727 823 2761 Quantum
843 2745 875 2748 —
897 2729 957 2756 Dei
974 2729 1068 2756 deest.
1125 2738 1170 2764 29.
1192 2729 1217 2756 D
1239 2730 1269 2757 in
1290 2738 1404 2764 marg:
1427 2731 1590 2766 Superbia.

277 2760 315 2788 31.
338 2762 380 2789 H:
409 2762 515 2789 mundi
531 2766 611 2789 sunl.
685 2763 723 2790 31.
745 2763 790 2790 H:
811 2763 920 2791 mundi
936 2772 1012 2799 qum
1033 2764 1073 2791 ib.
1095 2764 1213 2791 Codd.:
1235 2765 1407 2792 eradicare.
1484 2764 1526 2792 32.
1548 2765 1590 2792 b:

277 2804 395 2823 cavere.
469 2795 510 2823 33.
533 2797 637 2824 ADG:
659 2801 689 2824 et
706 2797 806 2832 quod:
833 2799 873 2825 ib.
897 2798 920 2825 Ι)
942 2807 970 2825 ιιι
996 2807 1109 2831 marg:
1140 2800 1184 2826 De
1202 2800 1346 2833 superbia
1363 2808 1421 2834 per
1440 2803 1543 2826 samm.

351 2868 399 2899 lvi.
427 2869 502 2899 (jul.
524 2870 576 2904 xl,
603 2873 634 2900 Ν.

1393 2931 1459 2958 [ΡΞ-
