2062 3276
227 1055 293 1083 The
315 1056 475 1090 reprobate

234 1091 293 1117 will
316 1091 350 1117 be
371 1090 465 1117 found

252 1125 387 1164 wanting
407 1125 456 1152 the

280 1160 423 1194 wedding

256 1199 396 1229 garment
416 1195 450 1221 of

291 1229 419 1265 charity.

241 1809 308 1837 The
330 1810 417 1843 pains
437 1810 471 1836 ot·

324 1844 392 1871 hell.

799 247 1023 279 „IOHANNIS
1042 246 1227 278 WYCMF
1246 246 1503 278 SERMONUM
1573 233 1725 290 [SERMO
1747 244 1811 273 LV.

503 353 680 399 ecclesie,
721 353 775 389 hii
813 352 904 390 laici
943 366 985 389 ex
1020 353 1157 389 mundi
1191 352 1461 389 sollicitudine
1501 362 1537 389 et
1574 352 1629 389 hii
1662 353 1816 390 domini

503 411 570 460 qui
603 412 836 448 occiderunt
868 420 988 448 testes
1021 411 1112 447 fidei
1147 410 1382 457 christiane,
1416 420 1556 448 contra
1589 424 1688 460 quos
1712 413 1817 448 Deus

503 468 663 506 ordinat
687 479 895 518 tamquam
915 469 1119 518 flagellum
1144 482 1259 505 suum
1282 476 1435 519 gentem
1456 469 1665 519 insurgere
1682 477 1817 506 contra

500 534 655 577 gentem
687 536 722 564 et
754 540 917 578 regnum
951 535 1085 564 contra
1120 539 1299 577 regnum,
1332 540 1413 563 non
1444 528 1574 563 solum
1604 539 1817 564 saracenos

504 594 643 622 contra
667 585 904 622 christianos
928 587 995 622 sed
1018 585 1180 621 nomine
1209 584 1449 621 christianos
1478 594 1618 622 contra
1647 598 1687 622 se
1710 585 1818 633 ipsos

502 642 721 691 reciproce.
747 645 832 689 Que
855 643 1088 692 persecucio
1113 643 1184 679 erit
1208 652 1489 680 consummata
1511 652 1693 691 tempore
1708 643 1819 680 Anti-

504 700 642 737 christi
674 702 790 749 longe
823 701 997 749 amplior
1029 714 1147 749 quam
1183 702 1415 749 precedens.
1469 703 1546 738 Sed
1585 710 1675 749 post
1708 701 1817 738 illam

503 759 831 807 persecucionem
873 759 946 795 erit
984 771 1077 807 gens
1116 758 1225 807 prius
1263 772 1344 795 non
1383 760 1556 808 populus
1594 768 1736 796 vocata
1769 761 1818 796 ad

504 817 623 853 fidem
658 817 818 853 Christi.
872 819 976 853 Inter
1015 830 1113 865 quas
1152 816 1296 865 aliquis
1330 817 1481 854 carebit
1520 817 1655 865 gracia
1688 817 1818 854 finalis

503 874 817 922 perseverancie.
853 876 966 911 Unde
999 874 1039 910 in
1072 874 1181 911 finali
1212 874 1364 911 iudicio
1396 875 1527 912 veniet
1556 875 1736 912 Christus
1768 876 1819 912 ad

503 932 670 980 nupcias
703 933 976 981 complendas,
1016 941 1058 968 ut
1090 941 1213 980 ponat
1252 932 1438 969 invitatos
1470 933 1510 969 in
1544 933 1819 970 mansionibus

503 991 707 1038 perpetuis
741 1000 777 1027 et
811 992 881 1026 hos
915 990 1118 1037 exhilaret,
1152 990 1239 1026 illos
1272 999 1405 1027 autem
1440 992 1720 1039 condempnet.

563 1050 677 1085 Unde
700 1049 803 1085 inter
821 1048 920 1085 alios
938 1048 1109 1097 percipit
1131 1061 1253 1084 unam
1280 1048 1576 1085 multitudinem
1597 1048 1818 1086 solitariam

506 1115 542 1142 et
597 1106 769 1143 alienam
819 1119 840 1142 a
889 1106 961 1143 Dei
1016 1106 1286 1155 proteccione,
1343 1120 1421 1155 que
1476 1116 1611 1143 tamen
1660 1106 1821 1143 intravit

505 1165 729 1210 ecclesiam,
775 1164 1005 1201 confitendo
1050 1165 1170 1201 fidem
1215 1164 1362 1201 Christi
1414 1166 1481 1201 sed
1530 1164 1754 1202 deficiendo
1799 1177 1821 1201 a

505 1222 711 1259 caritativa
730 1222 1045 1271 perseverancia.
1070 1224 1183 1259 Hanc
1203 1235 1296 1270 ergo
1314 1232 1479 1271 propter
1497 1223 1820 1260 conformitatem

505 1290 659 1327 nature,
695 1291 860 1329 propter
894 1280 1109 1317 carismata
1141 1293 1218 1329 que
1251 1280 1324 1316 sibi
1358 1280 1466 1317 dedit
1496 1280 1535 1317 in
1559 1281 1759 1330 baptismo
1783 1290 1821 1317 et

506 1348 670 1387 propter
716 1341 790 1376 hoc
829 1340 937 1387 quod
978 1339 1123 1375 caritas
1163 1340 1210 1375 de
1248 1338 1422 1376 inimicis
1454 1339 1548 1375 facit
1581 1339 1731 1376 amicos
1764 1338 1820 1375 in-

505 1398 735 1444 terrogabat
780 1396 962 1433 Christus
1013 1396 1053 1433 in
1105 1396 1356 1433 consciencia
1400 1399 1606 1445 quomodo
1658 1397 1821 1434 intravit

506 1455 715 1492 ecclesiam
763 1457 947 1492 deserens
992 1454 1200 1491 caritatem
1246 1468 1366 1503 quam
1405 1464 1564 1503 oportet
1602 1455 1821 1505 quemlibet

506 1514 740 1550 salvandum
777 1514 936 1559 habere,
983 1522 1025 1549 ut
1063 1513 1112 1549 sit
1146 1514 1193 1549 de
1226 1522 1334 1550 secta
1372 1513 1507 1561 sponsi
1542 1514 1609 1562 qui
1641 1514 1819 1551 animam

506 1584 620 1608 suam
669 1571 803 1619 posuit
846 1584 919 1619 pro
964 1570 1117 1607 amicis.
1173 1572 1250 1607 Sed
1295 1584 1386 1607 cum
1434 1571 1594 1608 nudatis
1638 1572 1819 1608 omnium

507 1630 859 1677 dampnandorum
894 1628 1154 1665 conscienciis
1186 1642 1266 1665 non
1299 1629 1495 1677 supererit
1527 1630 1624 1678 quid
1659 1643 1822 1678 respon-

507 1689 611 1734 deat,
645 1681 827 1723 obmutet
858 1687 1085 1723 confitendo
1110 1696 1264 1723 reatum
1290 1696 1326 1723 et
1350 1687 1537 1724 dominus
1565 1687 1680 1735 ligari
1703 1688 1822 1725 faciet

508 1745 735 1794 potenciam
773 1745 974 1781 meritorie
1007 1745 1201 1793 operandi
1236 1754 1272 1781 et
1295 1746 1400 1781 nude
1423 1745 1640 1782 affectuose
1661 1746 1819 1783 volendi

508 1816 554 1840 ac
588 1803 717 1840 mittet
751 1816 840 1839 eum
876 1816 945 1851 per
978 1804 1167 1839 demones
1200 1803 1240 1839 in
1273 1802 1499 1840 iehennam.
1554 1806 1654 1840 Sunt
1686 1813 1820 1841 autem

509 1861 688 1910 duplices
727 1863 902 1906 tenebre,
947 1861 1098 1898 scilicet
1136 1860 1346 1898 interiores
1384 1862 1546 1898 tenebre
1591 1862 1822 1909 ignorancie

507 1919 689 1968 opposite
728 1919 871 1956 lumini
910 1919 1080 1956 sciencie
1125 1932 1201 1968 que
1246 1919 1525 1967 peccatoribus
1569 1933 1650 1956 non
1694 1920 1821 1956 illuxit

509 1987 547 2014 et
584 1979 748 2014 tenebre
788 1978 1001 2014 exteriores
1039 1986 1121 2014 tam
1163 1976 1389 2014 materiales
1428 1991 1549 2026 quarn
1595 1978 1821 2026 spirituales

509 2036 548 2072 in
592 2036 761 2072 inferno.
815 2035 925 2071 Sicut
973 2035 1076 2072 enim
1128 2036 1335 2072 beatorum
1387 2035 1557 2072 societas
1607 2035 1854 2082 illuminat‚?

509 2102 652 2141 purgat
675 2102 711 2130 et
736 2093 892 2141 perlicit
915 2106 954 2129 se
979 2093 1197 2141 reciproce,
1232 2093 1287 2130 sic
1311 2095 1623 2142 dampnatorum
1654 2094 1822 2131 societas

510 2151 712 2199 reciproce
735 2164 775 2187 se
799 2153 1001 2187 obscurat.
1037 2154 1077 2187 In
1111 2151 1264 2187 inferno
1298 2164 1390 2199 ergo
1424 2151 1497 2188 erit
1530 2153 1644 2188 dolor
1676 2151 1822 2189 infruc-

509 2218 647 2245 tuosus
694 2211 741 2245 de
786 2208 1000 2245 commisso
1045 2218 1081 2245 et
1132 2222 1235 2257 pena
1279 2209 1351 2245 sibi
1398 2209 1550 2246 inflicta
1595 2219 1632 2246 et
1680 2211 1821 2247 horror

511 2267 706 2303 maximus
739 2268 786 2303 de
819 2267 901 2303 eius
925 2267 1205 2315 perpetuitate.
1239 2266 1333 2315 quia
1363 2268 1547 2303 ardentes
1570 2267 1704 2304 anime
1726 2268 1823 2304 flent

510 2325 593 2361 sine
633 2325 710 2361 fine
749 2325 943 2361 dicentes:
986 2326 1047 2368 Γᾶ,
1087 2338 1142 2369 νε,
1181 2333 1318 2373 quante
1359 2333 1447 2361 sunt
1489 2326 1653 2362 tenebre.
1707 2327 1822 2362 Unde

510 2382 612 2419 sicut
634 2383 827 2419 securitas
851 2392 907 2419 est
932 2382 1103 2419 maxima
1127 2396 1219 2430 pars
1242 2382 1517 2430 beatitudinis,
1545 2383 1600 2419 sic
1624 2383 1821 2420 certitudo

510 2440 815 2489 dampnacionis
830 2450 1021 2488 perpetue
1039 2441 1210 2477 inferens
1229 2441 1554 2488 desperacionem
1575 2450 1631 2478 est
1650 2441 1822 2478 maxima

510 2512 602 2547 pars
636 2499 798 2535 doloris.
831 2499 950 2534 Multi
979 2511 1077 2549 ergo
1109 2507 1195 2535 sunt
1229 2500 1354 2535 vocati
1374 2498 1413 2535 in
1437 2499 1748 2548 comparacione
1771 2501 1820 2536 ad

581 2620 652 2648 1—3.
669 2620 742 2648 lIG:
763 2624 791 2648 et
804 2621 891 2647 111'1'-
905 2624 1058 2656 tamquam
1073 2621 1167 2648 deest.
1222 2619 1247 2650 3.
1263 2629 1291 2653 4.
1309 2620 1334 2647 G
1347 2631 1352 2648 :
1371 2624 1493 2656 gentem
1508 2622 1674 2657 insurgere
1687 2625 1819 2657 geniem.

510 2665 538 2687 4.
561 2656 602 2682 D:
631 2664 759 2691 regnum
777 2655 935 2683 adversus.
1022 2655 1045 2682 5.
1066 2656 1111 2682 A:
1139 2658 1248 2682 contra
1269 2655 1362 2683 deest.
1448 2664 1473 2691 7.
1494 2657 1539 2683 A:
1566 2656 1701 2692 amplior
1719 2657 1820 2689 deest:

510 2690 550 2716 ib.
571 2691 616 2717 A:
642 2690 704 2716 Sed
721 2694 751 2717 et
764 2693 853 2725 post;
880 2690 921 2717 h:
948 2691 1047 2717 istam.
1126 2697 1153 2724 9.
1176 2690 1248 2717 DG:
1277 2690 1390 2724 gracia
1410 2691 1504 2718 deest.
1579 2692 1619 2718 16.
1641 2692 1685 2718 A:
1712 2691 1822 2723 Hunc,-

511 2724 551 2751 ib.
573 2724 646 2751 DG:
669 2725 777 2763 igilur.
852 2733 892 2759 ις).
914 2726 944 2752 in
954 2735 965 2757 ,·
984 2725 1026 2752 D:
1047 2733 1127 2760 qua,·
1151 2724 1191 2751 ib.
1213 2726 1258 2752 A:
1279 2725 1458 2752 cos-ciencm.
1531 2725 1571 2753 25.
1594 2725 1693 2758 unde‚·
1711 2725 1736 2752 D
1758 2734 1820 2752 rec-

512 2758 572 2785 tius
593 2763 636 2787 (ut
656 2759 803 2792 velerum:
826 2760 895 2786 vim.
960 2758 1005 2787 30.
1028 2759 1070 2786 D:
1092 2759 1250 2786 bonorum.
1315 2758 1357 2786 33.
1379 2759 1451 2786 DG:
1473 2760 1580 2787 honor.
1645 2759 1687 2787 35.
1708 2761 1753 2787 A:
1775 2760 1820 2787 di-

511 2796 612 2820 centes
627 2794 723 2820 twice.
780 2793 823 2827 37.
841 2794 863 2820 D
875 2804 880 2820 ι
894 2797 1062 2829 perpetuo:
1082 2794 1121 2821 ib.
1134 2794 1177 2821 A:
1194 2794 1508 2829 deperpetuacionem.
1563 2794 1608 2822 38.
1624 2794 1696 2822 DG:
1711 2794 1819 2831 igilur.

581 2866 612 2897 ὃ.
640 2865 691 2898 Cf.
717 2866 818 2897 Deut.
843 2867 974 2906 XXXII,
1003 2876 1055 2897 21.

1835 587 1851 620 5

1838 889 1877 910 10

1840 1169 1877 1202 15

1839 1749 1878 1781 25
