2062 3276
165 261 241 295 194

169 717 345 745 Therefore
369 716 419 744 the

175 753 311 787 apostlcs
332 752 425 778 chose

245 788 282 822 by
303 787 355 814 lot.

197 1529 264 1557 The
284 1528 407 1557 Church

169 1564 271 1592 would
294 1565 329 1591 be
345 1564 442 1590 better

236 1599 367 1626 without

221 1634 381 1670 prelacieS.

207 2225 232 2251 It
253 2225 279 2252 is
300 2224 359 2251 idle
381 2228 410 2251 to

215 2267 336 2287 reserve
356 2259 405 2286 the

187 2302 309 2330 powers
329 2294 364 2321 of
380 2294 429 2321 the

204 2329 328 2356 Cliurch
350 2334 380 2355 to
401 2337 416 2355 a

193 2365 289 2398 single
310 2364 422 2391 leader.

752 255 975 287 „IOHANNIS
993 255 1178 286 WYCLIF
1200 254 1455 286 SERMONUM
1496 247 1647 298 [SERMO
1670 251 1763 279 XXII-

454 362 562 411 quod
596 363 701 398 Deus
735 370 791 397 est
825 374 847 397 a
878 361 994 397 nobis
1034 360 1233 408 eligibilis,
1275 368 1311 396 et
1350 361 1543 408 procedat
1577 361 1626 396 ad
1661 360 1760 396 elec-

454 420 611 457 cionem
645 419 719 455 sibi
753 419 1015 467 incognitam.
1057 420 1134 455 Sed
1166 421 1274 454 Deus
1308 417 1375 466 qui
1410 419 1477 453 dat
1511 417 1687 466 graciam
1723 427 1759 454 et

453 477 659 526 cognoscit
692 489 852 514 omnem
887 475 1278 525 predestinacionem
1315 488 1360 512 ac
1393 475 1632 523 generaliter
1665 475 1761 524 quid

452 546 489 573 et
528 535 700 584 qualiter
741 536 862 571 homo
908 544 1011 582 aget,
1058 534 1143 582 ipse
1186 532 1372 570 vendicat
1416 533 1490 569 sibi
1533 533 1606 569 soli
1651 533 1761 570 illam

451 594 659 631 noticiam.
714 593 824 630 Sicut
870 604 964 640 ergo
1011 605 1130 640 super
1178 591 1528 640 predestinacione
1575 592 1636 628 vel
1683 591 1762 628 alio

452 652 618 689 omnino
656 650 772 688 nobis
811 650 1017 698 incognito
1055 663 1136 686 non
1175 649 1282 686 cadit
1324 658 1460 686 nostra
1501 649 1662 695 eleccio,
1708 649 1764 686 sic

451 723 524 747 nec
563 722 684 758 super
722 708 858 757 aliquo
902 708 1017 744 nobis
1057 720 1156 756 eque
1197 707 1414 755 incognito.
1462 710 1509 743 Et
1544 708 1614 744 hec
1655 707 1764 744 racio

453 780 576 817 quare
614 766 788 815 apostoli
828 774 976 802 sortem
1014 765 1217 802 mittentes
1253 778 1372 813 super
1411 767 1510 802 duos
1546 765 1765 814 discipulos

453 825 695 863 eleccionem
721 824 855 861 divino
885 823 1035 860 iudicio
1060 823 1350 860 commiserunt
1379 826 1436 868 (ut
1466 832 1575 871 patet
1592 826 1678 860 Act.
1700 826 1764 869 10).

452 883 612 920 Eleccio
647 892 780 920 autem
815 884 992 918 humana
1025 890 1156 930 potest
1189 893 1275 917 esse
1308 893 1428 929 super
1460 883 1577 918 rebus
1601 881 1765 918 sensibi-

452 942 554 978 libus
601 950 637 978 et
676 941 732 977 ita
770 952 889 988 super
927 939 1162 976 fortitudine
1201 951 1247 975 ac
1285 938 1503 976 valitudine
1549 939 1764 988 corporali,

453 1001 521 1037 sed
553 1012 671 1048 super
706 1000 822 1035 rebus
856 998 1023 1034 omnino
1057 997 1354 1033 insensibilibus
1394 1006 1513 1045 atque
1553 997 1765 1046 incognitis

455 1057 681 1095 cuiusmodi
713 1065 804 1093 sunt
836 1055 1002 1092 virtutes
1035 1068 1115 1092 non
1147 1055 1263 1092 video
1288 1057 1495 1103 quomodo
1519 1055 1575 1091 illi
1600 1055 1662 1092 cui
1685 1068 1766 1092 non

456 1117 498 1153 fit
532 1115 729 1152 revelacio
769 1114 860 1151 licet
893 1113 948 1150 sic
982 1113 1146 1162 eligere3
1186 1113 1360 1161 apostoli
1400 1122 1532 1150 autem
1574 1115 1765 1151 habentes

455 1173 746 1212 revelacionem
789 1173 993 1220 elegerunt
1031 1171 1242 1220 pontifices
1276 1180 1313 1207 et
1355 1180 1507 1208 ceteros
1547 1172 1766 1208 officiarios

455 1232 636 1278 ecclesie,
680 1232 741 1269 vel
779 1230 910 1267 verius
952 1229 1194 1266 eleccionem
1237 1229 1309 1265 Dei
1350 1229 1631 1267 absconditam
1675 1242 1767 1278 pro-

456 1292 698 1339 mulgarunt,
733 1290 801 1325 sed
834 1287 1017 1324 limitatis
1051 1286 1257 1324 officiariis
1290 1286 1330 1323 in
1364 1288 1470 1324 clero
1504 1289 1554 1324 ad
1587 1287 1767 1325 dominia

456 1347 653 1385 secularia
687 1356 723 1384 et
747 1349 920 1383 honores
954 1347 1192 1391 mundanOS,
1227 1345 1453 1393 postposita
1487 1359 1620 1394 pugna
1652 1345 1768 1394 spiri-

455 1407 553 1444 tuali
586 1407 805 1442 secundum
838 1404 1017 1454 virtutes7
1052 1403 1234 1452 procedit
1259 1405 1430 1439 mundus
1464 1405 1514 1440 ad
1549 1404 1768 1441 elecciones

457 1463 686 1501 huiusmodi
721 1463 975 1508 clericorum,
1008 1461 1189 1498 nesciens
1222 1461 1385 1498 indubie
1418 1470 1553 1498 utrum
1585 1464 1684 1498 bene
1707 1463 1768 1498 vel

458 1524 561 1560 male
595 1522 732 1570 elegit3
767 1530 804 1557 et
837 1520 927 1557 talis
961 1520 1111 1556 eleccio
1145 1527 1202 1555 est
1235 1520 1369 1565 stulta,
1404 1520 1506 1556 sicut
1539 1520 1622 1557 eius
1655 1519 1768 1556 radix

457 1579 709 1618 ordinacioni
744 1578 815 1615 Dei
849 1577 1052 1615 contraria
1093 1587 1149 1614 est
1187 1577 1347 1614 infecta.
1395 1579 1487 1615 Ideo
1527 1579 1625 1615 bene
1667 1586 1769 1615 esset

458 1638 622 1676 ecclesie
645 1638 689 1683 si,
721 1637 947 1685 postposita
980 1635 1090 1672 omni
1126 1635 1356 1671 maioritate
1380 1635 1611 1673 huiusmodi
1635 1637 1768 1684 quoad

459 1698 669 1741 mundum,
711 1695 894 1732 homines
934 1693 973 1729 in
1012 1693 1146 1730 officio
1187 1693 1256 1729 tali
1303 1693 1502 1741 spirituali
1547 1695 1767 1731 secundum

458 1756 586 1803 legem
621 1752 890 1801 evangelicam
930 1753 1172 1788 laborarent.
1219 1753 1320 1787 Nam
1360 1751 1465 1788 facta
1505 1752 1769 1788 contencione

458 1811 690 1850 huiusmodi
715 1812 816 1847 inter
839 1810 1045 1859 apostolos
1070 1814 1126 1854 (ut
1149 1818 1259 1857 patet
1282 1810 1423 1846 Matth.
1442 1811 1586 1846 XVIIIO
1605 1819 1642 1846 et
1664 1812 1769 1856 XXO,

459 1870 583 1907 Marci
625 1871 708 1914 IX0‚
764 1871 868 1905 Luce
907 1870 978 1904 IXO
1019 1876 1055 1904 et
1093 1869 1219 1904 XXIIO
1265 1876 1301 1903 et
1344 1868 1432 1904 Joh.
1472 1869 1541 1913 XO)
1588 1868 1770 1904 Christus

459 1928 610 1966 sedavit
656 1926 961 1964 contencionem
1004 1934 1041 1962 et
1081 1924 1245 1962 exclusit
1291 1925 1533 1962 eleccionem
1580 1939 1650 1974 per
1695 1927 1770 1962 hoc

460 1988 569 2035 quod
614 1985 806 2021 humilior
852 1993 888 2020 et
933 1983 1158 2020 servitivior
1202 1991 1258 2019 est
1304 1983 1344 2019 in
1388 1983 1458 2019 tali
1503 1983 1637 2021 officio
1682 1996 1771 2032 pre-

460 2045 690 2094 ponendus;
744 2042 891 2079 faciant
939 2055 1032 2090 ergo
1082 2040 1253 2077 ministri
1302 2041 1449 2077 Christi
1497 2042 1686 2078 humilius
1735 2050 1771 2078 et

461 2102 658 2140 attencius
693 2100 961 2137 ministerium
995 2100 1213 2136 secundum
1249 2100 1356 2147 quod
1390 2101 1494 2135 Deus
1528 2100 1583 2136 eis
1617 2099 1772 2136 dederit

462 2170 499 2197 et
532 2162 579 2196 de
613 2158 789 2208 prelacia
823 2158 1053 2194 huiusmodi
1087 2170 1167 2194 non
1201 2158 1459 2193 contendant.

519 2220 567 2254 Et
600 2226 709 2265 patet
742 2218 850 2265 quod
882 2229 1029 2252 vanum
1064 2224 1119 2251 est
1152 2214 1207 2251 sic
1240 2214 1336 2251 talia
1368 2227 1491 2262 opera
1515 2214 1680 2252 ecclesie
1703 2215 1771 2251 uni

461 2275 668 2325 preposito
702 2274 959 2322 singulariter
991 2285 1207 2310 reservare.
1243 2273 1307 2308 Sic
1341 2272 1446 2308 enim
1480 2286 1562 2310 non
1594 2274 1772 2309 fecerunt

462 2333 635 2382 apostoli
669 2346 741 2370 nec
774 2340 970 2369 consonat
1002 2331 1079 2380 legi
1104 2330 1195 2376 Dei;
1230 2339 1266 2366 et
1290 2330 1365 2366 ista
1389 2331 1600 2368 eleccionis
1625 2331 1803 2368 cecitas?

462 2393 681 2429 secundum
735 2389 1032 2438 beneplacitum
1080 2388 1240 2436 dyaboli
1286 2389 1494 2436 perturbat
1546 2388 1770 2435 ecclesiam,

464 2463 553 2487 cum
593 2462 674 2485 non
713 2457 863 2497 pugnat
909 2447 1172 2496 spiritualiter
1216 2446 1317 2482 sicut
1361 2446 1539 2483 fecerunt
1584 2447 1771 2496 apostoli,

463 2510 531 2544 sed
577 2506 782 2544 contendit
826 2506 933 2542 circa
978 2507 1172 2542 honorem
1217 2505 1276 2540 vel
1321 2505 1474 2541 lucrum
1524 2508 1771 2542 mundanum

464 2566 588 2602 instar
627 2564 800 2613 dyaboli.
847 2566 927 2600 Nec
967 2564 1100 2600 doleat
1140 2562 1267 2598 fidelis
1306 2563 1519 2610 theologus
1552 2565 1659 2611 quod
1693 2572 1773 2600 tra-

1787 893 1824 913 10

1787 1173 1823 1205 15

1784 1473 1826 1494 20

466 2623 643 2659 diciones
668 2624 841 2659 humane
866 2623 912 2657 de
936 2622 1183 2669 prelatorum
1208 2619 1476 2656 eleccionibus
1507 2630 1771 2668 cassarentur,
1786 2632 1830 2662 40

534 2755 562 2779 ι
579 2746 646 2773 DE:
668 2746 727 2774 sibi
739 2745 840 2778 dccst3
861 2746 900 2773 ib.
917 2746 944 2773 1·
966 2747 1064 2773 istam.
1121 2746 1148 2779 o,
1164 2754 1189 2781 7
1205 2746 1248 2773 A.
1271 2754 1330 2773 non
1352 2746 1479 2773 caclzt—
1499 2745 1658 2781 mcognilo
1678 2744 1771 2771 deest.

486 2780 537 2808 ,Β
559 2781 589 2808 in
612 2788 707 2807 m·11“.
719 2791 724 2808 ς
752 2780 874 2808 Eleccio
890 2782 1094 2816 p›⁴t·elvlo›um.
1192 2789 1230 2807 io
1254 2780 1277 2807 E
1297 2781 1326 2807 in
1349 2789 1444 2815 maig.
1457 2790 1463 2808 :
1490 2767 1611 2807 Elecct'o
1631 2780 1772 2806 humana.

466 2824 499 2843 11.
522 2815 588 2843 DE:
611 2816 653 2843 ita
696 2820 768 2843 cest.
824 2814 861 2843 13.
885 2816 952 2842 DL:
974 2815 1060 2842 modi
1077 2815 1170 2842 deest
1226 2823 1264 2842 2.1
1279 2816 1323 2842 A:
1346 2818 1391 2842 est
1409 2801 1511 2843 radix.
1567 2813 1609 2841 23.
1631 2814 1670 2841 E:
1692 2816 1773 2840 moal

466 2851 559 2877 deest.
633 2857 648 2876 2
699 2851 743 2877 A.
763 2853 814 2885 alq
818 2858 854 2877 ue
873 2849 946 2883 XX·
972 2850 1012 2877 ib.
1033 2849 1134 2877 ADE.
1160 2849 1203 2876 IX
1221 2852 1268 2883 et,·
1292 2849 1360 2877 Jolz.
1383 2850 1520 2877 Xdeest.
1593 2856 1639 2883 20.
1660 2848 1688 2875 1:
1710 2856 1773 2875 scr-

465 2884 572 2913 vl'cwr.
645 2858 691 2913 ΞΓ)
713 2885 795 2912 DEI.
797 2858 972 2920 qu'lacztuin
1044 2883 1088 2919 37.
1111 2884 1152 2911 b:
1170 2886 1322 2921 pugnant.
