2062 3276
150 266 231 309 264

167 558 233 586 The
255 559 402 593 preacher

160 594 216 621 has
238 593 349 629 speech
370 592 418 620 for

151 628 198 655 his
213 628 350 656 material
366 628 425 655 and

196 663 328 690 intellect
349 666 379 689 to

205 697 319 725 inform
340 696 372 725 it.

735 270 958 302 ‚IOHANNIS
979 270 1161 301 WYCLIF
1181 270 1436 302 SERMONUM
1472 257 1623 314 [SERMo
1644 267 1753 295 XXXI.

439 391 566 415 semen
599 385 705 413 tuum
738 385 773 413 et
804 390 929 414 semen
963 377 1078 414 illius.
1113 379 1160 413 Et
1192 376 1314 413 tercio
1344 376 1539 425 accipitur
1561 390 1633 425 pro
1657 390 1753 425 quo-

443 448 600 484 cunque
632 448 753 484 opere
785 434 947 471 viatoris
981 434 1101 482 digno
1136 434 1277 470 merito
1308 435 1368 471 vel
1397 434 1602 471 demerito.
1640 436 1754 472 Unde

442 496 492 531 ad
525 494 609 530 Gal.
634 495 719 539 V10,
747 493 790 529 8:
831 493 915 542 Que
946 493 1042 530 enim
1075 493 1323 529 seminaverit
1345 493 1458 529 homo
1480 493 1548 529 hec
1571 500 1606 529 et
1628 501 1752 529 metet.

500 551 651 588 Semini
686 564 778 599 ergo
811 551 941 599 primo
976 552 1096 587 modo
1130 550 1235 587 dicto
1260 550 1458 587 similatur
1480 552 1642 587 verbum
1668 551 1752 596 Dei,

442 609 537 658 quia
571 609 796 645 detruditur
828 621 908 644 non
941 621 963 644 a
996 621 1238 656 quocunque
1274 608 1361 645 vivo
1407 610 1476 644 sed
1521 610 1570 645 ab
1615 610 1788 656 angelof>

442 667 619 714 ecclesie,
654 668 859 703 sacerdote
883 666 1063 703 videlicet
1088 666 1260 709 Domini,
1294 666 1414 703 misso
1438 668 1488 703 ad
1511 666 1753 715 gignendum

442 735 478 763 et
518 725 777 761 nutriendum
818 724 1012 772 populum
1046 726 1166 760 verbo
1205 724 1293 761 vite.
1341 726 1551 773 Habetque
1589 726 1752 761 verbum

442 783 573 820 debite
602 782 844 831 predicantis
873 795 1011 818 vocem
1044 782 1257 818 formatam
1288 795 1361 830 pro
1390 796 1461 819 suo
1492 782 1688 819 materiali
1718 792 1754 819 et

441 841 520 878 vim
556 840 713 885 mentis,
748 852 824 888 que
857 841 1077 876 secundum
1102 840 1362 887 philosophos
1395 841 1608 889 precipuos
1647 853 1754 877 com-

443 898 735 947 multiplicatur
778 911 868 934 cum
916 910 1012 934 voce
1057 911 1129 945 pro
1170 911 1242 933 suo
1286 898 1458 936 formali.
1513 899 1616 935 Hinc
1649 898 1754 934 enim
1777 910 1814 931 10

442 958 662 994 secundum
697 956 874 1004 magicos
907 957 1109 992 naturales
1144 957 1292 992 habent
1323 957 1443 993 verba
1476 956 1676 1005 sapienter
1698 956 1756 992 in-

442 1014 697 1052 cantaricium
722 1027 835 1050 suam
860 1013 1079 1050 efficaciam
1104 1014 1398 1062 quantumlibet
1417 1014 1611 1051 distancia
1629 1024 1756 1051 trans-

443 1074 637 1110 mutando
682 1072 765 1108 sine
805 1073 879 1108 hoc
925 1073 1031 1120 quod
1071 1071 1205 1108 taliter
1248 1081 1518 1109 transmutent
1564 1073 1755 1108 medium.

441 1132 617 1168 Verbum
659 1130 795 1179 itaque
833 1129 1077 1178 predicantis
1117 1139 1174 1166 est
1215 1130 1419 1167 materiale
1453 1131 1657 1179 quoddam
1691 1131 1757 1166 de-

443 1189 569 1226 cisum
603 1202 626 1225 a
658 1188 744 1225 vivo
778 1189 977 1236 habetque
1011 1187 1050 1223 in
1080 1200 1119 1224 se
1143 1189 1346 1236 quandam
1369 1188 1556 1225 virtutem
1587 1188 1757 1225 semina-
1777 1190 1813 1222 15

443 1248 519 1284 lem
554 1247 684 1283 datam
718 1247 884 1295 desuper
915 1247 963 1282 ad
998 1247 1302 1294 producendum
1338 1259 1482 1283 novam
1517 1255 1756 1292 creaturam,

443 1305 538 1353 quia
581 1318 662 1341 non
706 1303 872 1340 dubium
918 1303 1014 1352 quin
1060 1312 1192 1351 preter
1235 1316 1373 1341 vocem
1420 1314 1457 1341 et
1501 1304 1578 1341 vim
1625 1304 1757 1341 anime

443 1371 601 1411 oportet
635 1375 718 1399 esse
751 1361 918 1398 interius
950 1374 1086 1398 verum
1122 1363 1327 1399 doctorem
1361 1362 1428 1410 qui
1463 1371 1636 1399 mentem
1670 1362 1757 1399 illu-

444 1421 568 1457 minet
607 1429 643 1457 et
683 1419 891 1457 veritatem
937 1421 1135 1456 ostendat.
1182 1422 1282 1457 Cum
1323 1433 1416 1468 ergo
1461 1421 1524 1457 ille
1569 1420 1757 1469 magister

443 1479 568 1516 utitur
606 1491 701 1515 voce
740 1487 949 1527 tamquam
990 1491 1155 1526 organo,
1200 1491 1281 1514 non
1323 1478 1468 1514 mirum
1503 1478 1534 1515 si
1567 1478 1605 1514 in
1646 1479 1754 1515 illam
1774 1488 1816 1509 20

444 1538 641 1574 redundet
692 1536 814 1573 virtus
866 1535 1097 1572 inclinativa
1147 1538 1196 1572 ad
1245 1535 1495 1584 spiritualem
1551 1536 1754 1573 hominem

444 1596 764 1643 producendum.
809 1596 858 1630 Et
896 1593 1016 1630 istum
1058 1606 1216 1630 sensum
1263 1594 1462 1642 pretendit
1494 1595 1709 1642 Apostolus
1744 1597 1755 1631 Ι

443 1654 492 1689 ad
525 1655 616 1690 Cor.
651 1654 734 1698 IV0‚
777 1652 845 1688 15:
892 1653 932 1687 In
971 1652 1126 1688 Christo
1158 1652 1247 1688 Jesu
1290 1665 1362 1701 per
1399 1653 1643 1703 evangelium
1684 1665 1756 1703 ego

445 1723 510 1747 vos
551 1711 680 1761 genui.
734 1712 835 1746 Ecce
880 1709 1075 1757 premittit
1121 1709 1323 1746 Christum
1369 1712 1501 1746 Jesum
1548 1719 1755 1758 tamquam

441 1768 627 1817 opificem
682 1767 961 1816 principalem,
1014 1767 1109 1816 quia
1160 1767 1297 1804 Jacobi
1346 1770 1395 1813 10,
1449 1768 1494 1805 18
1550 1768 1812 1805 scribitur:25

450 1827 673 1863 Voluntarie
711 1826 845 1876 genuit
878 1837 945 1861 nos
984 1826 1100 1862 verbo
1141 1826 1326 1865 veritatis.
1370 1834 1409 1862 ut
1446 1827 1565 1862 simus
1603 1827 1755 1863 inicium

441 1885 598 1933 aliquod
641 1891 821 1920 creature
864 1883 954 1919 eius.
1009 1885 1056 1919 Et
1089 1883 1181 1920 hinc
1221 1883 1491 1931 concipientes
1535 1883 1575 1920 in
1620 1884 1756 1921 animo

441 1944 605 1979 verbum
632 1941 820 1978 divinitus
844 1941 1084 1978 seminatum
1111 1950 1147 1977 et
1166 1942 1341 1978 foventes
1365 1942 1539 1979 calorem
1564 1942 1755 1989 caritatis,

442 2002 568 2037 donec
601 2000 797 2036 formetur
830 1999 869 2035 in
903 1999 957 2035 eis
977 1999 1171 2046 Christus,
1207 2008 1352 2036 matres
1387 2000 1469 2036 eius
1502 2009 1605 2036 sunt.
1641 2002 1754 2037 Unde

442 2057 609 2095 Matthei
633 2059 738 2103 X110,
767 2058 815 2093 50
849 2057 943 2094 dicit
976 2057 1177 2094 Salvator:
1208 2058 1432 2106 Quicunque
1451 2059 1599 2106 jecerit
1623 2059 1754 2094 volun-
1773 2060 1815 2092 ’ἆυ

442 2124 557 2152 tatem
593 2116 722 2165 patris
761 2115 837 2151 mei
880 2116 943 2163 qui
979 2116 1014 2151 in
1054 2116 1144 2152 celis
1182 2123 1249 2161 est,
1293 2116 1373 2164 ipse
1412 2128 1516 2152 meus
1544 2117 1684 2162 frater
1722 2124 1757 2152 et

441 2187 557 2210 soror
579 2180 614 2210 et
636 2181 761 2209 mater
793 2181 858 2209 est.
895 2175 1033 2209 Frater
1066 2173 1227 2221 quidem
1263 2182 1426 2221 propter
1459 2174 1754 2221 idemptitatem

442 2231 564 2280 patris
606 2227 609 2283 l
651 2230 805 2267 celestis
850 2232 1069 2267 secundum
1114 2231 1344 2268 interiorem
1394 2231 1595 2268 hominem
1642 2244 1756 2269 reno—
1772 2210 1855 2292 gfff„

441 2297 590 2334 vatum,
616 2298 653 2326 et
676 2302 788 2325 soror
811 2290 1030 2325 secundum
1056 2298 1241 2325 naturam
1267 2302 1501 2338 corpoream
1521 2302 1597 2338 que
1614 2285 1779 2338 quams
1821 2296 1828 2300 ’

441 2347 497 2383 vis
528 2346 732 2383 deiformis
763 2356 819 2383 est
842 2358 968 2393 sexu5‚
999 2356 1133 2383 tamen
1157 2347 1346 2395 fragilior,
1381 2356 1418 2383 et
1443 2356 1570 2384 mater
1591 2356 1756 2396 propter
1772 2349 1811 2382 35

441 2404 850 2442 subministratoriam
902 2404 1168 2453 gignicionem
1221 2414 1257 2441 et
1301 2405 1566 2442 nutricionem
1608 2405 1754 2442 Christi

440 2463 481 2499 in
514 2463 648 2500 anima
684 2462 909 2511 compositi.
944 2463 1017 2499 Cui
1042 2475 1110 2510 per
1134 2475 1174 2499 se
1198 2464 1365 2499 debetur
1398 2463 1508 2500 accio
1541 2475 1609 2511 per
1633 2476 1754 2511 opera

512 2594 530 2612 1.
553 2584 624 2612 DH:
648 2585 687 2612 Et
705 2584 799 2612 deest.
903 2593 926 2612 2.
949 2584 992 2612 H:
1019 2586 1065 2612 vel
1084 2585 1233 2612 demerito
1254 2585 1347 2612 deest,
1446 2584 1470 2612 h’.
1494 2585 1566 2612 DG:
1593 2586 1635 2613 ad
1654 2586 1754 2616 deest:

441 2619 481 2647 ib.
504 2621 548 2647 A:
577 2620 630 2647 hec
657 2620 750 2646 deest.
883 2629 911 2653 ,μ
941 2620 983 2647 H:
1011 2620 1210 2646 assimilatur.
1342 2621 1364 2647 5.
1393 2620 1465 2647 DG:
1494 2621 1565 2656 quia
1592 2621 1752 2648 deciditur.

441 2655 468 2682 6.
493 2654 534 2681 H:
561 2655 677 2681 scilice!
699 2654 831 2682 Domini.
941 2654 966 2681 S.
990 2654 1031 2681 Η;
1061 2654 1199 2681 debitum.
1309 2665 1337 2689 o,
1361 2663 1400 2682 10.
1423 2655 1494 2682 DG:
1522 2655 1752 2690 multiplicatur.

442 2697 474 2716 ιι.
499 2689 539 2715 Η;
567 2689 725 2723 sapientis.
849 2688 883 2716 11³.
906 2690 949 2716 A:
977 2689 1191 2716 transmittent.
1315 2698 1355 2722 ii,
1379 2689 1413 2716 15.
1435 2691 1479 2717 A:
1508 2690 1590 2725 quod
1609 2690 1752 2716 decisum.

443 2732 482 2758 ¹0-
506 2723 579 2750 DG:
602 2723 674 2750 Cum
695 2723 804 2757 igilur.
868 2732 912 2750 zo⁴
935 2724 978 2750 H:
1000 2725 1098 2750 islam
1154 2731 1193 2750 21.
1216 2723 1258 2750 ll:
1282 2725 1454 2757 respondet.
1511 2732 1553 2750 22.
1577 2724 1648 2751 DG:
1669 2724 1752 2751 illum

440 2766 569 2785 sensum.
644 2757 684 2784 ¹25³.
697 2758 779 2795 DG:
802 2759 843 2785 ad
863 2759 957 2785 deest.
1032 2766 1077 2791 21.
1101 2758 1142 2785 Η;
1162 2759 1325 2792 promittit.
1398 2759 1439 2787 25.
1460 2757 1504 2785 H:
1532 2759 1647 2793 apicem
1661 2759 1752 2799 priri-

441 2793 576 2827 emnem.
667 2800 712 2819 2¹».
737 2792 778 2819 ll:
801 2794 932 2820 virlulix.
1024 2801 1067 2824 27.
1091 2792 1132 2819 H:
1161 2794 1190 2819 in
1212 2793 1311 2823 deest:
1341 2794 1380 2820 ib.
1405 2793 1427 2820 Ι)
1449 2793 1479 2820 in
1502 2801 1615 2827 maras
1645 2793 1753 2820 braim·

440 2835 533 2854 soror
569 2831 596 2853 el
634 2831 730 2854 inciter
764 2828 881 2854 (Ilm-isli
915 2828 1068 2863 quamodo
1100 2831 1144 2854 ext
1165 2827 1295 2862 ,inciens
1328 2829 1513 2855 voluntatem
1540 2828 1644 2862 patris
1676 2828 1750 2854 eius.

441 2861 483 2888 1³3.
506 2861 577 2888 AD:
603 2862 706 2896 patris
722 2863 833 2896 pala-ix.
936 2862 975 2890 3³5.
999 2861 1101 2889 DGH:
1130 2862 1292 2899 difformis.
1393 2862 1434 2894 35,
1454 2861 1498 2890 36.
1524 2862 1598 2890 DC:
1622 2865 1751 2898 propter

440 2897 707 2924 ministralmriam.
