<?xml version="1.0" encoding="UTF-8"?>
<!DOCTYPE html PUBLIC "-//W3C//DTD XHTML 1.0 Transitional//EN"
    "http://www.w3.org/TR/xhtml1/DTD/xhtml1-transitional.dtd">
<html xmlns="http://www.w3.org/1999/xhtml" xml:lang="en" lang="en">
 <head>
  <title>
</title>
<meta http-equiv="Content-Type" content="text/html;charset=utf-8" />
  <meta name='ocr-system' content='tesseract 3.04.00' />
  <meta name='ocr-capabilities' content='ocr_page ocr_carea ocr_par ocr_line ocrx_word'/>
</head>
<body>
  <div class='ocr_page' id='page_1' title='image "./iohanniswyclifse0704wycl_0026.png"; bbox 0 0 2062 3276; ppageno 0'>
   <div class='ocr_carea' id='block_1_1' title="bbox 207 244 1804 301">
    <p class='ocr_par' dir='ltr' id='par_1_1' title="bbox 207 244 1804 301">
     <span class='ocr_line' id='line_1_1' title="bbox 207 244 1804 301; baseline -0.004 -13"><span class='ocrx_word' id='word_1_1' title='bbox 207 254 228 288; x_wconf 84' lang='lat'>6</span> <span class='ocrx_word' id='word_1_2' title='bbox 786 257 1008 291; x_wconf 66' lang='lat' dir='ltr'>,IOHANNIS</span> <span class='ocrx_word' id='word_1_3' title='bbox 1029 256 1211 288; x_wconf 68' lang='lat' dir='ltr'><strong>wrcmr</strong></span> <span class='ocrx_word' id='word_1_4' title='bbox 1231 256 1486 288; x_wconf 76' lang='lat' dir='ltr'><strong>sERMONuM</strong></span> <span class='ocrx_word' id='word_1_5' title='bbox 1608 244 1760 301; x_wconf 85' lang='lat' dir='ltr'>[SERMO</span> <span class='ocrx_word' id='word_1_6' title='bbox 1782 255 1804 282; x_wconf 91' lang='lat'><strong>1.</strong></span> 
     </span>
    </p>
   </div>
   <div class='ocr_carea' id='block_1_2' title="bbox 208 362 1906 2619">
    <p class='ocr_par' dir='ltr' id='par_1_2' title="bbox 494 362 1806 415">
     <span class='ocr_line' id='line_1_2' title="bbox 494 362 1806 415; baseline -0.004 -11"><span class='ocrx_word' id='word_1_7' title='bbox 494 376 601 404; x_wconf 85' lang='lat' dir='ltr'><strong>stant</strong></span> <span class='ocrx_word' id='word_1_8' title='bbox 646 375 736 415; x_wconf 86' lang='lat' dir='ltr'><strong>post</strong></span> <span class='ocrx_word' id='word_1_9' title='bbox 782 364 1110 414; x_wconf 86' lang='lat' dir='ltr'><strong>persecucionem</strong></span> <span class='ocrx_word' id='word_1_10' title='bbox 1157 362 1359 412; x_wconf 81' lang='lat' dir='ltr'>duplicem</span> <span class='ocrx_word' id='word_1_11' title='bbox 1405 362 1643 399; x_wconf 88' lang='lat' dir='ltr'><strong>Antichristi</strong></span> <span class='ocrx_word' id='word_1_12' title='bbox 1688 363 1806 399; x_wconf 82' lang='lat' dir='ltr'><strong>simul</strong></span> 
     </span>
    </p>

    <p class='ocr_par' dir='ltr' id='par_1_3' title="bbox 496 420 1806 474">
     <span class='ocr_line' id='line_1_3' title="bbox 496 420 1806 474; baseline -0.003 -12"><span class='ocrx_word' id='word_1_13' title='bbox 496 425 702 474; x_wconf 77' lang='lat' dir='ltr'>rapientur</span> <span class='ocrx_word' id='word_1_14' title='bbox 736 437 827 461; x_wconf 89' lang='lat' dir='ltr'><strong>cum</strong></span> <span class='ocrx_word' id='word_1_15' title='bbox 861 422 996 460; x_wconf 90' lang='lat' dir='ltr'><strong>electis</strong></span> <span class='ocrx_word' id='word_1_16' title='bbox 1030 422 1198 470; x_wconf 84' lang='lat' dir='ltr'><strong>singulis</strong></span> <span class='ocrx_word' id='word_1_17' title='bbox 1231 420 1391 458; x_wconf 88' lang='lat' dir='ltr'><strong>obviam</strong></span> <span class='ocrx_word' id='word_1_18' title='bbox 1427 420 1586 458; x_wconf 91' lang='lat' dir='ltr'><strong>Christo</strong></span> <span class='ocrx_word' id='word_1_19' title='bbox 1632 420 1672 457; x_wconf 92' lang='lat' dir='ltr'><strong>in</strong></span> <span class='ocrx_word' id='word_1_20' title='bbox 1712 434 1806 458; x_wconf 85' lang='lat' dir='ltr'><strong>aera</strong></span> 
     </span>
    </p>

    <p class='ocr_par' dir='ltr' id='par_1_4' title="bbox 496 479 1803 523">
     <span class='ocr_line' id='line_1_4' title="bbox 496 479 1803 523; baseline -0.004 -3"><span class='ocrx_word' id='word_1_21' title='bbox 496 493 534 521; x_wconf 87' lang='lat' dir='ltr'><strong>et</strong></span> <span class='ocrx_word' id='word_1_22' title='bbox 582 482 635 519; x_wconf 92' lang='lat' dir='ltr'><strong>ibi</strong></span> <span class='ocrx_word' id='word_1_23' title='bbox 685 491 812 519; x_wconf 91' lang='lat' dir='ltr'><strong>morte</strong></span> <span class='ocrx_word' id='word_1_24' title='bbox 860 480 1124 517; x_wconf 79' lang='lat' dir='ltr'>intercidente</span> <span class='ocrx_word' id='word_1_25' title='bbox 1171 480 1211 516; x_wconf 91' lang='lat' dir='ltr'><strong>in</strong></span> <span class='ocrx_word' id='word_1_26' title='bbox 1261 479 1415 516; x_wconf 89' lang='lat' dir='ltr'><strong>cunctis</strong></span> <span class='ocrx_word' id='word_1_27' title='bbox 1451 479 1666 523; x_wconf 50' lang='lat' dir='ltr'><strong>‚salvandis</strong></span> <span class='ocrx_word' id='word_1_28' title='bbox 1714 492 1803 515; x_wconf 90' lang='lat' dir='ltr'><strong>cum</strong></span> 
     </span>
    </p>

    <p class='ocr_par' dir='ltr' id='par_1_5' title="bbox 497 536 1805 583">
     <span class='ocr_line' id='line_1_5' title="bbox 497 536 1805 583; baseline -0.004 -5"><span class='ocrx_word' id='word_1_29' title='bbox 497 541 657 579; x_wconf 89' lang='lat' dir='ltr'><strong>Christo</strong></span> <span class='ocrx_word' id='word_1_30' title='bbox 690 542 871 577; x_wconf 78' lang='lat' dir='ltr'><strong>sedentes</strong></span> <span class='ocrx_word' id='word_1_31' title='bbox 904 539 944 575; x_wconf 90' lang='lat' dir='ltr'><strong>in</strong></span> <span class='ocrx_word' id='word_1_32' title='bbox 977 538 1056 575; x_wconf 89' lang='lat' dir='ltr'><strong>suis</strong></span> <span class='ocrx_word' id='word_1_33' title='bbox 1095 537 1304 574; x_wconf 82' lang='lat' dir='ltr'>ordinibus</span> <span class='ocrx_word' id='word_1_34' title='bbox 1338 537 1511 574; x_wconf 81' lang='lat' dir='ltr'><strong>finaliter</strong></span> <span class='ocrx_word' id='word_1_35' title='bbox 1550 536 1805 583; x_wconf 86' lang='lat' dir='ltr'><strong>iudicabunt3</strong></span> 
     </span>
    </p>

    <p class='ocr_par' dir='ltr' id='par_1_6' title="bbox 496 594 1839 695">
     <span class='ocr_line' id='line_1_6' title="bbox 497 594 1839 645; baseline -0.004 -9"><span class='ocrx_word' id='word_1_36' title='bbox 497 609 534 637; x_wconf 90' lang='lat' dir='ltr'><strong>et</strong></span> <span class='ocrx_word' id='word_1_37' title='bbox 567 599 607 636; x_wconf 90' lang='lat' dir='ltr'><strong>in</strong></span> <span class='ocrx_word' id='word_1_38' title='bbox 640 599 724 635; x_wconf 87' lang='lat' dir='ltr'><strong>istis</strong></span> <span class='ocrx_word' id='word_1_39' title='bbox 758 597 888 635; x_wconf 90' lang='lat' dir='ltr'><strong>verbis</strong></span> <span class='ocrx_word' id='word_1_40' title='bbox 921 605 1078 645; x_wconf 87' lang='lat' dir='ltr'><strong>ponunt</strong></span> <span class='ocrx_word' id='word_1_41' title='bbox 1112 597 1304 633; x_wconf 82' lang='lat' dir='ltr'><strong>habentes</strong></span> <span class='ocrx_word' id='word_1_42' title='bbox 1338 597 1385 632; x_wconf 90' lang='lat' dir='ltr'><strong>de</strong></span> <span class='ocrx_word' id='word_1_43' title='bbox 1419 595 1509 641; x_wconf 84' lang='lat' dir='ltr'><strong>fide,</strong></span> <span class='ocrx_word' id='word_1_44' title='bbox 1544 607 1612 643; x_wconf 92' lang='lat' dir='ltr'><strong>spe</strong></span> <span class='ocrx_word' id='word_1_45' title='bbox 1646 604 1682 631; x_wconf 92' lang='lat' dir='ltr'><strong>et</strong></span> <span class='ocrx_word' id='word_1_46' title='bbox 1706 594 1839 632; x_wconf 77' lang='lat' dir='ltr'><strong>cari-5</strong></span> 
     </span>
     <span class='ocr_line' id='line_1_7' title="bbox 496 656 931 695; baseline -0.009 0"><span class='ocrx_word' id='word_1_47' title='bbox 496 667 577 695; x_wconf 85' lang='lat' dir='ltr'><strong>tate</strong></span> <span class='ocrx_word' id='word_1_48' title='bbox 610 656 931 694; x_wconf 85' lang='lat' dir='ltr'><strong>tabernaculum.</strong></span> 
     </span>
    </p>

    <p class='ocr_par' dir='ltr' id='par_1_7' title="bbox 208 710 1807 821">
     <span class='ocr_line' id='line_1_8' title="bbox 277 710 1807 763; baseline -0.005 -10"><span class='ocrx_word' id='word_1_49' title='bbox 277 721 404 761; x_wconf 70' lang='lat' dir='ltr'><strong>Fpolish</strong></span> <span class='ocrx_word' id='word_1_50' title='bbox 556 718 604 752; x_wconf 84' lang='lat' dir='ltr'><strong>Et</strong></span> <span class='ocrx_word' id='word_1_51' title='bbox 637 724 732 752; x_wconf 90' lang='lat' dir='ltr'><strong>nota</strong></span> <span class='ocrx_word' id='word_1_52' title='bbox 766 716 874 763; x_wconf 87' lang='lat' dir='ltr'><strong>quod</strong></span> <span class='ocrx_word' id='word_1_53' title='bbox 909 713 1023 749; x_wconf 87' lang='lat' dir='ltr'><strong>multi</strong></span> <span class='ocrx_word' id='word_1_54' title='bbox 1057 711 1290 760; x_wconf 88' lang='lat' dir='ltr'><strong>sompniant</strong></span> <span class='ocrx_word' id='word_1_55' title='bbox 1325 720 1362 748; x_wconf 90' lang='lat' dir='ltr'><strong>et</strong></span> <span class='ocrx_word' id='word_1_56' title='bbox 1403 711 1566 759; x_wconf 88' lang='lat' dir='ltr'><strong>capiunt</strong></span> <span class='ocrx_word' id='word_1_57' title='bbox 1611 723 1654 747; x_wconf 86' lang='lat' dir='ltr'><strong>ex</strong></span> <span class='ocrx_word' id='word_1_58' title='bbox 1698 710 1807 747; x_wconf 90' lang='lat' dir='ltr'><strong>testi-</strong></span> 
     </span>
     <span class='ocr_line' id='line_1_9' title="bbox 208 756 1806 821; baseline -0.004 -10"><span class='ocrx_word' id='word_1_59' title='bbox 208 756 483 818; x_wconf 43' lang='lat' dir='ltr'><strong>quesfflpcnlsasspout</strong></span> <span class='ocrx_word' id='word_1_60' title='bbox 499 773 635 810; x_wconf 88' lang='lat' dir='ltr'><strong>monio</strong></span> <span class='ocrx_word' id='word_1_61' title='bbox 661 773 893 821; x_wconf 80' lang='lat' dir='ltr'><strong>apocrypho</strong></span> <span class='ocrx_word' id='word_1_62' title='bbox 918 780 1026 807; x_wconf 85' lang='lat' dir='ltr'><strong>extra</strong></span> <span class='ocrx_word' id='word_1_63' title='bbox 1051 770 1168 806; x_wconf 85' lang='lat' dir='ltr'><strong>fidem</strong></span> <span class='ocrx_word' id='word_1_64' title='bbox 1195 769 1392 818; x_wconf 82' lang='lat' dir='ltr'><strong>scripture</strong></span> <span class='ocrx_word' id='word_1_65' title='bbox 1417 782 1492 817; x_wconf 84' lang='lat' dir='ltr'><strong>que</strong></span> <span class='ocrx_word' id='word_1_66' title='bbox 1515 781 1589 806; x_wconf 93' lang='lat' dir='ltr'><strong>nec</strong></span> <span class='ocrx_word' id='word_1_67' title='bbox 1612 770 1806 817; x_wconf 86' lang='lat' dir='ltr'><strong>probant;</strong></span> 
     </span>
    </p>

    <p class='ocr_par' dir='ltr' id='par_1_8' title="bbox 260 826 1805 879">
     <span class='ocr_line' id='line_1_10' title="bbox 260 826 1805 879; baseline -0.005 -9"><span class='ocrx_word' id='word_1_68' title='bbox 260 826 428 862; x_wconf 78' lang='lat' dir='ltr'><strong>judgment.</strong></span> <span class='ocrx_word' id='word_1_69' title='bbox 497 845 569 869; x_wconf 89' lang='lat' dir='ltr'><strong>nec</strong></span> <span class='ocrx_word' id='word_1_70' title='bbox 623 831 779 879; x_wconf 86' lang='lat' dir='ltr'><strong>expedit</strong></span> <span class='ocrx_word' id='word_1_71' title='bbox 827 831 988 867; x_wconf 89' lang='lat' dir='ltr'><strong>credere</strong></span> <span class='ocrx_word' id='word_1_72' title='bbox 1027 829 1088 866; x_wconf 88' lang='lat' dir='ltr'><strong>vel</strong></span> <span class='ocrx_word' id='word_1_73' title='bbox 1128 828 1294 864; x_wconf 85' lang='lat' dir='ltr'><strong>ecclesie</strong></span> <span class='ocrx_word' id='word_1_74' title='bbox 1331 827 1514 874; x_wconf 81' lang='lat' dir='ltr'><strong>recitare,</strong></span> <span class='ocrx_word' id='word_1_75' title='bbox 1553 836 1595 863; x_wconf 88' lang='lat' dir='ltr'><strong>ut</strong></span> <span class='ocrx_word' id='word_1_76' title='bbox 1642 827 1805 876; x_wconf 87' lang='lat' dir='ltr'><strong>quidam</strong></span> 
     </span>
    </p>

    <p class='ocr_par' dir='ltr' id='par_1_9' title="bbox 497 882 1867 1751">
     <span class='ocr_line' id='line_1_11' title="bbox 499 882 1865 937; baseline -0.006 -11"><span class='ocrx_word' id='word_1_77' title='bbox 499 890 705 936; x_wconf 78' lang='lat' dir='ltr'><strong>musitant,</strong></span> <span class='ocrx_word' id='word_1_78' title='bbox 740 902 860 937; x_wconf 87' lang='lat' dir='ltr'><strong>quam</strong></span> <span class='ocrx_word' id='word_1_79' title='bbox 900 882 1090 924; x_wconf 41' lang='lat' dir='ltr'><strong>uelociter</strong></span> <span class='ocrx_word' id='word_1_80' title='bbox 1123 886 1303 922; x_wconf 86' lang='lat' dir='ltr'><strong>Christus</strong></span> <span class='ocrx_word' id='word_1_81' title='bbox 1345 887 1559 923; x_wconf 88' lang='lat' dir='ltr'><strong>descendet</strong></span> <span class='ocrx_word' id='word_1_82' title='bbox 1600 886 1649 921; x_wconf 89' lang='lat' dir='ltr'><strong>ad</strong></span> <span class='ocrx_word' id='word_1_83' title='bbox 1690 885 1865 921; x_wconf 76' lang='lat' dir='ltr'><strong>finalem</strong></span> 
     </span>
     <span class='ocr_line' id='line_1_12' title="bbox 497 943 1806 995; baseline -0.005 -11"><span class='ocrx_word' id='word_1_84' title='bbox 497 947 706 993; x_wconf 83' lang='lat' dir='ltr'><strong>iudicium,</strong></span> <span class='ocrx_word' id='word_1_85' title='bbox 754 946 916 995; x_wconf 89' lang='lat' dir='ltr'><strong>quidam</strong></span> <span class='ocrx_word' id='word_1_86' title='bbox 953 954 1051 994; x_wconf 92' lang='lat' dir='ltr'><strong>quot</strong></span> <span class='ocrx_word' id='word_1_87' title='bbox 1084 945 1247 992; x_wconf 80' lang='lat' dir='ltr'><strong>angelos</strong></span> <span class='ocrx_word' id='word_1_88' title='bbox 1282 945 1399 980; x_wconf 89' lang='lat' dir='ltr'><strong>ducet</strong></span> <span class='ocrx_word' id='word_1_89' title='bbox 1444 956 1596 989; x_wconf 81' lang='lat' dir='ltr'><strong>secum,</strong></span> <span class='ocrx_word' id='word_1_90' title='bbox 1643 943 1806 992; x_wconf 87' lang='lat' dir='ltr'><strong>quidam</strong></span> 
     </span>
     <span class='ocr_line' id='line_1_13' title="bbox 497 1001 1808 1050; baseline -0.004 -8"><span class='ocrx_word' id='word_1_91' title='bbox 497 1015 631 1042; x_wconf 89' lang='lat' dir='ltr'><strong>utrum</strong></span> <span class='ocrx_word' id='word_1_92' title='bbox 665 1005 770 1042; x_wconf 90' lang='lat' dir='ltr'><strong>beati</strong></span> <span class='ocrx_word' id='word_1_93' title='bbox 805 1013 920 1041; x_wconf 91' lang='lat' dir='ltr'><strong>erunt</strong></span> <span class='ocrx_word' id='word_1_94' title='bbox 952 1003 991 1039; x_wconf 88' lang='lat' dir='ltr'><strong>in</strong></span> <span class='ocrx_word' id='word_1_95' title='bbox 1025 1002 1249 1040; x_wconf 87' lang='lat' dir='ltr'><strong>meditullio</strong></span> <span class='ocrx_word' id='word_1_96' title='bbox 1283 1002 1477 1050; x_wconf 87' lang='lat' dir='ltr'><strong>temporis</strong></span> <span class='ocrx_word' id='word_1_97' title='bbox 1508 1001 1688 1048; x_wconf 81' lang='lat' dir='ltr'><strong>desolati,</strong></span> <span class='ocrx_word' id='word_1_98' title='bbox 1723 1001 1808 1049; x_wconf 89' lang='lat' dir='ltr'><strong>qui-</strong></span> 
     </span>
     <span class='ocr_line' id='line_1_14' title="bbox 498 1060 1809 1108; baseline -0.004 -8"><span class='ocrx_word' id='word_1_99' title='bbox 498 1066 589 1101; x_wconf 89' lang='lat' dir='ltr'><strong>dam</strong></span> <span class='ocrx_word' id='word_1_100' title='bbox 624 1072 757 1099; x_wconf 89' lang='lat' dir='ltr'><strong>utrum</strong></span> <span class='ocrx_word' id='word_1_101' title='bbox 792 1062 974 1100; x_wconf 89' lang='lat' dir='ltr'><strong>Christus</strong></span> <span class='ocrx_word' id='word_1_102' title='bbox 1007 1060 1202 1098; x_wconf 88' lang='lat' dir='ltr'><strong>iudicabit</strong></span> <span class='ocrx_word' id='word_1_103' title='bbox 1247 1060 1285 1096; x_wconf 91' lang='lat' dir='ltr'><strong>in</strong></span> <span class='ocrx_word' id='word_1_104' title='bbox 1330 1061 1431 1097; x_wconf 89' lang='lat' dir='ltr'><strong>valle</strong></span> <span class='ocrx_word' id='word_1_105' title='bbox 1463 1061 1656 1108; x_wconf 88' lang='lat' dir='ltr'><strong>Josaphat</strong></span> <span class='ocrx_word' id='word_1_106' title='bbox 1689 1072 1809 1108; x_wconf 86' lang='lat' dir='ltr'><strong>super</strong></span> 
     </span>
     <span class='ocr_line' id='line_1_15' title="bbox 497 1118 1807 1170; baseline -0.004 -12"><span class='ocrx_word' id='word_1_107' title='bbox 497 1121 750 1170; x_wconf 80' lang='lat' dir='ltr'><strong>superficiem</strong></span> <span class='ocrx_word' id='word_1_108' title='bbox 799 1129 903 1157; x_wconf 90' lang='lat' dir='ltr'><strong>terre</strong></span> <span class='ocrx_word' id='word_1_109' title='bbox 950 1121 1010 1156; x_wconf 89' lang='lat' dir='ltr'><strong>vel</strong></span> <span class='ocrx_word' id='word_1_110' title='bbox 1056 1120 1097 1155; x_wconf 87' lang='lat' dir='ltr'><strong>in</strong></span> <span class='ocrx_word' id='word_1_111' title='bbox 1144 1120 1235 1155; x_wconf 90' lang='lat' dir='ltr'><strong>sede</strong></span> <span class='ocrx_word' id='word_1_112' title='bbox 1289 1131 1417 1165; x_wconf 87' lang='lat' dir='ltr'><strong>aerea,</strong></span> <span class='ocrx_word' id='word_1_113' title='bbox 1466 1118 1629 1167; x_wconf 88' lang='lat' dir='ltr'><strong>quidam</strong></span> <span class='ocrx_word' id='word_1_114' title='bbox 1672 1126 1807 1154; x_wconf 86' lang='lat' dir='ltr'><strong>utrum</strong></span> 
     </span>
     <span class='ocr_line' id='line_1_16' title="bbox 499 1175 1864 1228; baseline -0.004 -11"><span class='ocrx_word' id='word_1_115' title='bbox 499 1179 748 1228; x_wconf 81' lang='lat' dir='ltr'><strong>dampnandi</strong></span> <span class='ocrx_word' id='word_1_116' title='bbox 782 1188 819 1216; x_wconf 89' lang='lat' dir='ltr'><strong>et</strong></span> <span class='ocrx_word' id='word_1_117' title='bbox 852 1177 1032 1216; x_wconf 88' lang='lat' dir='ltr'><strong>salvandi</strong></span> <span class='ocrx_word' id='word_1_118' title='bbox 1066 1186 1181 1214; x_wconf 88' lang='lat' dir='ltr'><strong>erunt</strong></span> <span class='ocrx_word' id='word_1_119' title='bbox 1215 1177 1256 1213; x_wconf 92' lang='lat' dir='ltr'><strong>in</strong></span> <span class='ocrx_word' id='word_1_120' title='bbox 1290 1177 1430 1213; x_wconf 88' lang='lat' dir='ltr'><strong>sitibus</strong></span> <span class='ocrx_word' id='word_1_121' title='bbox 1464 1175 1662 1213; x_wconf 86' lang='lat' dir='ltr'><strong>distinctis</strong></span> <span class='ocrx_word' id='word_1_122' title='bbox 1694 1184 1808 1212; x_wconf 86' lang='lat' dir='ltr'><strong>nota-</strong></span> <span class='ocrx_word' id='word_1_123' title='bbox 1829 1177 1864 1209; x_wconf 73' lang='lat'><strong>15</strong></span> 
     </span>
     <span class='ocr_line' id='line_1_17' title="bbox 499 1234 1809 1285; baseline -0.004 -11"><span class='ocrx_word' id='word_1_124' title='bbox 499 1238 631 1275; x_wconf 90' lang='lat' dir='ltr'><strong>biliter</strong></span> <span class='ocrx_word' id='word_1_125' title='bbox 654 1237 831 1283; x_wconf 68' lang='lat' dir='ltr'><strong>iudicati,</strong></span> <span class='ocrx_word' id='word_1_126' title='bbox 850 1237 1013 1285; x_wconf 84' lang='lat' dir='ltr'><strong>quidam</strong></span> <span class='ocrx_word' id='word_1_127' title='bbox 1034 1249 1153 1284; x_wconf 86' lang='lat' dir='ltr'><strong>quam</strong></span> <span class='ocrx_word' id='word_1_128' title='bbox 1178 1235 1367 1271; x_wconf 89' lang='lat' dir='ltr'><strong>velociter</strong></span> <span class='ocrx_word' id='word_1_129' title='bbox 1386 1234 1514 1282; x_wconf 79' lang='lat' dir='ltr'><strong>angeli</strong></span> <span class='ocrx_word' id='word_1_130' title='bbox 1538 1235 1809 1282; x_wconf 86' lang='lat' dir='ltr'><strong>aggregabunt</strong></span> 
     </span>
     <span class='ocr_line' id='line_1_18' title="bbox 500 1292 1805 1343; baseline -0.005 -10"><span class='ocrx_word' id='word_1_131' title='bbox 500 1296 651 1333; x_wconf 90' lang='lat' dir='ltr'><strong>cineres</strong></span> <span class='ocrx_word' id='word_1_132' title='bbox 683 1297 745 1333; x_wconf 89' lang='lat' dir='ltr'><strong>vel</strong></span> <span class='ocrx_word' id='word_1_133' title='bbox 779 1294 990 1332; x_wconf 75' lang='lat' dir='ltr'><strong>materiam</strong></span> <span class='ocrx_word' id='word_1_134' title='bbox 1026 1307 1144 1343; x_wconf 84' lang='lat' dir='ltr'><strong>quam</strong></span> <span class='ocrx_word' id='word_1_135' title='bbox 1180 1302 1384 1330; x_wconf 82' lang='lat' dir='ltr'><strong>assument</strong></span> <span class='ocrx_word' id='word_1_136' title='bbox 1425 1302 1506 1330; x_wconf 90' lang='lat' dir='ltr'><strong>tam</strong></span> <span class='ocrx_word' id='word_1_137' title='bbox 1548 1292 1653 1329; x_wconf 87' lang='lat' dir='ltr'><strong>beati</strong></span> <span class='ocrx_word' id='word_1_138' title='bbox 1686 1304 1805 1340; x_wconf 89' lang='lat' dir='ltr'><strong>quam</strong></span> 
     </span>
     <span class='ocr_line' id='line_1_19' title="bbox 500 1350 1809 1403; baseline -0.003 -13"><span class='ocrx_word' id='word_1_139' title='bbox 500 1354 708 1403; x_wconf 85' lang='lat' dir='ltr'><strong>dampnati</strong></span> <span class='ocrx_word' id='word_1_140' title='bbox 753 1362 790 1390; x_wconf 88' lang='lat' dir='ltr'><strong>et</strong></span> <span class='ocrx_word' id='word_1_141' title='bbox 834 1362 969 1389; x_wconf 85' lang='lat' dir='ltr'><strong>utrum</strong></span> <span class='ocrx_word' id='word_1_142' title='bbox 1016 1364 1113 1401; x_wconf 88' lang='lat' dir='ltr'><strong>pure</strong></span> <span class='ocrx_word' id='word_1_143' title='bbox 1158 1353 1325 1388; x_wconf 87' lang='lat' dir='ltr'><strong>eandem</strong></span> <span class='ocrx_word' id='word_1_144' title='bbox 1362 1350 1571 1388; x_wconf 84' lang='lat' dir='ltr'><strong>materiam</strong></span> <span class='ocrx_word' id='word_1_145' title='bbox 1605 1358 1809 1387; x_wconf 82' lang='lat' dir='ltr'><strong>assument</strong></span> 
     </span>
     <span class='ocr_line' id='line_1_20' title="bbox 500 1408 1809 1462; baseline -0.004 -13"><span class='ocrx_word' id='word_1_146' title='bbox 500 1426 619 1462; x_wconf 89' lang='lat' dir='ltr'><strong>quam</strong></span> <span class='ocrx_word' id='word_1_147' title='bbox 653 1425 724 1449; x_wconf 85' lang='lat' dir='ltr'><strong>sua</strong></span> <span class='ocrx_word' id='word_1_148' title='bbox 757 1411 891 1448; x_wconf 85' lang='lat' dir='ltr'><strong>anima</strong></span> <span class='ocrx_word' id='word_1_149' title='bbox 924 1410 1098 1447; x_wconf 86' lang='lat' dir='ltr'><strong>actuavit</strong></span> <span class='ocrx_word' id='word_1_150' title='bbox 1119 1410 1180 1446; x_wconf 72' lang='lat' dir='ltr'><strong>vel</strong></span> <span class='ocrx_word' id='word_1_151' title='bbox 1214 1409 1428 1458; x_wconf 82' lang='lat' dir='ltr'><strong>disparem,</strong></span> <span class='ocrx_word' id='word_1_152' title='bbox 1464 1418 1500 1445; x_wconf 92' lang='lat' dir='ltr'><strong>et</strong></span> <span class='ocrx_word' id='word_1_153' title='bbox 1523 1408 1687 1458; x_wconf 89' lang='lat' dir='ltr'><strong>quidam</strong></span> <span class='ocrx_word' id='word_1_154' title='bbox 1712 1420 1809 1456; x_wconf 89' lang='lat' dir='ltr'><strong>quo—</strong></span> 
     </span>
     <span class='ocr_line' id='line_1_21' title="bbox 502 1465 1867 1517; baseline -0.004 -10"><span class='ocrx_word' id='word_1_155' title='bbox 502 1472 622 1507; x_wconf 90' lang='lat' dir='ltr'><strong>modo</strong></span> <span class='ocrx_word' id='word_1_156' title='bbox 647 1469 879 1507; x_wconf 89' lang='lat' dir='ltr'><strong>assistencia</strong></span> <span class='ocrx_word' id='word_1_157' title='bbox 904 1469 1137 1517; x_wconf 86' lang='lat' dir='ltr'><strong>angelorum</strong></span> <span class='ocrx_word' id='word_1_158' title='bbox 1173 1468 1246 1504; x_wconf 89' lang='lat' dir='ltr'><strong>erit</strong></span> <span class='ocrx_word' id='word_1_159' title='bbox 1278 1476 1372 1504; x_wconf 88' lang='lat' dir='ltr'><strong>tunc</strong></span> <span class='ocrx_word' id='word_1_160' title='bbox 1405 1466 1639 1503; x_wconf 88' lang='lat' dir='ltr'><strong>omnimode</strong></span> <span class='ocrx_word' id='word_1_161' title='bbox 1672 1465 1808 1503; x_wconf 88' lang='lat' dir='ltr'><strong>ociosa</strong></span> <span class='ocrx_word' id='word_1_162' title='bbox 1827 1478 1867 1500; x_wconf 80' lang='lat'><strong>20</strong></span> 
     </span>
     <span class='ocr_line' id='line_1_22' title="bbox 499 1524 1805 1577; baseline -0.004 -12"><span class='ocrx_word' id='word_1_163' title='bbox 499 1530 559 1565; x_wconf 89' lang='lat' dir='ltr'><strong>vel</strong></span> <span class='ocrx_word' id='word_1_164' title='bbox 592 1529 798 1577; x_wconf 87' lang='lat' dir='ltr'><strong>quomodo</strong></span> <span class='ocrx_word' id='word_1_165' title='bbox 832 1536 947 1564; x_wconf 88' lang='lat' dir='ltr'><strong>erunt</strong></span> <span class='ocrx_word' id='word_1_166' title='bbox 979 1525 1193 1574; x_wconf 80' lang='lat' dir='ltr'><strong>dispariter</strong></span> <span class='ocrx_word' id='word_1_167' title='bbox 1226 1525 1425 1573; x_wconf 86' lang='lat' dir='ltr'><strong>occupati.</strong></span> <span class='ocrx_word' id='word_1_168' title='bbox 1473 1525 1645 1571; x_wconf 86' lang='lat' dir='ltr'><strong>Quidam</strong></span> <span class='ocrx_word' id='word_1_169' title='bbox 1681 1524 1805 1561; x_wconf 89' lang='lat' dir='ltr'><strong>eciam</strong></span> 
     </span>
     <span class='ocr_line' id='line_1_23' title="bbox 501 1582 1807 1623; baseline -0.004 0"><span class='ocrx_word' id='word_1_170' title='bbox 501 1586 685 1623; x_wconf 89' lang='lat' dir='ltr'><strong>dubitant</strong></span> <span class='ocrx_word' id='word_1_171' title='bbox 717 1595 852 1622; x_wconf 88' lang='lat' dir='ltr'><strong>utrum</strong></span> <span class='ocrx_word' id='word_1_172' title='bbox 886 1598 958 1622; x_wconf 77' lang='lat' dir='ltr'><strong>vox</strong></span> <span class='ocrx_word' id='word_1_173' title='bbox 992 1584 1139 1621; x_wconf 86' lang='lat' dir='ltr'><strong>Christi</strong></span> <span class='ocrx_word' id='word_1_174' title='bbox 1183 1592 1250 1620; x_wconf 90' lang='lat' dir='ltr'><strong>aut</strong></span> <span class='ocrx_word' id='word_1_175' title='bbox 1295 1596 1364 1619; x_wconf 86' lang='lat' dir='ltr'><strong>sua</strong></span> <span class='ocrx_word' id='word_1_176' title='bbox 1410 1582 1538 1620; x_wconf 87' lang='lat' dir='ltr'><strong>diccio</strong></span> <span class='ocrx_word' id='word_1_177' title='bbox 1573 1582 1646 1619; x_wconf 87' lang='lat' dir='ltr'><strong>erit</strong></span> <span class='ocrx_word' id='word_1_178' title='bbox 1678 1583 1807 1619; x_wconf 89' lang='lat' dir='ltr'><strong>solum</strong></span> 
     </span>
     <span class='ocr_line' id='line_1_24' title="bbox 502 1640 1806 1689; baseline -0.004 -8"><span class='ocrx_word' id='word_1_179' title='bbox 502 1644 619 1681; x_wconf 88' lang='lat' dir='ltr'><strong>realis</strong></span> <span class='ocrx_word' id='word_1_180' title='bbox 649 1645 711 1681; x_wconf 93' lang='lat' dir='ltr'><strong>vel</strong></span> <span class='ocrx_word' id='word_1_181' title='bbox 742 1643 905 1689; x_wconf 81' lang='lat' dir='ltr'><strong>vocalis,</strong></span> <span class='ocrx_word' id='word_1_182' title='bbox 952 1651 988 1679; x_wconf 91' lang='lat' dir='ltr'><strong>et</strong></span> <span class='ocrx_word' id='word_1_183' title='bbox 1032 1642 1087 1679; x_wconf 89' lang='lat' dir='ltr'><strong>sic</strong></span> <span class='ocrx_word' id='word_1_184' title='bbox 1128 1643 1175 1678; x_wconf 91' lang='lat' dir='ltr'><strong>de</strong></span> <span class='ocrx_word' id='word_1_185' title='bbox 1216 1641 1350 1678; x_wconf 85' lang='lat' dir='ltr'><strong>multis</strong></span> <span class='ocrx_word' id='word_1_186' title='bbox 1384 1641 1469 1678; x_wconf 88' lang='lat' dir='ltr'><strong>aliis</strong></span> <span class='ocrx_word' id='word_1_187' title='bbox 1504 1640 1806 1677; x_wconf 81' lang='lat' dir='ltr'><strong>difficultatibus</strong></span> 
     </span>
     <span class='ocr_line' id='line_1_25' title="bbox 503 1701 1033 1751; baseline -0.006 -12"><span class='ocrx_word' id='word_1_188' title='bbox 503 1716 601 1751; x_wconf 84' lang='lat' dir='ltr'><strong>quas</strong></span> <span class='ocrx_word' id='word_1_189' title='bbox 635 1701 791 1750; x_wconf 83' lang='lat' dir='ltr'><strong>expedit</strong></span> <span class='ocrx_word' id='word_1_190' title='bbox 823 1701 1033 1737; x_wconf 88' lang='lat' dir='ltr'><strong>subticere.</strong></span> 
     </span>
    </p>

    <p class='ocr_par' dir='ltr' id='par_1_10' title="bbox 230 1756 1864 1924">
     <span class='ocr_line' id='line_1_26' title="bbox 287 1756 1864 1807; baseline -0.001 -14"><span class='ocrx_word' id='word_1_191' title='bbox 287 1767 418 1794; x_wconf 75' lang='lat' dir='ltr'><strong>Christ&#39;s</strong></span> <span class='ocrx_word' id='word_1_192' title='bbox 561 1762 638 1797; x_wconf 84' lang='lat' dir='ltr'><strong>Sed</strong></span> <span class='ocrx_word' id='word_1_193' title='bbox 672 1759 777 1796; x_wconf 84' lang='lat' dir='ltr'><strong>circa</strong></span> <span class='ocrx_word' id='word_1_194' title='bbox 811 1760 913 1796; x_wconf 87' lang='lat' dir='ltr'><strong>hanc</strong></span> <span class='ocrx_word' id='word_1_195' title='bbox 946 1759 1155 1807; x_wconf 86' lang='lat' dir='ltr'><strong>epistolam</strong></span> <span class='ocrx_word' id='word_1_196' title='bbox 1193 1756 1409 1803; x_wconf 86' lang='lat' dir='ltr'><strong>dubitatur,</strong></span> <span class='ocrx_word' id='word_1_197' title='bbox 1445 1765 1579 1792; x_wconf 87' lang='lat' dir='ltr'><strong>utrum</strong></span> <span class='ocrx_word' id='word_1_198' title='bbox 1610 1756 1864 1804; x_wconf 78' lang='lat' dir='ltr'><strong>pertineat25</strong></span> 
     </span>
     <span class='ocr_line' id='line_1_27' title="bbox 230 1805 1807 1866; baseline -0.003 -11"><span class='ocrx_word' id='word_1_199' title='bbox 230 1805 470 1863; x_wconf 45' lang='lat' dir='ltr'><strong>”ffissfdngqnss-gfa</strong></span> <span class='ocrx_word' id='word_1_200' title='bbox 504 1819 584 1866; x_wconf 89' lang='lat' dir='ltr'><strong>regi</strong></span> <span class='ocrx_word' id='word_1_201' title='bbox 618 1819 795 1855; x_wconf 87' lang='lat' dir='ltr'><strong>celorum</strong></span> <span class='ocrx_word' id='word_1_202' title='bbox 839 1826 874 1853; x_wconf 90' lang='lat' dir='ltr'><strong>et</strong></span> <span class='ocrx_word' id='word_1_203' title='bbox 912 1817 967 1853; x_wconf 93' lang='lat' dir='ltr'><strong>sic</strong></span> <span class='ocrx_word' id='word_1_204' title='bbox 1007 1816 1164 1864; x_wconf 85' lang='lat' dir='ltr'><strong>regibus</strong></span> <span class='ocrx_word' id='word_1_205' title='bbox 1197 1825 1314 1862; x_wconf 85' lang='lat' dir='ltr'><strong>terre,</strong></span> <span class='ocrx_word' id='word_1_206' title='bbox 1348 1816 1568 1851; x_wconf 86' lang='lat' dir='ltr'><strong>secundum</strong></span> <span class='ocrx_word' id='word_1_207' title='bbox 1603 1814 1807 1851; x_wconf 87' lang='lat' dir='ltr'><strong>racionem</strong></span> 
     </span>
     <span class='ocr_line' id='line_1_28' title="bbox 236 1871 1807 1924; baseline -0.004 -10"><span class='ocrx_word' id='word_1_208' title='bbox 236 1871 352 1907; x_wconf 73' lang='lat' dir='ltr'><strong>earthly</strong></span> <span class='ocrx_word' id='word_1_209' title='bbox 373 1871 470 1906; x_wconf 74' lang='lat' dir='ltr'><strong>kings.</strong></span> <span class='ocrx_word' id='word_1_210' title='bbox 504 1876 703 1924; x_wconf 87' lang='lat' dir='ltr'><strong>triplicem</strong></span> <span class='ocrx_word' id='word_1_211' title='bbox 738 1875 975 1924; x_wconf 82' lang='lat' dir='ltr'><strong>predictam,</strong></span> <span class='ocrx_word' id='word_1_212' title='bbox 1010 1887 1174 1922; x_wconf 84' lang='lat' dir='ltr'><strong>regnum</strong></span> <span class='ocrx_word' id='word_1_213' title='bbox 1209 1886 1324 1910; x_wconf 89' lang='lat' dir='ltr'><strong>suum</strong></span> <span class='ocrx_word' id='word_1_214' title='bbox 1357 1874 1579 1921; x_wconf 87' lang='lat' dir='ltr'><strong>gubernare</strong></span> <span class='ocrx_word' id='word_1_215' title='bbox 1612 1873 1660 1909; x_wconf 90' lang='lat' dir='ltr'><strong>ad</strong></span> <span class='ocrx_word' id='word_1_216' title='bbox 1699 1872 1807 1908; x_wconf 89' lang='lat' dir='ltr'><strong>simi-</strong></span> 
     </span>
    </p>

    <p class='ocr_par' dir='ltr' id='par_1_11' title="bbox 503 1931 1906 2619">
     <span class='ocr_line' id='line_1_29' title="bbox 504 1931 1808 1977; baseline -0.003 -7"><span class='ocrx_word' id='word_1_217' title='bbox 504 1934 715 1971; x_wconf 90' lang='lat' dir='ltr'><strong>litudinem</strong></span> <span class='ocrx_word' id='word_1_218' title='bbox 758 1932 988 1977; x_wconf 86' lang='lat' dir='ltr'><strong>Trinitatis;</strong></span> <span class='ocrx_word' id='word_1_219' title='bbox 1041 1932 1096 1969; x_wconf 90' lang='lat' dir='ltr'><strong>sic</strong></span> <span class='ocrx_word' id='word_1_220' title='bbox 1149 1931 1253 1968; x_wconf 92' lang='lat' dir='ltr'><strong>enim</strong></span> <span class='ocrx_word' id='word_1_221' title='bbox 1308 1931 1460 1968; x_wconf 89' lang='lat' dir='ltr'><strong>dictum</strong></span> <span class='ocrx_word' id='word_1_222' title='bbox 1514 1939 1571 1967; x_wconf 89' lang='lat' dir='ltr'><strong>est</strong></span> <span class='ocrx_word' id='word_1_223' title='bbox 1614 1932 1808 1967; x_wconf 84' lang='lat' dir='ltr'><strong>Sermone</strong></span> 
     </span>
     <span class='ocr_line' id='line_1_30' title="bbox 505 1988 1808 2039; baseline -0.004 -10"><span class='ocrx_word' id='word_1_224' title='bbox 505 1994 623 2039; x_wconf 79' lang='lat' dir='ltr'>LIX03</span> <span class='ocrx_word' id='word_1_225' title='bbox 669 2000 706 2028; x_wconf 90' lang='lat' dir='ltr'><strong>et</strong></span> <span class='ocrx_word' id='word_1_226' title='bbox 755 1991 911 2028; x_wconf 89' lang='lat' dir='ltr'><strong>videtur</strong></span> <span class='ocrx_word' id='word_1_227' title='bbox 956 1992 1062 2039; x_wconf 85' lang='lat' dir='ltr'><strong>quod</strong></span> <span class='ocrx_word' id='word_1_228' title='bbox 1106 2003 1201 2036; x_wconf 83' lang='lat' dir='ltr'><strong>non,</strong></span> <span class='ocrx_word' id='word_1_229' title='bbox 1247 1989 1340 2038; x_wconf 90' lang='lat' dir='ltr'><strong>quia</strong></span> <span class='ocrx_word' id='word_1_230' title='bbox 1385 1988 1566 2026; x_wconf 86' lang='lat' dir='ltr'><strong>Christus</strong></span> <span class='ocrx_word' id='word_1_231' title='bbox 1610 1988 1808 2037; x_wconf 89' lang='lat' dir='ltr'><strong>permittit</strong></span> 
     </span>
     <span class='ocr_line' id='line_1_31' title="bbox 504 2046 1867 2098; baseline -0.003 -12"><span class='ocrx_word' id='word_1_232' title='bbox 504 2049 627 2098; x_wconf 85' lang='lat' dir='ltr'><strong>legios</strong></span> <span class='ocrx_word' id='word_1_233' title='bbox 661 2063 754 2086; x_wconf 91' lang='lat' dir='ltr'><strong>suos</strong></span> <span class='ocrx_word' id='word_1_234' title='bbox 786 2049 929 2097; x_wconf 78' lang='lat' dir='ltr'><strong>perire,</strong></span> <span class='ocrx_word' id='word_1_235' title='bbox 972 2057 1012 2085; x_wconf 89' lang='lat' dir='ltr'><strong>ut</strong></span> <span class='ocrx_word' id='word_1_236' title='bbox 1044 2057 1154 2097; x_wconf 90' lang='lat' dir='ltr'><strong>patet</strong></span> <span class='ocrx_word' id='word_1_237' title='bbox 1188 2049 1235 2084; x_wconf 92' lang='lat' dir='ltr'><strong>de</strong></span> <span class='ocrx_word' id='word_1_238' title='bbox 1269 2047 1510 2095; x_wconf 87' lang='lat' dir='ltr'><strong>martyribus</strong></span> <span class='ocrx_word' id='word_1_239' title='bbox 1544 2055 1580 2083; x_wconf 90' lang='lat' dir='ltr'><strong>et</strong></span> <span class='ocrx_word' id='word_1_240' title='bbox 1613 2046 1806 2095; x_wconf 87' lang='lat' dir='ltr'><strong>prescitis,</strong></span> <span class='ocrx_word' id='word_1_241' title='bbox 1826 2050 1867 2083; x_wconf 79' lang='lat'><strong>30</strong></span> 
     </span>
     <span class='ocr_line' id='line_1_32' title="bbox 505 2106 1806 2156; baseline -0.004 -11"><span class='ocrx_word' id='word_1_242' title='bbox 505 2121 598 2156; x_wconf 89' lang='lat' dir='ltr'><strong>ergo</strong></span> <span class='ocrx_word' id='word_1_243' title='bbox 632 2121 653 2145; x_wconf 93' lang='lat' dir='ltr'><strong>a</strong></span> <span class='ocrx_word' id='word_1_244' title='bbox 687 2107 807 2144; x_wconf 87' lang='lat' dir='ltr'><strong>simili</strong></span> <span class='ocrx_word' id='word_1_245' title='bbox 840 2119 950 2155; x_wconf 88' lang='lat' dir='ltr'><strong>reges</strong></span> <span class='ocrx_word' id='word_1_246' title='bbox 974 2116 1078 2143; x_wconf 85' lang='lat' dir='ltr'><strong>terre</strong></span> <span class='ocrx_word' id='word_1_247' title='bbox 1101 2106 1156 2143; x_wconf 91' lang='lat' dir='ltr'><strong>sic</strong></span> <span class='ocrx_word' id='word_1_248' title='bbox 1179 2106 1477 2155; x_wconf 88' lang='lat' dir='ltr'><strong>permitterent;</strong></span> <span class='ocrx_word' id='word_1_249' title='bbox 1511 2106 1579 2141; x_wconf 90' lang='lat' dir='ltr'><strong>sed</strong></span> <span class='ocrx_word' id='word_1_250' title='bbox 1613 2113 1806 2153; x_wconf 90' lang='lat' dir='ltr'><strong>quantum</strong></span> 
     </span>
     <span class='ocr_line' id='line_1_33' title="bbox 505 2162 1808 2214; baseline -0.004 -11"><span class='ocrx_word' id='word_1_251' title='bbox 505 2167 554 2203; x_wconf 88' lang='lat' dir='ltr'><strong>ad</strong></span> <span class='ocrx_word' id='word_1_252' title='bbox 587 2166 706 2212; x_wconf 91' lang='lat' dir='ltr'><strong>istud,</strong></span> <span class='ocrx_word' id='word_1_253' title='bbox 755 2174 907 2202; x_wconf 86' lang='lat' dir='ltr'><strong>certum</strong></span> <span class='ocrx_word' id='word_1_254' title='bbox 942 2174 999 2202; x_wconf 92' lang='lat' dir='ltr'><strong>est</strong></span> <span class='ocrx_word' id='word_1_255' title='bbox 1033 2166 1139 2214; x_wconf 91' lang='lat' dir='ltr'><strong>quod</strong></span> <span class='ocrx_word' id='word_1_256' title='bbox 1174 2163 1339 2200; x_wconf 90' lang='lat' dir='ltr'><strong>dubium</strong></span> <span class='ocrx_word' id='word_1_257' title='bbox 1373 2172 1580 2211; x_wconf 87' lang='lat' dir='ltr'><strong>tamquam</strong></span> <span class='ocrx_word' id='word_1_258' title='bbox 1616 2162 1808 2199; x_wconf 88' lang='lat' dir='ltr'><strong>articulus</strong></span> 
     </span>
     <span class='ocr_line' id='line_1_34' title="bbox 505 2220 1808 2267; baseline -0.003 -7"><span class='ocrx_word' id='word_1_259' title='bbox 505 2224 597 2260; x_wconf 85' lang='lat' dir='ltr'><strong>fidei</strong></span> <span class='ocrx_word' id='word_1_260' title='bbox 632 2233 688 2261; x_wconf 87' lang='lat' dir='ltr'><strong>est</strong></span> <span class='ocrx_word' id='word_1_261' title='bbox 734 2225 991 2260; x_wconf 89' lang='lat' dir='ltr'><strong>credendum.</strong></span> <span class='ocrx_word' id='word_1_262' title='bbox 1045 2226 1126 2259; x_wconf 89' lang='lat' dir='ltr'><strong>Nec</strong></span> <span class='ocrx_word' id='word_1_263' title='bbox 1170 2223 1272 2259; x_wconf 89' lang='lat' dir='ltr'><strong>foret</strong></span> <span class='ocrx_word' id='word_1_264' title='bbox 1317 2221 1497 2267; x_wconf 86' lang='lat' dir='ltr'><strong>dubium,</strong></span> <span class='ocrx_word' id='word_1_265' title='bbox 1542 2220 1617 2256; x_wconf 88' lang='lat' dir='ltr'><strong>nisi</strong></span> <span class='ocrx_word' id='word_1_266' title='bbox 1663 2220 1808 2257; x_wconf 88' lang='lat' dir='ltr'><strong>fuerint</strong></span> 
     </span>
     <span class='ocr_line' id='line_1_35' title="bbox 504 2278 1807 2330; baseline -0.003 -12"><span class='ocrx_word' id='word_1_267' title='bbox 504 2282 696 2318; x_wconf 84' lang='lat' dir='ltr'><strong>infideles.</strong></span> <span class='ocrx_word' id='word_1_268' title='bbox 750 2284 797 2318; x_wconf 85' lang='lat' dir='ltr'><strong>Et</strong></span> <span class='ocrx_word' id='word_1_269' title='bbox 842 2290 1036 2330; x_wconf 87' lang='lat' dir='ltr'><strong>quantum</strong></span> <span class='ocrx_word' id='word_1_270' title='bbox 1083 2282 1132 2317; x_wconf 85' lang='lat' dir='ltr'><strong>ad</strong></span> <span class='ocrx_word' id='word_1_271' title='bbox 1172 2288 1453 2329; x_wconf 82' lang='lat' dir='ltr'><strong>argumentum</strong></span> <span class='ocrx_word' id='word_1_272' title='bbox 1487 2279 1527 2315; x_wconf 87' lang='lat' dir='ltr'><strong>in</strong></span> <span class='ocrx_word' id='word_1_273' title='bbox 1559 2278 1807 2327; x_wconf 88' lang='lat' dir='ltr'><strong>oppositum,</strong></span> 
     </span>
     <span class='ocr_line' id='line_1_36' title="bbox 504 2338 1866 2388; baseline -0.004 -12"><span class='ocrx_word' id='word_1_274' title='bbox 504 2348 612 2388; x_wconf 89' lang='lat' dir='ltr'><strong>patet</strong></span> <span class='ocrx_word' id='word_1_275' title='bbox 658 2341 765 2388; x_wconf 85' lang='lat' dir='ltr'><strong>quod</strong></span> <span class='ocrx_word' id='word_1_276' title='bbox 804 2340 946 2376; x_wconf 87' lang='lat' dir='ltr'><strong>falsum</strong></span> <span class='ocrx_word' id='word_1_277' title='bbox 981 2338 1211 2385; x_wconf 77' lang='lat' dir='ltr'><strong>assumitur,</strong></span> <span class='ocrx_word' id='word_1_278' title='bbox 1258 2351 1347 2375; x_wconf 89' lang='lat' dir='ltr'><strong>cum</strong></span> <span class='ocrx_word' id='word_1_279' title='bbox 1387 2350 1452 2374; x_wconf 82' lang='lat' dir='ltr'><strong>rex</strong></span> <span class='ocrx_word' id='word_1_280' title='bbox 1490 2346 1670 2373; x_wconf 87' lang='lat' dir='ltr'><strong>terrenus</strong></span> <span class='ocrx_word' id='word_1_281' title='bbox 1704 2349 1808 2372; x_wconf 85' lang='lat' dir='ltr'><strong>exer-</strong></span> <span class='ocrx_word' id='word_1_282' title='bbox 1827 2338 1866 2371; x_wconf 74' lang='lat'><strong>‘35</strong></span> 
     </span>
     <span class='ocr_line' id='line_1_37' title="bbox 504 2385 1906 2450; baseline -0.003 -16"><span class='ocrx_word' id='word_1_283' title='bbox 504 2398 630 2435; x_wconf 88' lang='lat' dir='ltr'><strong>citans</strong></span> <span class='ocrx_word' id='word_1_284' title='bbox 676 2397 820 2434; x_wconf 88' lang='lat' dir='ltr'><strong>milites</strong></span> <span class='ocrx_word' id='word_1_285' title='bbox 865 2410 957 2434; x_wconf 89' lang='lat' dir='ltr'><strong>suos</strong></span> <span class='ocrx_word' id='word_1_286' title='bbox 1000 2406 1042 2433; x_wconf 88' lang='lat' dir='ltr'><strong>ut</strong></span> <span class='ocrx_word' id='word_1_287' title='bbox 1070 2392 1076 2450; x_wconf 81' lang='grc' dir='ltr'>Ι</span> <span class='ocrx_word' id='word_1_288' title='bbox 1105 2395 1345 2434; x_wconf 88' lang='lat' dir='ltr'><strong>laudabilius</strong></span> <span class='ocrx_word' id='word_1_289' title='bbox 1389 2396 1649 2444; x_wconf 88' lang='lat' dir='ltr'><strong>postmodum</strong></span> <span class='ocrx_word' id='word_1_290' title='bbox 1695 2407 1808 2431; x_wconf 91' lang='lat' dir='ltr'><strong>coro-</strong></span> <span class='ocrx_word' id='word_1_291' title='bbox 1825 2385 1906 2447; x_wconf 45' lang='lat' dir='ltr'><strong>FOlg</strong></span> 
     </span>
     <span class='ocr_line' id='line_1_38' title="bbox 504 2441 1885 2504; baseline -0.004 -12"><span class='ocrx_word' id='word_1_292' title='bbox 504 2464 646 2492; x_wconf 88' lang='lat' dir='ltr'><strong>nentur</strong></span> <span class='ocrx_word' id='word_1_293' title='bbox 685 2469 766 2493; x_wconf 92' lang='lat' dir='ltr'><strong>non</strong></span> <span class='ocrx_word' id='word_1_294' title='bbox 798 2455 995 2504; x_wconf 86' lang='lat' dir='ltr'><strong>permittit</strong></span> <span class='ocrx_word' id='word_1_295' title='bbox 1027 2467 1099 2491; x_wconf 88' lang='lat' dir='ltr'><strong>nec</strong></span> <span class='ocrx_word' id='word_1_296' title='bbox 1132 2454 1387 2492; x_wconf 88' lang='lat' dir='ltr'><strong>occasionem</strong></span> <span class='ocrx_word' id='word_1_297' title='bbox 1421 2453 1559 2490; x_wconf 89' lang='lat' dir='ltr'><strong>tribuit</strong></span> <span class='ocrx_word' id='word_1_298' title='bbox 1592 2452 1646 2489; x_wconf 88' lang='lat' dir='ltr'><strong>eis</strong></span> <span class='ocrx_word' id='word_1_299' title='bbox 1679 2461 1721 2488; x_wconf 88' lang='lat' dir='ltr'><strong>ut</strong></span> <span class='ocrx_word' id='word_1_300' title='bbox 1754 2441 1885 2488; x_wconf 67' lang='lat' dir='ltr'><strong>sic291</strong></span> 
     </span>
     <span class='ocr_line' id='line_1_39' title="bbox 503 2510 1809 2562; baseline -0.003 -12"><span class='ocrx_word' id='word_1_301' title='bbox 503 2522 681 2562; x_wconf 85' lang='lat' dir='ltr'><strong>pereant.</strong></span> <span class='ocrx_word' id='word_1_302' title='bbox 728 2515 820 2550; x_wconf 89' lang='lat' dir='ltr'><strong>Ideo</strong></span> <span class='ocrx_word' id='word_1_303' title='bbox 855 2514 981 2550; x_wconf 89' lang='lat' dir='ltr'><strong>multo</strong></span> <span class='ocrx_word' id='word_1_304' title='bbox 1016 2513 1140 2561; x_wconf 89' lang='lat' dir='ltr'><strong>magis</strong></span> <span class='ocrx_word' id='word_1_305' title='bbox 1174 2525 1239 2549; x_wconf 82' lang='lat' dir='ltr'><strong>rex</strong></span> <span class='ocrx_word' id='word_1_306' title='bbox 1272 2513 1450 2549; x_wconf 88' lang='lat' dir='ltr'><strong>celorum</strong></span> <span class='ocrx_word' id='word_1_307' title='bbox 1485 2511 1704 2548; x_wconf 84' lang='lat' dir='ltr'><strong>exercitans</strong></span> <span class='ocrx_word' id='word_1_308' title='bbox 1738 2510 1809 2546; x_wconf 90' lang='lat' dir='ltr'><strong>mi-</strong></span> 
     </span>
     <span class='ocr_line' id='line_1_40' title="bbox 503 2567 1809 2619; baseline -0.002 -12"><span class='ocrx_word' id='word_1_309' title='bbox 503 2571 591 2608; x_wconf 91' lang='lat' dir='ltr'><strong>lites</strong></span> <span class='ocrx_word' id='word_1_310' title='bbox 624 2585 716 2608; x_wconf 90' lang='lat' dir='ltr'><strong>suos</strong></span> <span class='ocrx_word' id='word_1_311' title='bbox 750 2580 787 2608; x_wconf 92' lang='lat' dir='ltr'><strong>et</strong></span> <span class='ocrx_word' id='word_1_312' title='bbox 820 2583 1061 2608; x_wconf 69' lang='lat' dir='ltr'><strong>conservans</strong></span> <span class='ocrx_word' id='word_1_313' title='bbox 1093 2579 1219 2608; x_wconf 88' lang='lat' dir='ltr'><strong>totam</strong></span> <span class='ocrx_word' id='word_1_314' title='bbox 1253 2569 1581 2619; x_wconf 87' lang='lat' dir='ltr'><strong>personalitatem</strong></span> <span class='ocrx_word' id='word_1_315' title='bbox 1606 2569 1646 2605; x_wconf 89' lang='lat' dir='ltr'><strong>in</strong></span> <span class='ocrx_word' id='word_1_316' title='bbox 1668 2567 1809 2617; x_wconf 90' lang='lat' dir='ltr'><strong>spiritu</strong></span> 
     </span>
    </p>
   </div>
   <div class='ocr_carea' id='block_1_3' title="bbox 502 2627 1868 2678">
    <p class='ocr_par' dir='ltr' id='par_1_12' title="bbox 502 2627 1868 2678">
     <span class='ocr_line' id='line_1_41' title="bbox 502 2627 1868 2678; baseline -0.004 -13"><span class='ocrx_word' id='word_1_317' title='bbox 502 2642 583 2665; x_wconf 90' lang='lat' dir='ltr'><strong>non</strong></span> <span class='ocrx_word' id='word_1_318' title='bbox 606 2629 803 2677; x_wconf 89' lang='lat' dir='ltr'><strong>permittit</strong></span> <span class='ocrx_word' id='word_1_319' title='bbox 828 2642 893 2666; x_wconf 86' lang='lat' dir='ltr'><strong>eos</strong></span> <span class='ocrx_word' id='word_1_320' title='bbox 917 2629 1046 2678; x_wconf 88' lang='lat' dir='ltr'><strong>perire</strong></span> <span class='ocrx_word' id='word_1_321' title='bbox 1071 2630 1138 2665; x_wconf 92' lang='lat' dir='ltr'><strong>sed</strong></span> <span class='ocrx_word' id='word_1_322' title='bbox 1164 2628 1377 2677; x_wconf 89' lang='lat' dir='ltr'><strong>gloriosius</strong></span> <span class='ocrx_word' id='word_1_323' title='bbox 1402 2627 1600 2673; x_wconf 85' lang='lat' dir='ltr'><strong>coronari,</strong></span> <span class='ocrx_word' id='word_1_324' title='bbox 1624 2639 1809 2675; x_wconf 89' lang='lat' dir='ltr'><strong>verump-</strong></span> <span class='ocrx_word' id='word_1_325' title='bbox 1823 2639 1868 2670; x_wconf 76' lang='lat'><strong>40</strong></span> 
     </span>
    </p>
   </div>
   <div class='ocr_carea' id='block_1_4' title="bbox 503 2748 1811 2847">
    <p class='ocr_par' dir='ltr' id='par_1_13' title="bbox 503 2748 1811 2847">
     <span class='ocr_line' id='line_1_42' title="bbox 571 2748 1808 2791; baseline -0.002 -14"><span class='ocrx_word' id='word_1_326' title='bbox 571 2750 594 2778; x_wconf 84' lang='lat'><strong>5.</strong></span> <span class='ocrx_word' id='word_1_327' title='bbox 617 2751 732 2791; x_wconf 42' lang='lat' dir='ltr'><strong>comi-³</strong></span> <span class='ocrx_word' id='word_1_328' title='bbox 753 2755 890 2786; x_wconf 71' lang='lat' dir='ltr'><strong>possunt.</strong></span> <span class='ocrx_word' id='word_1_329' title='bbox 947 2759 972 2785; x_wconf 83' lang='lat'><strong>7.</strong></span> <span class='ocrx_word' id='word_1_330' title='bbox 994 2752 1037 2778; x_wconf 84' lang='lat' dir='ltr'><strong>A:</strong></span> <span class='ocrx_word' id='word_1_331' title='bbox 1060 2750 1097 2778; x_wconf 81' lang='lat' dir='ltr'><strong>Et</strong></span> <span class='ocrx_word' id='word_1_332' title='bbox 1116 2754 1210 2778; x_wconf 82' lang='lat' dir='ltr'><strong>notat.</strong></span> <span class='ocrx_word' id='word_1_333' title='bbox 1274 2751 1314 2778; x_wconf 79' lang='lat'><strong>16.</strong></span> <span class='ocrx_word' id='word_1_334' title='bbox 1337 2750 1377 2778; x_wconf 85' lang='lat' dir='ltr'><strong>F:</strong></span> <span class='ocrx_word' id='word_1_335' title='bbox 1399 2749 1642 2787; x_wconf 79' lang='lat' dir='ltr'><strong>congregabunt.</strong></span> <span class='ocrx_word' id='word_1_336' title='bbox 1706 2748 1744 2776; x_wconf 83' lang='lat'><strong>18.</strong></span> <span class='ocrx_word' id='word_1_337' title='bbox 1766 2749 1808 2775; x_wconf 83' lang='lat' dir='ltr'><strong>A:</strong></span> 
     </span>
     <span class='ocr_line' id='line_1_43' title="bbox 503 2783 1811 2847; baseline -0.002 -35"><span class='ocrx_word' id='word_1_338' title='bbox 503 2788 602 2847; x_wconf 33' lang='lat' dir='ltr'><strong>{amittet-§n</strong></span> <span class='ocrx_word' id='word_1_339' title='bbox 634 2794 750 2847; x_wconf 47' lang='lat' dir='ltr'><strong>crcesctzse.</strong></span> <span class='ocrx_word' id='word_1_340' title='bbox 813 2794 854 2813; x_wconf 82' lang='lat'><strong>22.</strong></span> <span class='ocrx_word' id='word_1_341' title='bbox 877 2786 980 2814; x_wconf 80' lang='lat' dir='ltr'><strong>Recte:</strong></span> <span class='ocrx_word' id='word_1_342' title='bbox 1001 2785 1199 2813; x_wconf 75' lang='lat' dir='ltr'><strong>solummodo.</strong></span> <span class='ocrx_word' id='word_1_343' title='bbox 1263 2793 1306 2821; x_wconf 80' lang='lat'><strong>²7·</strong></span> <span class='ocrx_word' id='word_1_344' title='bbox 1323 2786 1367 2814; x_wconf 88' lang='lat' dir='ltr'><strong>A:</strong></span> <span class='ocrx_word' id='word_1_345' title='bbox 1389 2786 1509 2813; x_wconf 74' lang='lat' dir='ltr'><strong>dictam.</strong></span> <span class='ocrx_word' id='word_1_346' title='bbox 1571 2783 1617 2813; x_wconf 74' lang='lat'><strong>30.</strong></span> <span class='ocrx_word' id='word_1_347' title='bbox 1638 2785 1683 2813; x_wconf 85' lang='lat' dir='ltr'><strong>A:</strong></span> <span class='ocrx_word' id='word_1_348' title='bbox 1704 2783 1811 2811; x_wconf 73' lang='lat' dir='ltr'><strong>lauda-</strong></span> 
     </span>
    </p>
   </div>
   <div class='ocr_carea' id='block_1_5' title="bbox 576 2880 1154 2924">
    <p class='ocr_par' dir='ltr' id='par_1_14' title="bbox 576 2880 1154 2924">
     <span class='ocr_line' id='line_1_44' title="bbox 576 2880 1154 2924; baseline 0.003 -14"><span class='ocrx_word' id='word_1_349' title='bbox 576 2889 627 2924; x_wconf 59' lang='grc' dir='ltr'><strong>ει).</strong></span> <span class='ocrx_word' id='word_1_350' title='bbox 655 2882 763 2912; x_wconf 80' lang='lat' dir='ltr'><strong>Serm.</strong></span> <span class='ocrx_word' id='word_1_351' title='bbox 790 2890 868 2923; x_wconf 83' lang='lat' dir='ltr'><strong>pars</strong></span> <span class='ocrx_word' id='word_1_352' title='bbox 895 2881 946 2921; x_wconf 81' lang='grc' dir='ltr'>ΙΙΙ,</span> <span class='ocrx_word' id='word_1_353' title='bbox 974 2891 1051 2924; x_wconf 81' lang='lat' dir='ltr'><strong>pag.</strong></span> <span class='ocrx_word' id='word_1_354' title='bbox 1080 2880 1154 2912; x_wconf 67' lang='lat'>518.</span> 
     </span>
    </p>
   </div>
  </div>
 </body>
</html>
