2062 3276
196 264 279 297 414

196 1012 353 1039 Prevalent
373 1012 455 1039 vices

224 1047 322 1074 which
345 1047 428 1074 shew

189 1082 255 1109 that
274 1089 319 1108 we
340 1082 380 1109 do
402 1086 455 1109 not

240 1117 307 1144 love
330 1116 409 1144 God.

241 1475 301 1504 We
322 1482 403 1504 must

204 1512 327 1539 honour
347 1511 445 1539 God's

205 1554 311 1580 name3
334 1547 397 1574 that
417 1547 443 1575 is

265 1581 381 1609 Christ.

778 261 1001 293 JOHANNIS
1019 262 1204 293 WVCLIF
1223 262 1479 294 SERMONUM
1541 249 1694 307 [SERMO
1715 260 1793 288 LIII·

483 368 605 403 modo
621 368 775 415 (queso)
791 376 923 415 posset
939 368 1140 405 beneficus
1163 368 1251 416 plus
1274 369 1404 405 facere
1427 381 1547 417 quam
1572 371 1793 417 producere

481 437 554 461 nos
586 425 634 461 de
657 437 755 472 pure
778 425 928 462 nichilo
951 435 1031 462 tam
1055 427 1274 463 secundum
1298 439 1442 475 corpus
1466 440 1587 475 quam
1615 428 1791 465 animam

483 491 519 518 et
552 482 807 519 introducere
848 496 922 520 nos
961 483 1000 520 in
1039 484 1262 521 dominium
1304 484 1432 521 tocius
1470 485 1620 522 fabrice
1654 486 1791 522 mundi

481 540 701 577 sensibilis?
730 540 770 577 Si
794 550 928 578 autern
951 551 1152 590 temptare
1174 544 1372 589 volumus,
1396 543 1427 579 si
1452 543 1576 580 simus
1601 544 1654 580 rei
1680 544 1792 580 istius

481 598 675 645 criminis,
708 599 915 636 videamus
939 609 1087 646 utrum7
1111 600 1228 648 positi
1253 600 1292 637 in
1316 601 1540 649 adopcione
1562 603 1623 639 vel
1646 603 1824 639 habere5

480 657 689 705 quodlibet
733 658 882 693 bonurn
929 667 1107 695 creatum
1153 659 1212 695 vel
1256 659 1458 695 offendere
1502 659 1541 695 in
1585 660 1792 708 quodlibet

480 716 780 761 mandatorum,
804 716 943 763 pocius
967 716 1202 764 eligeremus
1225 718 1391 765 perdere
1415 718 1624 765 quodlibet
1643 720 1790 754 bonum

479 773 669 821 possibile
713 782 929 821 antequam
982 775 1276 811 offenderemus
1328 777 1534 822 peccando
1578 786 1792 825 quantun]-

480 843 638 879 cunque
682 831 818 867 leviter
855 833 914 867 vel
960 841 1137 869 econtra.
1191 834 1308 878 Quod
1348 833 1379 868 si
1420 834 1569 870 bonum
1610 844 1789 871 creatum

478 888 755 937 preponimus,
796 889 1037 926 offendimus
1071 890 1110 926 in
1144 890 1318 938 primum
1351 893 1585 928 mandatum
1611 892 1789 941 decalogi
1811 907 1849 928 ιο

480 956 517 983 et
549 946 667 983 aliter
698 959 792 983 non.

538 1006 651 1041 Unde
684 1006 808 1053 (quod
841 1006 1056 1041 dolendum
1093 1006 1166 1052 est)
1200 1005 1239 1042 in
1272 1006 1348 1043 isto
1376 1016 1488 1044 reatu
1511 1020 1650 1044 sumus
1672 1007 1791 1044 nimis

480 1063 593 1099 multi
628 1063 665 1099 in
699 1062 878 1108 ecclesia,
914 1072 955 1099 ut
988 1073 1096 1112 patet
1130 1065 1178 1100 de
1212 1064 1391 1101 iuridicis
1424 1075 1460 1102 et
1493 1065 1791 1114 periurantibus

477 1130 642 1169 propter
692 1121 895 1169 pecunias,
962 1123 1009 1158 de
1066 1121 1472 1160 circumvenientibus
1528 1124 1567 1160 in
1624 1124 1791 1171 negocio

477 1179 619 1215 fratres
642 1192 734 1215 suos
758 1188 795 1215 et
819 1181 866 1215 de
890 1179 1129 1216 habentibus
1153 1180 1309 1228 linguas
1324 1181 1524 1229 viperinas
1541 1181 1790 1218 mittentibus
1811 1186 1847 1218 15

477 1238 710 1273 scandalum
737 1236 839 1273 inter
862 1238 1016 1274 fratres.
1050 1239 1147 1274 Illud
1172 1239 1275 1275 enim
1308 1240 1442 1287 gracia
1466 1239 1577 1276 cuius
1600 1239 1790 1276 omittunt

476 1295 779 1332 observanciam
805 1296 984 1332 mandati
1010 1296 1079 1332 Dei
1103 1305 1141 1332 et
1164 1309 1234 1344 per
1256 1309 1504 1345 consequens
1528 1297 1787 1335 dileccionem

476 1353 547 1389 Dei
571 1354 660 1401 plus
684 1353 852 1400 diligunt
871 1367 991 1402 quam
1010 1354 1079 1390 Dei
1105 1354 1365 1392 dileccionem
1392 1365 1428 1392 et
1453 1369 1523 1404 per
1541 1369 1790 1405 consequens

475 1412 564 1459 plus
597 1424 716 1459 quam
752 1413 895 1448 Deum.

535 1470 720 1506 Secundo
767 1471 958 1506 debemus
997 1472 1124 1506 Deum
1172 1471 1334 1519 diligere
1380 1472 1419 1507 in
1464 1480 1542 1508 tota
1581 1473 1708 1508 anima
1753 1481 1790 1508 et
1807 1487 1848 1509 20

476 1539 547 1575 per
579 1540 829 1576 consequens
862 1541 934 1564 non
967 1529 1143 1577 accipere
1173 1542 1307 1565 nomen
1331 1530 1407 1566 Dei
1428 1532 1554 1566 nostri
1574 1531 1610 1566 in
1635 1544 1788 1574 vanum,

475 1598 524 1622 ne
568 1586 820 1622 offendamus
871 1595 1010 1622 contra
1061 1588 1279 1623 secundum
1332 1600 1545 1635 personam
1600 1588 1788 1634 divinam,

475 1655 551 1692 que
584 1653 640 1680 est
670 1643 708 1679 in
731 1644 859 1680 forma
884 1645 955 1680 Dei
980 1644 1107 1681 Patris
1130 1654 1166 1681 et
1189 1647 1361 1681 Verbum
1388 1655 1424 1682 et
1448 1659 1517 1694 per
1541 1659 1790 1695 consequens

473 1714 622 1738 nomen
656 1701 740 1738 Dei.
776 1704 875 1739 Curn
911 1702 1015 1738 enim
1049 1705 1154 1739 Deus
1188 1716 1267 1739 non
1307 1704 1436 1739 solum
1471 1714 1578 1740 creat
1617 1718 1689 1741 nos
1721 1706 1789 1741 sed

473 1761 669 1807 gubernat
708 1769 745 1796 et
784 1769 937 1796 recreat
976 1763 1195 1797 secundum
1236 1773 1383 1798 nomen
1428 1775 1543 1798 suum
1584 1764 1691 1811 quod
1732 1772 1789 1799 est
1807 1767 1845 1799 25

473 1817 595 1854 turris
627 1818 846 1854 fortissima
878 1831 947 1866 per
971 1820 1078 1867 quod
1111 1819 1299 1867 fugantur
1322 1821 1525 1867 demones,
1559 1820 1687 1869 angeli
1721 1822 1788 1857 ad-

470 1885 667 1912 vocantur
689 1885 726 1912 et
749 1876 975 1924 spiritualia
999 1876 1215 1914 carismata
1242 1880 1299 1924 (ut
1322 1887 1431 1926 patet
1455 1880 1502 1915 de
1526 1878 1788 1915 sacramentis

472 1943 509 1970 et
532 1931 910 1986 sacramentalibus)
934 1935 1189 1972 invocantur:
1226 1948 1315 1972 cum
1346 1945 1497 1984 quanto
1521 1949 1613 1985 ergo
1637 1937 1789 1973 honore

472 1993 620 2029 coleret
636 1992 867 2029 christicola
891 1992 989 2029 illud
1013 2006 1173 2039 nomen,
1195 2006 1285 2030 cum
1310 1995 1530 2031 secundum
1546 1995 1785 2043 Apostolum

471 2051 558 2086 Act.
600 2052 683 2096 ΙΨ),
725 2060 769 2087 12
822 2063 893 2086 non
945 2059 1001 2087 est
1043 2052 1152 2087 aliud
1201 2064 1335 2088 nomen
1386 2053 1454 2089 sub
1504 2053 1584 2089 celo
1636 2054 1671 2088 in
1716 2065 1788 2101 quo
1805 2057 1846 2088 30

471 2115 622 2157 oportet
655 2121 722 2145 nos
753 2109 884 2145 salvos
903 2109 1011 2158 fieri.
1048 2109 1158 2146 Sicut
1192 2110 1298 2146 enim
1337 2110 1536 2147 medicina
1565 2110 1787 2159 corporalis

470 2179 550 2202 non
595 2166 756 2214 proficit
803 2166 878 2202 nisi
923 2176 1167 2214 cooperante
1211 2177 1355 2204 natura
1405 2168 1634 2214 intrinseca,
1686 2168 1787 2204 sicut

471 2232 580 2272 patet
619 2226 666 2260 de
709 2224 876 2260 mortuis
916 2233 952 2260 et
992 2225 1175 2269 infirmis,
1222 2226 1277 2262 sic
1317 2238 1463 2262 nomen
1505 2226 1666 2262 Domini
1706 2239 1786 2262 non

470 2281 552 2329 agit
591 2283 639 2317 ad
680 2283 849 2318 salutern
892 2282 1064 2318 hominis
1103 2283 1178 2319 nisi
1218 2292 1460 2331 cooperante
1499 2284 1717 2320 devocione
1750 2293 1787 2320 et

470 2339 699 2376 reverencia
739 2339 912 2376 hominis
952 2342 1001 2376 ad
1042 2342 1116 2377 hoc
1161 2354 1322 2378 nornen.
1377 2343 1592 2386 Quomodo
1631 2342 1842 2390 (queso)35

470 2409 564 2434 sane
603 2406 783 2445 speraret
822 2398 991 2434 salutem
1032 2411 1054 2435 a
1093 2398 1271 2448 reliquiis
1312 2408 1544 2436 sanctorum
1591 2400 1658 2448 qui
1698 2399 1786 2436 illas

470 2457 714 2492 conterendo
748 2455 1071 2504 parvipenderet,
1105 2457 1200 2505 quin
1224 2457 1362 2505 pocius
1385 2470 1425 2493 se
1448 2457 1577 2506 ipsum
1603 2457 1785 2506 dampni-

469 2514 607 2550 ficaret
650 2513 848 2550 visitando
901 2515 973 2550 sub
1022 2515 1095 2551 hac
1143 2515 1273 2552 forma
1326 2515 1535 2564 reliquias;
1587 2524 1623 2552 et
1667 2515 1784 2552 istam

469 2570 778 2608 irreverenciam
826 2573 947 2608 credo
994 2585 1156 2609 causam
1197 2585 1319 2621 quare
1357 2573 1523 2610 virtutes
1561 2586 1642 2610 non
1686 2573 1785 2610 fiunt

469 2629 587 2665 hodie
621 2629 661 2665 in
695 2629 767 2666 Dei
801 2629 969 2666 nomine
1002 2630 1102 2667 sicut
1135 2630 1246 2666 olim.
1797 2646 1843 2676 40

537 2749 565 2773 4.
587 2741 631 2767 A:
659 2740 688 2767 si
703 2749 825 2773 sumus;
850 2741 889 2768 ib.
914 2740 986 2770 DG:
1007 2741 1099 2769 illius.
1191 2749 1217 2773 7.
1240 2742 1312 2769 DG:
1335 2742 1471 2778 perdere
1489 2751 1587 2770 omne.
1680 2741 1717 2770 13.
1739 2743 1783 2770 A:

466 2774 610 2802 iuridicis
629 2783 679 2808 se;
705 2775 746 2802 ib.
766 2777 813 2803 A:
836 2776 1093 2811 periuriantibus.
1168 2776 1203 2811 15,
1227 2777 1267 2804 16.
1290 2778 1333 2804 A:
1355 2777 1394 2804 de
1412 2777 1585 2805 habentibus
1607 2793 1634 2796 -
1654 2777 1783 2805 scanda-

466 2808 527 2836 lum
548 2809 641 2836 deest.
703 2817 747 2845 27.
765 2809 839 2837 DG:
861 2810 897 2837 de
915 2811 1025 2838 sacris.
1088 2811 1132 2837 28.
1149 2811 1192 2838 D:
1214 2811 1324 2845 igitur.
1388 2810 1431 2846 37.
1448 2811 1491 2839 G:
1508 2811 1781 2847 parvipenderent.

539 2891 592 2912 21.
620 2881 730 2913 Exod.
758 2882 813 2922 111,
840 2891 871 2924 7.
