2062 3276
176 282 184 305 1
205 270 248 305 18
750 273 973 305 JOHANNIS
992 271 1176 303 WYCLIF
1197 270 1451 303 sERMONUM
1513 255 1666 314 [SERMO
1688 266 1769 295 xiv.

169 392 285 421 1.Tl1at
306 399 344 418 no
372 398 441 429 maii
458 393 696 418 conversans
730 379 938 416 nobiscum
973 378 1136 415 ecclesie
1161 376 1366 413 militantis
1390 377 1508 412 habet
1531 384 1772 424 potestatem

188 428 419 489 {mgbpgae-ienrot
458 438 687 476 absolvendi
738 439 798 474 vel
850 436 1116 473 distribuendi
1178 434 1401 483 spiritualia
1453 433 1647 470 beneficia
1699 433 1774 469 nisi

169 468 679 559 {xelssgjgaffifisitffsecundum
725 497 833 544 quod
876 495 1018 531 viderit
1063 495 1139 530 fide
1184 493 1242 529 vel
1286 491 1532 528 revelacione
1577 491 1661 528 fieri
1706 504 1775 539 per

269 564 344 593 him.
462 564 581 604 caput
615 554 779 591 ecclesie
812 552 1120 601 triumphantis3
1165 559 1274 600 patet
1319 563 1362 586 ex
1406 551 1481 585 hoc
1514 551 1621 597 quod
1656 558 1774 597 caput

462 612 625 650 ecclesie
668 611 954 660 triumphantis
998 619 1055 646 est
1095 613 1200 645 Deus
1244 608 1498 656 omnipotens
1542 620 1613 655 per
1656 609 1808 655 quem5

462 679 619 720 oportet
653 670 737 706 fieri
770 682 889 705 omne
922 670 1072 704 bonum
1108 668 1255 704 factum
1290 665 1453 703 ecclesie
1488 664 1708 701 militantis.

171 748 196 779 p.
219 739 286 767 The
307 738 437 766 crusade
520 729 704 765 Secunda
738 727 940 764 conclusio
973 725 1189 774 probabilis
1224 733 1280 761 est
1313 725 1421 772 quod
1452 722 1581 759 crucis
1605 722 1777 759 elevacio

170 783 196 802 ¹⁸
218 773 445 837 ssgtgffirsct'fed
462 787 539 823 iam
574 786 734 822 inventa
768 787 816 822 ad
852 785 1144 820 defendendum
1194 791 1345 831 partem
1391 781 1508 817 unius
1552 793 1654 829 pape
1699 780 1778 816 six-e

240 839 248 845 .
463 844 625 882 alterius
660 856 749 880 cum
785 842 867 879 suis
891 841 1206 878 circumstanciis
1231 854 1309 876 non
1334 849 1391 876 est
1414 852 1435 875 a
1459 838 1589 887 capite
1614 837 1778 875 ecclesie

464 901 670 938 militantis
704 902 944 949 approbata:
990 901 1180 935 suadetur
1224 911 1267 934 ex
1312 899 1386 933 hoc
1431 898 1538 945 quod
1584 896 1837 941 Christus‚1o

464 968 585 1008 caput
618 959 851 996 universalis
885 957 1048 994 ecclesie
1094 970 1172 993 non
1218 956 1272 992 sic
1317 957 1384 991 sed
1429 967 1499 1003 per
1530 954 1777 1002 pacienciam

464 1016 707 1055 contrariam
752 1017 983 1053 defenderat
1028 1024 1180 1063 partem
1227 1027 1353 1050 suam.
1407 1015 1487 1048 Nec
1531 1012 1606 1049 ista
1650 1011 1779 1048 crucis

465 1075 637 1112 elevacio
670 1075 827 1111 videtur
859 1087 1000 1110 sonare
1034 1073 1072 1109 in
1113 1072 1334 1114 caritatem,
1374 1071 1413 1107 in
1454 1070 1778 1107 observacionem

466 1134 752 1170 mandatorum
785 1133 845 1169 vel
878 1132 917 1168 in
951 1130 1253 1168 edificacionem
1289 1128 1466 1171 ecclesie,
1502 1137 1538 1164 et
1571 1137 1665 1164 tunc
1699 1140 1779 1163 non

465 1201 522 1228 est
556 1190 720 1227 indubie
754 1191 1028 1238 approbanda.
1801 1188 1836 1221 15

200 1259 225 1288 3.
247 1258 314 1286 The
334 1258 426 1298 friars
521 1248 664 1285 Tereia
698 1248 900 1285 conclusio
933 1247 963 1283 si
998 1248 1136 1283 fratres
1170 1245 1223 1282 sic
1257 1244 1492 1282 altrinsecus
1522 1242 1780 1291 preconizant

188 1294 438 1357 ζ’ΐὲοῃζξξέξξξὲ
465 1307 547 1344 sine
582 1306 826 1343 revelacione
851 1305 1136 1341 dissensionem
1162 1304 1292 1349 istam,
1326 1302 1511 1339 videntur
1534 1314 1617 1337 esse
1646 1298 1650 1353 Ι
1679 1301 1781 1337 blas·
1797 1282 1872 1361 gg·

274 1362 355 1390 God.
465 1365 600 1414 phemi
638 1364 862 1412 proditores
886 1363 957 1399 Dei
992 1372 1028 1399 et
1062 1362 1270 1409 utriusque
1303 1360 1479 1396 ecclesie.
1515 1360 1715 1395 Suadetur
1738 1371 1781 1394 ex

468 1425 541 1460 hoc
574 1424 682 1471 quod
715 1436 795 1458 non
830 1422 1115 1458 confirmarent
1148 1419 1263 1456 istam
1298 1418 1541 1455 sentenciam
1587 1416 1661 1453 nisi
1707 1418 1781 1453 hoc

469 1490 754 1529 cognoscerent
807 1492 889 1516 esse
943 1481 989 1515 de
1034 1477 1284 1526 beneplacito
1329 1476 1399 1512 Dei
1444 1475 1503 1511 sui
1549 1476 1656 1523 quod
1702 1487 1781 1510 non
1799 1489 1841 1511 20

469 1548 635 1588 possunt
670 1550 909 1586 cognoscere
942 1537 1017 1573 nisi
1051 1537 1098 1573 ad
1134 1537 1207 1572 hoc
1243 1534 1455 1571 habuerint
1479 1532 1780 1569 revelacionem.

191 1607 251 1636 We
272 1608 442 1646 mayhope
528 1599 560 1633 O
595 1597 625 1633 si
671 1598 772 1633 hanc
816 1596 997 1632 ultimam
1043 1593 1367 1642 persecucionem
1414 1590 1576 1628 ecclesie
1620 1599 1784 1638 propter

183 1642 454 1705 11tg¹sa{e{1¹¹cehg³de{¹f{e
469 1656 594 1691 fetens
647 1653 869 1690 dominium
923 1654 1173 1689 sacerdotum
1227 1651 1287 1688 vel
1347 1651 1502 1686 lucrum
1562 1658 1781 1685 stercorum

195 1712 380 1782 sumggixzessf
397 1711 444 1739 his
472 1712 736 1749 meridianum
773 1711 1004 1748 demonium
1044 1709 1262 1751 suscitabit,
1304 1707 1531 1744 consolacio
1575 1715 1645 1752 est,
1692 1719 1782 1742 cum

470 1783 594 1820 prope
627 1770 675 1806 sit
708 1769 937 1817 redempcio
970 1777 1105 1804 nostra
1136 1776 1172 1804 et
1194 1780 1264 1815 per
1287 1778 1535 1813 consequens
1559 1763 1783 1800 fiducialius
1801 1769 1839 1802 25

472 1838 528 1866 est
561 1830 774 1876 agendum.
821 1829 986 1864 Constat
1019 1826 1181 1874 quidem
1221 1825 1328 1873 quod
1362 1824 1464 1860 inter
1497 1823 1641 1859 multos
1674 1834 1784 1858 secu-

471 1888 573 1924 lares
606 1895 769 1935 propter
800 1885 1015 1922 vanitatem
1051 1885 1252 1920 mundane
1286 1881 1407 1930 glorie
1447 1890 1484 1917 et
1523 1879 1783 1928 cupiditatem

472 1954 694 1981 stercorum
729 1943 955 1980 audivimus
990 1943 1113 1978 multa
1148 1942 1249 1978 bella
1282 1938 1540 1989 particularia
1581 1937 1784 1974 suscitata.

474 2004 551 2039 Sed
595 2012 676 2039 tam
711 2002 935 2050 generalem
973 1999 1259 2036 dissensionem
1300 1999 1338 2034 in
1372 2006 1457 2033 toto
1491 1995 1786 2033 christianismo

474 2060 643 2097 occiduo
676 2073 755 2096 non
789 2058 1014 2096 audivimus
1048 2057 1131 2093 fieri
1167 2059 1238 2093 sub
1273 2058 1345 2093 hac
1379 2057 1526 2100 forma3
1568 2054 1679 2091 cuius
1712 2053 1787 2101 sig-
1804 2061 1846 2094 30

475 2131 571 2154 num
606 2126 662 2154 est
696 2117 878 2154 fidelibus
912 2118 1019 2164 quod
1053 2116 1245 2163 dyabolus
1278 2127 1349 2162 pro
1383 2122 1563 2161 tempore
1595 2110 1787 2148 viacionis

477 2175 641 2212 ecclesie
676 2185 732 2211 est
764 2175 803 2210 in
843 2187 1001 2210 summo
1046 2185 1114 2209 sue
1158 2172 1334 2209 versucie
1380 2172 1565 2207 elevatus.
1611 2171 1787 2217 Uterque

477 2233 581 2269 enim
606 2233 773 2269 istorum
797 2245 991 2280 paparum
1018 2232 1248 2267 exhortatur
1271 2228 1488 2278 quemlibet
1504 2225 1788 2264 christianismi

477 2290 602 2327 nostri
626 2292 698 2327 sub
721 2292 887 2327 obtentu
912 2289 1035 2326 eterni
1058 2288 1200 2336 premii
1224 2287 1404 2324 occidere
1420 2285 1610 2334 implicite
1627 2285 1787 2321 fratrem

478 2362 609 2394 suum,
656 2361 745 2385 cum
790 2349 850 2384 vel
893 2360 995 2383 unus
1040 2347 1099 2383 vel
1142 2346 1241 2382 alius
1286 2358 1389 2394 papa
1433 2343 1667 2380 vendicatur
1707 2354 1789 2378 esse
1807 2350 1845 2384 35

480 2415 599 2455 caput
644 2405 812 2443 alicuius
857 2405 1019 2442 ecclesie
1058 2403 1316 2441 occidentalis
1361 2412 1397 2438 et
1441 2401 1496 2438 sic
1542 2414 1614 2448 pro
1658 2400 1791 2436 defen-

480 2464 591 2501 sione
625 2476 743 2501 cause
776 2476 844 2500 sue
879 2465 993 2499 debet
1027 2461 1194 2511 quilibet
1239 2473 1366 2509 usque
1411 2461 1459 2496 ad
1506 2467 1674 2494 mortem
1710 2470 1791 2494 cer-

550 2632 574 2660 5.
596 2632 713 2659 Codd.:
735 2631 819 2667 quod
836 2634 880 2658 est
899 2631 989 2657 Deus.
1046 2630 1073 2657 6.
1094 2629 1163 2657 DE:
1184 2629 1292 2656 bonum
1303 2628 1458 2664 fratrum.
1521 2636 1546 2662 7.
1563 2627 1616 2654 DE
1630 2626 1659 2654 in
1676 2634 1790 2661 marg:

482 2667 624 2694 Secunda
645 2666 817 2698 conclusio;
843 2666 883 2693 ib.
904 2665 973 2692 DE:
996 2664 1169 2700 probabilis
1188 2663 1344 2690 “vident-111
1365 2666 1418 2690 est.
1481 2663 1507 2690 δ’.
1529 2662 1569 2689 E:
1596 2661 1685 2688 huius
1724 2668 1791 2695 ape.

482 2709 520 2729 12.
540 2702 583 2729 A:
612 2701 811 2736 defenderet:
836 2702 881 2728 A:
907 2699 1065 2735 defendat.
1192 2699 1232 2725 16.
1255 2698 1279 2725 Ι)
1301 2698 1329 2725 in
1352 2705 1465 2731 marg:
1492 2697 1600 2725 Ter-cia
1621 2703 1696 2723 conc
1710 2695 1788 2722 usio.

483 2735 521 2763 31.
542 2737 587 2764 A:
615 2739 750 2771 tempore
764 2734 1049 2771 peregrinacionis.
1122 2732 1168 2761 36.
1189 2734 1233 2761 A:
1260 2732 1436 2760 occidentis.

559 2853 605 2893 ¹⁶-
623 2842 760 2885 Wyclif,
788 2843 838 2873 De
870 2842 1094 2873 Dissensione
1126 2841 1208 2882 Pap.
1243 2840 1314 2871 Pol.
1343 2839 1480 2878 VVorks,
1509 2837 1590 2880 5733
1625 2836 1792 2872 Cruciata,

484 2899 561 2931 pag.
591 2898 665 2932 ³92·
