2062 3276
243 238 378 267 smnio
401 229 514 288 xvn-]
722 241 914 282 QUARTA
942 242 1067 273 mus.

243 347 373 384 volens
390 347 552 396 placere
571 347 704 384 Judeis
727 348 865 384 occidit
886 348 1071 384 „Iacobum
1097 348 1331 397 episcopum
1355 352 1555 399 Jerosoly-

243 405 441 442 mitanum
476 414 513 442 et
546 406 806 442 incarceravit
839 406 1012 442 Petrum.
1049 408 1163 443 Unde
1197 407 1270 444 iste
1295 408 1477 445 Herodes
1511 422 1555 446 ex

241 463 429 512 superbia
475 463 622 512 cupida
667 472 932 512 usurpaverat
977 464 1051 501 sibi
1098 477 1246 501 nomen
1294 465 1418 514 regis;
1465 479 1553 503 cum

241 530 377 559 autem
402 522 517 558 Judei
552 522 712 558 fuerunt
744 521 876 558 infesti
901 522 1048 559 Christi
1084 522 1304 571 discipulis,
1341 523 1449 560 misit
1482 524 1555 561 iste

207 581 422 616 511erodes
455 581 504 616 ad
538 580 646 628 ipsos
679 579 938 628 affligendum
974 589 1142 629 propter
1166 583 1408 629 captandam
1436 583 1554 619 bene-

240 637 464 675 volenciam
509 639 744 674 Judeorum.
798 639 845 674 Et
890 638 984 687 quia
1019 641 1158 675 Petrus
1203 639 1276 676 fuit
1321 639 1555 688 capitaneus

240 696 533 745 apostolorum,
566 695 833 733 incarceravit
865 696 1012 745 ipsum,
1048 710 1185 734 verum
1221 707 1356 735 tamen
1389 708 1555 747 propter

240 753 584 802 sollempnitatem
619 753 708 791 festi
741 754 871 791 noluit
906 757 1067 791 Petrum
1103 755 1301 803 occidere,
1348 756 1450 793 sicut
1489 770 1555 793 oc-

242 813 336 850 cidit
368 814 562 849 Jacobum
597 821 691 849 ante
725 813 891 859 Pascha,
937 814 1006 850 sed
1052 813 1223 850 servavit
1269 826 1360 851 eum
1394 814 1433 850 in
1467 815 1554 851 dili-

188 883 225 903 10
240 870 348 919 genti
401 871 527 907 tutela
580 879 617 907 et
658 871 760 920 fecit
813 879 979 920 quatuor
1023 872 1336 921 quaternionibus
1388 873 1554 910 militum

241 929 443 966 custodiri.

298 989 367 1023 Est
415 995 548 1024 autem
599 987 813 1035 quaternio
863 987 1097 1036 capitaneus
1143 997 1319 1037 quatuor
1366 988 1554 1034 militum,

241 1054 277 1082 et
317 1045 372 1081 illi
413 1044 558 1081 milites
604 1045 763 1082 fuerunt
811 1059 885 1094 pro
933 1059 1074 1083 secura
1121 1047 1303 1084 custodia
1347 1047 1456 1084 varie
1489 1049 1555 1085 de-

239 1103 381 1152 putati.
418 1105 506 1140 Non
539 1112 672 1140 autem
708 1103 875 1141 elevavit
909 1104 1076 1141 ecclesia
1121 1117 1280 1142 crucem
1324 1118 1397 1153 pro
1437 1108 1555 1143 Petro

186 1161 340 1198 15sicut
373 1174 446 1198 nec
479 1174 553 1210 pro
577 1161 752 1208 Christo,
785 1163 855 1199 sed
888 1163 1018 1199 oracio
1039 1163 1164 1213 fiebat
1196 1163 1373 1200 continua
1393 1176 1468 1213 pro
1491 1177 1556 1210 eo;

240 1229 276 1257 et
311 1233 400 1256 cum
434 1219 572 1256 oracio
607 1221 864 1269 complacens
898 1223 982 1258 Deo
1027 1221 1068 1257 in
1112 1234 1184 1258 suo
1217 1221 1372 1258 volibili
1407 1235 1554 1271 appro-

240 1280 371 1324 batur,
412 1277 502 1315 ideo
536 1290 696 1315 necesse
729 1279 802 1315 fuit
835 1278 964 1327 ipsam
1007 1279 1224 1317 efficaciter
1262 1280 1455 1317 exaudiri.
1504 1282 1555 1318 Ut

241 1345 374 1374 autem
411 1335 650 1373 miraculum
686 1336 797 1374 fieret
831 1337 997 1375 ecclesie
1030 1337 1179 1375 Christi
1213 1338 1478 1385 manifestius,
1519 1340 1554 1375 in

241 1396 322 1444 ipsa
346 1401 455 1431 nocte
476 1394 516 1430 in
540 1408 619 1443 qua
643 1397 781 1432 Petrus
804 1396 933 1432 fuerat
957 1408 1030 1444 pro
1055 1396 1232 1433 crastino
1255 1398 1554 1445 producendus,

183 1453 313 1502 2osuit
347 1453 543 1489 dormiens
575 1453 675 1489 inter
697 1454 794 1491 duos
817 1454 956 1490 milites
979 1454 1195 1491 vinculatus
1216 1455 1356 1504 aliique
1378 1456 1556 1493 custodes

239 1518 328 1547 ante
360 1511 498 1547 ostium
532 1511 703 1548 carceris
735 1512 998 1549 custodiebant
1031 1513 1155 1562 ipsum
1202 1522 1369 1562 propter
1408 1513 1555 1551 securi-

240 1578 378 1606 tatem.
415 1568 570 1606 Dicitur
603 1578 739 1606 autem
774 1571 881 1618 quod
914 1570 1022 1607 solus
1057 1573 1196 1608 Petrus
1229 1570 1327 1608 vidit
1361 1572 1486 1608 lumen
1519 1580 1555 1609 et

239 1628 422 1678 angelum
474 1627 656 1664 militibus
699 1629 898 1678 percussis
949 1628 1107 1675 acrisia,
1162 1638 1198 1666 et
1249 1630 1305 1667 sic
1356 1631 1404 1667 de
1454 1643 1554 1667 sono

240 1685 370 1733 angeli
405 1694 441 1722 et
475 1684 720 1723 excitacione
755 1686 861 1723 Petri
907 1686 1053 1724 dicitur
1086 1689 1250 1724 Petrum
1297 1687 1430 1736 ipsum
1476 1689 1554 1726 sin-

182 1746 222 1778 25
239 1743 432 1792 gulariter
464 1743 704 1793 percepisse.

298 1801 454 1838 Dicitur
507 1811 640 1839 autem
695 1805 857 1840 Petrum
918 1813 1084 1852 propter
1136 1804 1259 1853 frigus
1311 1814 1555 1842 nocturnum

241 1860 489 1908 decingendo
535 1873 646 1897 suam
694 1861 872 1898 tunicam
918 1862 1189 1909 submississe3
1243 1863 1334 1900 ideo
1379 1863 1475 1900 dixit
1520 1864 1553 1901 ei

239 1919 423 1966 angelus:
458 1919 706 1969 Precingere.
742 1922 791 1956 Et
824 1919 930 1956 istud
964 1920 1169 1958 misticant
1202 1921 1379 1970 religiosi
1412 1922 1553 1968 nostri,

240 1976 417 2013 dicentes
452 1978 559 2025 quod
593 1977 685 2014 licet
708 1977 804 2026 ipsis
828 1991 902 2026 pro
927 1979 1016 2015 loco
1040 1988 1076 2015 et
1098 1988 1283 2028 tempore
1307 1993 1396 2016 cum
1422 1980 1554 2028 rigore

182 2037 224 2070 30
239 2034 391 2071 ordinis
425 2034 670 2083 dispensare.
707 2038 754 2072 Et
787 2036 940 2073 utinam
975 2037 1162 2074 tollerent
1193 2051 1340 2075 novam
1374 2039 1553 2087 regulam

237 2106 318 2129 non
363 2093 451 2141 plus
496 2093 661 2141 obligati
705 2094 818 2131 novis
858 2095 1213 2132 adinvencionibus
1258 2110 1378 2145 quam
1425 2097 1555 2134 fuerat

238 2160 399 2188 sanctus
451 2152 603 2188 Petrus.
658 2155 759 2189 Nam
813 2162 1017 2190 servantes
1069 2154 1251 2203 ypocrite
1304 2156 1376 2191 hos
1428 2168 1553 2192 novos

238 2209 413 2255 ordines,
469 2209 702 2258 dispensant
755 2212 927 2260 amplius
980 2211 1019 2248 in
1080 2212 1155 2249 hiis
1215 2225 1290 2261 que
1343 2213 1553 2250 sonuerint

237 2268 509 2316 voluptatem3
570 2277 606 2305 et
666 2276 801 2306 tamen
862 2279 1022 2306 servant
1074 2271 1363 2319 apparenciam
1418 2273 1552 2320 regule

180 2327 220 2361 35
238 2325 453 2374 dupliciter
487 2326 780 2375 delinquend03
825 2327 882 2365 sic
927 2328 1033 2365 enim
1073 2329 1269 2378 ypocrisis
1310 2339 1367 2367 est
1407 2331 1551 2380 duplex

238 2383 440 2432 iniquitas.

295 2443 480 2479 Secundo
503 2442 683 2491 precepit
706 2445 871 2492 angelus
887 2446 1006 2481 Petro
1029 2457 1069 2481 se
1089 2458 1180 2482 suas
1195 2446 1345 2496 caligas
1360 2447 1548 2498 caligare.

237 2502 290 2536 Ex
324 2513 403 2549 quo
435 2500 595 2537 videtur
628 2503 736 2550 quod
760 2504 899 2539 Petrus
932 2516 1013 2540 non
1047 2503 1119 2540 fuit
1143 2505 1191 2540 de
1214 2504 1356 2541 ordine
1379 2504 1548 2542 fratrum

305 2647 334 2682 6,
349 2655 375 2681 7.
397 2647 436 2674 E:
451 2648 601 2711 {rinceps
619 2649 843 2684 apostolorum.
918 2657 955 2677 12.
977 2651 1001 2677 D
1023 2650 1052 2678 in
1076 2659 1190 2685 marg:
1213 2651 1383 2687 Quaternio
1403 2655 1449 2680 est
1466 2652 1550 2688 capi-

235 2685 343 2710 taneus
357 2687 402 2710 etc
424 2693 431 2716 ;
466 2683 474 2689 “
489 2683 519 2710 in
536 2691 649 2717 marg:
673 2683 756 2719 Quid
768 2688 814 2712 est
824 2685 997 2719 quaternio,
1018 2689 1091 2713 nota
1111 2685 1290 2723 diligenter.
1364 2685 1401 2715 13.
1417 2687 1550 2722 A:fue-

236 2720 308 2744 runt
325 2717 419 2744 deest.
523 2717 559 2752 15,
582 2718 623 2745 16.
644 2718 688 2746 A:
739 2727 774 2747 ro
795 2718 916 2747 Christo
939 2736 968 2740 —
991 2720 1056 2747 Deo
1076 2720 1171 2748 deest.
1280 2721 1322 2750 16.
1343 2722 1387 2749 A:
1415 2722 1548 2749 volubili.

236 2760 277 2786 19.
299 2751 368 2779 DE:
390 2752 420 2779 in
441 2753 588 2779 crastino.
644 2760 683 2780 21.
737 2763 743 2781 :
765 2754 906 2782 hostium.
962 2755 1007 2782 28.
1029 2755 1098 2782 DE:
1120 2758 1150 2783 et
1167 2756 1226 2783 isti.
1283 2755 1325 2784 32.
1347 2758 1393 2784 A:
1414 2757 1551 2784 homines

235 2794 339 2814 novos.
412 2785 454 2814 33.
477 2788 520 2815 A:
548 2791 726 2815 sonuerunt.
799 2788 843 2817 35.
866 2789 935 2817 DE:
962 2789 1182 2826 delinquentes.

308 2881 357 2904 10.
377 2872 450 2905 Act.
469 2872 538 2912 XII,
556 2882 588 2913 4.
668 2871 716 2906 15.
736 2872 781 2905 ib.
803 2873 831 2907 5,
915 2875 1060 2907 20-23.
1079 2874 1123 2908 ib.
1142 2874 1173 2914 6,
1194 2886 1225 2917 7.
1308 2874 1360 2915 28,
1381 2876 1433 2917 37.
1453 2875 1497 2907 ib.
1516 2874 1546 2909 8.

1768 237 1841 283 139

1652 650 1763 676 l‘eter's

1582 684 1831 719 imprisonment.

1583 2450 1668 2477 Peter
1689 2458 1751 2477 was
1771 2455 1824 2478 not

1595 2493 1611 2512 a
1632 2485 1810 2513 barefooted

1660 2520 1744 2548 friar.
