2062 3276
201 252 280 296 406

252 662 330 689 How
353 670 421 689 man

230 697 340 724 should
363 698 444 724 love:

246 902 265 920 1.
288 894 428 922 Himsclf.

200 1181 279 1209 This
300 1183 366 1210 love
388 1189 469 1211 must

284 1223 336 1245 not
357 1218 393 1245 be

211 1252 385 1280 inordinate
406 1254 464 1280 and

202 1292 285 1315 must
305 1288 417 1324 chiefly
438 1289 472 1315 bc

214 1322 347 1350 directed
368 1328 398 1349 to
420 1323 466 1350 his

302 1358 379 1385 soul.

782 258 1005 289 JOHANNIS
1024 257 1208 289 WYCLIF
1228 257 1483 290 SERMONUM
1561 246 1713 303 [SERMO
1733 253 1796 281 LII-

488 365 605 401 Nulla
626 377 720 412 ergo
743 377 806 400 ars
829 373 887 400 est
910 364 976 400 illa
1000 364 1210 411 salubrior,
1240 365 1396 402 facilior
1419 375 1485 402 aut
1509 366 1796 404 delectabilior.

489 424 575 459 Stat
620 422 814 471 (inquam)
860 422 900 459 in
945 422 1124 468 caritate,
1178 435 1254 471 que
1299 432 1357 459 est
1400 423 1585 461 ordinata
1631 425 1798 473 dileccio

489 480 560 516 Dei
594 489 631 516 et
663 480 847 528 proximi,
882 489 918 517 et
951 479 1043 529 quia
1069 483 1173 517 Deus
1207 490 1264 517 est
1298 481 1360 518 hic
1392 482 1506 518 nobis
1539 483 1798 520 absconditus

489 547 653 586 propter
697 540 805 586 quod
854 538 983 586 ipsum
1033 539 1195 575 confuse
1240 538 1302 575 hic
1347 539 1563 588 diligimus,
1615 541 1706 577 ideo
1751 544 1798 578 de

489 596 676 632 ordinata
710 596 876 633 caritate
910 606 1092 633 creature
1126 597 1257 633 dicere
1290 610 1419 645 pauca
1452 598 1709 636 intendimus.

549 653 682 690 Primo
715 652 911 705 (inquam)
944 664 1105 702 oportet
1137 656 1244 703 quod
1280 656 1401 692 homo
1433 669 1473 692 se
1506 655 1637 704 ipsum
1662 657 1799 705 diligat

489 711 686 758 ordinate,
720 714 896 748 secundo
930 714 1037 760 quod
1072 712 1210 760 diligat
1243 713 1468 761 proximum
1504 724 1546 750 ut
1579 727 1619 751 se
1652 715 1798 764 ipsum,

489 779 526 806 et
558 769 682 806 tercio
722 772 830 818 quod
875 772 1120 819 quandoque
1165 781 1335 818 exponat
1367 784 1408 808 se
1441 772 1571 820 ipsum
1605 773 1645 809 in
1679 786 1799 810 causa

489 827 664 864 Domini.

546 887 623 921 Sed
657 886 791 934 quoad
824 884 999 933 primum
1040 885 1189 922 diceret
1228 886 1329 922 forte
1362 887 1506 936 aliquis
1539 890 1646 937 quod
1679 902 1799 927 nemo

489 952 547 979 est
586 943 653 991 qui
697 956 778 979 non
822 952 928 979 amet
962 955 1002 979 se
1036 943 1181 991 ipsum,
1226 957 1364 992 ymmo
1409 945 1571 993 pessimi
1617 947 1800 984 homines

489 1002 709 1037 secundum
743 1001 979 1049 Apostolum
1014 1010 1104 1038 sunt
1137 1014 1177 1038 se
1208 1002 1330 1051 ipsum
1365 1011 1549 1040 amantes.
1583 1007 1671 1041 Non
1704 1018 1798 1053 ergo

490 1058 663 1107 pertinet
696 1058 854 1095 caritati
888 1068 930 1095 ut
965 1060 1087 1096 homo
1121 1069 1228 1096 amet
1260 1073 1301 1096 se
1334 1060 1464 1108 ipsum
1498 1063 1566 1098 sed
1601 1062 1725 1111 magis
1757 1072 1801 1100 ut

488 1117 612 1154 odiat.

550 1174 623 1211 Hic
667 1183 827 1223 oportet
874 1174 1005 1222 primo
1050 1185 1191 1212 notare
1230 1178 1338 1224 quod
1385 1190 1499 1214 amor
1539 1187 1595 1214 est
1643 1179 1799 1227 duplex,

492 1232 643 1269 scilicet
676 1233 883 1269 ordinatus
917 1242 953 1269 et
986 1233 1251 1277 inordinatus,
1287 1244 1322 1270 et
1362 1234 1418 1271 sic
1458 1236 1506 1272 de
1538 1236 1643 1272 odio.
1688 1238 1802 1274 Tunc

494 1290 640 1327 dicitur
684 1293 791 1339 quod
836 1291 967 1327 omnis
1012 1304 1127 1328 amor
1158 1293 1218 1328 vel
1252 1291 1398 1329 caritas
1441 1302 1584 1331 nature
1629 1294 1802 1331 hominis

494 1348 680 1385 ordinata
712 1348 852 1397 incipit
885 1349 1081 1396 proficere
1114 1362 1135 1386 a
1168 1363 1208 1386 se
1240 1350 1344 1398 ipsa3
1389 1350 1491 1388 sicut
1523 1352 1655 1388 omnis
1689 1365 1803 1389 amor

494 1407 747 1443 inordinatus
800 1406 941 1454 incipit
996 1407 1152 1444 efficere
1192 1421 1213 1444 a
1253 1421 1292 1444 se
1336 1408 1436 1456 ipso.
1490 1411 1616 1447 Amor
1668 1420 1801 1448 autem

493 1465 701 1501 ordinatus
735 1473 791 1501 est
830 1464 968 1501 odium
1014 1467 1147 1514 quoad
1194 1467 1401 1511 mundum,
1447 1467 1549 1504 sicut
1593 1481 1707 1505 arnor
1745 1468 1801 1505 in-

492 1522 700 1559 ordinatus
739 1531 796 1559 est
836 1522 972 1559 odium
1019 1525 1151 1571 quoad
1184 1526 1324 1560 Deum.
1372 1525 1469 1571 Quis
1514 1539 1608 1574 ergo
1653 1526 1803 1563 diceret

492 1581 588 1629 quin
621 1581 686 1617 ille
719 1580 786 1629 qui
820 1581 907 1628 plus
948 1590 1057 1618 amat
1095 1591 1332 1619 ornamenta
1370 1596 1490 1631 quam
1531 1596 1688 1632 corpus,
1735 1584 1801 1633 qui

491 1640 610 1675 stulte
636 1647 813 1675 macerat
837 1651 982 1686 corpus
1005 1639 1121 1686 fame,
1152 1653 1287 1687 ymmo
1311 1640 1378 1688 qui
1402 1642 1606 1678 cultellum
1632 1642 1802 1679 letaliter

491 1696 618 1744 infigit
652 1696 690 1732 in
724 1697 843 1733 corde
877 1709 919 1732 se
950 1696 1082 1744 ipsum
1117 1697 1250 1734 odiat?
1295 1699 1421 1735 Multo
1457 1699 1581 1748 magis
1614 1700 1681 1748 qui
1715 1701 1802 1748 plus

492 1763 600 1791 amat
633 1753 872 1802 temporalia
906 1767 976 1790 sua
1009 1767 1129 1803 quam
1164 1755 1340 1792 animam
1375 1757 1503 1804 pascit
1527 1770 1672 1806 corpus
1695 1758 1802 1795 laute

492 1821 528 1848 et
552 1812 727 1849 animam
754 1811 919 1848 dimittit
942 1812 1045 1849 fame
1067 1813 1265 1861 spirituali
1289 1814 1432 1862 perire,
1456 1816 1597 1852 vulnus
1622 1816 1802 1852 mortalis

492 1870 647 1918 peccati
692 1869 821 1917 infigit
866 1869 905 1906 in
945 1870 1136 1918 animam,
1183 1883 1256 1908 nec
1300 1872 1523 1909 solicitatur
1567 1873 1673 1910 circa
1718 1872 1801 1910 eius

491 1929 673 1964 salutem.
709 1928 900 1964 Naturale
923 1940 1016 1976 ergo
1041 1937 1098 1965 est
1121 1930 1227 1977 quod
1252 1942 1366 1966 amor
1389 1930 1598 1968 ordinatus
1627 1931 1802 1968 hominis

492 1985 657 2034 incipiat
680 1998 701 2021 a
725 1998 765 2021 se
787 1985 888 2033 ipso,
922 1988 1099 2023 cavendo
1123 2000 1143 2024 a
1167 1997 1334 2035 peccato
1368 1997 1404 2025 et
1437 1988 1662 2026 insudando
1696 1989 1801 2026 circa

494 2043 679 2079 meritum
722 2052 757 2079 et
796 2044 998 2080 virtutem.
1053 2047 1129 2081 Sed
1177 2047 1362 2091 mundus,
1408 2059 1501 2083 caro
1541 2056 1577 2083 et
1617 2047 1833 2085 diabolus?

492 2101 547 2137 sic
582 2110 768 2137 excecant
806 2114 878 2137 nos
917 2101 1047 2138 fatuos
1093 2105 1199 2151 quod
1246 2104 1309 2140 isti
1356 2104 1447 2141 fidei
1486 2104 1712 2153 evangelice
1745 2105 1801 2142 in-

494 2158 663 2195 fideliter
696 2159 972 2204 dissentimus:
1008 2169 1043 2196 et
1076 2160 1138 2196 isti
1172 2161 1371 2198 sentencie
1402 2162 1631 2199 discredunt
1667 2162 1800 2200 miseri

493 2216 558 2264 qui
593 2226 763 2264 pascunt
795 2229 835 2253 se
868 2217 1031 2265 potibus
1064 2217 1103 2254 in
1136 2219 1320 2255 noctibus
1354 2233 1478 2268 usque
1512 2222 1561 2257 ad
1594 2233 1798 2266 nauseam,

492 2274 627 2322 ibique
660 2274 859 2310 seminant
891 2277 1012 2312 verba
1045 2277 1290 2324 pompatica,
1335 2279 1454 2314 verba
1488 2278 1731 2315 detractoria
1764 2288 1800 2315 et

493 2332 845 2380 blasphematoria.
906 2335 959 2369 Ex
1012 2333 1095 2370 istis
1149 2343 1281 2371 autem
1330 2335 1565 2383 pocionibus
1617 2336 1801 2373 oriuntur

448 2400 450 2404 ’
493 2390 703 2436 adulteria,
756 2390 946 2427 omicidia
991 2400 1028 2427 et
1072 2392 1175 2429 furta
1223 2405 1268 2429 ac
1316 2393 1487 2430 aliorum
1541 2404 1798 2442 peccatorum

493 2460 650 2495 genera,
695 2457 737 2484 ut
770 2457 878 2496 patet
919 2449 1189 2487 consideranti
1230 2464 1388 2488 cursum
1427 2452 1549 2489 seculi
1583 2461 1619 2489 et
1651 2462 1798 2489 statum

494 2505 722 2542 huiusmodi
764 2506 1023 2554 miserorum3
1066 2507 1104 2544 in
1139 2521 1216 2556 qua
1246 2506 1250 2561 Ι
1280 2510 1449 2547 materia
1482 2519 1539 2547 est
1571 2511 1690 2559 longa
1723 2511 1800 2547 dis-

562 2659 581 2677 1.
603 2650 676 2678 DG:
706 2651 805 2687 igitur
823 2659 876 2679 ars
896 2655 943 2679 est
960 2653 1026 2680 isla.
1100 2660 1125 2680 2.
1147 2653 1172 2680 D
1195 2653 1223 2681 in
1246 2662 1359 2690 marg:
1388 2655 1534 2684 Dileccio.
1608 2657 1632 2685 5.
1653 2656 1728 2684 AG:
1756 2657 1801 2684 in-

492 2684 648 2713 ordinata.
723 2694 762 2713 10.
779 2686 804 2713 D
820 2687 849 2714 in
866 2695 980 2722 marg:
1001 2695 1024 2714 1.
1100 2695 1136 2715 12.
1159 2688 1232 2715 DG:
1253 2689 1364 2725 igitur.
1434 2690 1469 2718 15.
1485 2691 1509 2718 D
1525 2691 1555 2718 in
1573 2699 1639 2718 mar
1663 2701 1686 2719 .:
1707 2691 1802 2719 Amor

492 2719 612 2754 duplex.
671 2728 710 2751 19-
727 2721 770 2748 A:
792 2720 930 2757 officere.
994 2729 1032 2749 21.
1048 2722 1120 2750 DG:
1142 2723 1250 2759 igitur.
1312 2726 1356 2751 28.
1372 2725 1396 2752 D
1412 2725 1442 2752 in
1458 2733 1524 2753 mar
1548 2735 1571 2753 .:
1593 2726 1728 2754 Dieccio
1742 2728 1799 2754 sui.

493 2761 538 2792 39.
560 2754 635 2782 AG:
657 2758 685 2781 et
705 2756 877 2794 insudando
899 2757 993 2784 deest.
1055 2756 1100 2790 34.
1122 2757 1194 2785 DG:
1217 2758 1334 2792 ubique.
1397 2758 1437 2787 35.
1459 2761 1504 2787 A:
1525 2734 1698 2796 §lasplzema
1718 2764 1802 2794 tota,-

493 2789 532 2815 lb.
555 2788 598 2816 G:
618 2788 666 2816 Ex
685 2789 753 2816 hies.
827 2790 869 2825 37.
892 2791 933 2818 D:
955 2791 1168 2820 consideranti
1183 2802 1205 2819 s.
1279 2792 1323 2821 38.
1345 2793 1387 2821 D:
1409 2794 1439 2821 in
1460 2802 1518 2830 qua
1539 2795 1633 2822 deest.

568 2882 615 2904 12.
644 2873 681 2904 11.
700 2872 791 2904 Tim.
820 2874 874 2914 ΙΙΙ,
903 2884 932 2906 2.

1820 899 1858 919 lo

1822 1179 1856 1211 15

1816 2341 1855 2374 35

1815 2491 1891 2523 Fol.

1817 2536 1898 2579 334d
