<?xml version="1.0" encoding="UTF-8"?>
<!DOCTYPE html PUBLIC "-//W3C//DTD XHTML 1.0 Transitional//EN"
    "http://www.w3.org/TR/xhtml1/DTD/xhtml1-transitional.dtd">
<html xmlns="http://www.w3.org/1999/xhtml" xml:lang="en" lang="en">
 <head>
  <title>
</title>
<meta http-equiv="Content-Type" content="text/html;charset=utf-8" />
  <meta name='ocr-system' content='tesseract 3.04.00' />
  <meta name='ocr-capabilities' content='ocr_page ocr_carea ocr_par ocr_line ocrx_word'/>
</head>
<body>
  <div class='ocr_page' id='page_1' title='image "./iohanniswyclifse0704wycl_0547.png"; bbox 0 0 2062 3276; ppageno 0'>
   <div class='ocr_carea' id='block_1_1' title="bbox 743 261 1185 294">
    <p class='ocr_par' dir='ltr' id='par_1_1' title="bbox 743 261 1185 294">
     <span class='ocr_line' id='line_1_1' title="bbox 743 261 1185 294; baseline 0 0"><span class='ocrx_word' id='word_1_1' title='bbox 743 261 987 294; x_wconf 87' lang='lat' dir='ltr'>GENERAL</span> <span class='ocrx_word' id='word_1_2' title='bbox 1013 262 1185 294; x_wconf 87' lang='lat' dir='ltr'>INDEX.</span> 
     </span>
    </p>
   </div>
   <div class='ocr_carea' id='block_1_2' title="bbox 96 375 930 1455">
    <p class='ocr_par' dir='ltr' id='par_1_2' title="bbox 100 375 925 447">
     <span class='ocr_line' id='line_1_2' title="bbox 100 375 925 415; baseline -0.007 -8"><span class='ocrx_word' id='word_1_3' title='bbox 100 379 205 415; x_wconf 88' lang='lat' dir='ltr'>Opera</span> <span class='ocrx_word' id='word_1_4' title='bbox 232 377 444 406; x_wconf 73' lang='lat' dir='ltr'>misericordie</span> <span class='ocrx_word' id='word_1_5' title='bbox 471 377 502 404; x_wconf 93' lang='lat' dir='ltr'>in</span> <span class='ocrx_word' id='word_1_6' title='bbox 533 375 669 404; x_wconf 79' lang='lat' dir='ltr'>sabbatis</span> <span class='ocrx_word' id='word_1_7' title='bbox 698 375 835 403; x_wconf 87' lang='lat' dir='ltr'>facienda</span> <span class='ocrx_word' id='word_1_8' title='bbox 864 382 925 408; x_wconf 68' lang='grc' dir='ltr'>Ι121,</span> 
     </span>
     <span class='ocr_line' id='line_1_3' title="bbox 152 411 304 447; baseline 0 -7"><span class='ocrx_word' id='word_1_9' title='bbox 152 420 218 447; x_wconf 78' lang='grc'>422.</span> <span class='ocrx_word' id='word_1_10' title='bbox 238 411 304 447; x_wconf 73' lang='grc'>423.</span> 
     </span>
    </p>

    <p class='ocr_par' dir='ltr' id='par_1_3' title="bbox 100 443 925 517">
     <span class='ocr_line' id='line_1_4' title="bbox 100 443 925 484; baseline -0.007 -8"><span class='ocrx_word' id='word_1_11' title='bbox 100 449 204 484; x_wconf 86' lang='lat' dir='ltr'>Opera</span> <span class='ocrx_word' id='word_1_12' title='bbox 233 447 406 484; x_wconf 86' lang='lat' dir='ltr'>corporalia</span> <span class='ocrx_word' id='word_1_13' title='bbox 435 455 494 482; x_wconf 87' lang='lat' dir='ltr'>que</span> <span class='ocrx_word' id='word_1_14' title='bbox 526 445 644 473; x_wconf 90' lang='lat' dir='ltr'>homiui</span> <span class='ocrx_word' id='word_1_15' title='bbox 674 449 744 473; x_wconf 91' lang='lat' dir='ltr'>sunt</span> <span class='ocrx_word' id='word_1_16' title='bbox 780 443 861 472; x_wconf 88' lang='lat' dir='ltr'>licita</span> <span class='ocrx_word' id='word_1_17' title='bbox 896 443 925 471; x_wconf 90' lang='lat' dir='ltr'>iu</span> 
     </span>
     <span class='ocr_line' id='line_1_5' title="bbox 154 482 367 517; baseline -0.005 -7"><span class='ocrx_word' id='word_1_18' title='bbox 154 482 282 510; x_wconf 87' lang='lat' dir='ltr'>sabbato</span> <span class='ocrx_word' id='word_1_19' title='bbox 302 489 367 517; x_wconf 87' lang='grc'>422.</span> 
     </span>
    </p>

    <p class='ocr_par' dir='ltr' id='par_1_4' title="bbox 102 515 928 622">
     <span class='ocr_line' id='line_1_6' title="bbox 102 515 928 553; baseline -0.006 -8"><span class='ocrx_word' id='word_1_20' title='bbox 102 518 172 546; x_wconf 81' lang='lat' dir='ltr'>Plus</span> <span class='ocrx_word' id='word_1_21' title='bbox 210 517 314 553; x_wconf 79' lang='lat' dir='ltr'>prodit</span> <span class='ocrx_word' id='word_1_22' title='bbox 351 516 469 545; x_wconf 89' lang='grc'>1101111111</span> <span class='ocrx_word' id='word_1_23' title='bbox 507 516 620 544; x_wconf 82' lang='lat' dir='ltr'>viventi</span> <span class='ocrx_word' id='word_1_24' title='bbox 654 515 814 551; x_wconf 79' lang='lat' dir='ltr'>parvulum</span> <span class='ocrx_word' id='word_1_25' title='bbox 847 521 928 548; x_wconf 85' lang='lat' dir='ltr'>opus</span> 
     </span>
     <span class='ocr_line' id='line_1_7' title="bbox 152 550 928 587; baseline -0.006 -8"><span class='ocrx_word' id='word_1_26' title='bbox 152 552 344 580; x_wconf 89' lang='lat' dir='ltr'>meritorium</span> <span class='ocrx_word' id='word_1_27' title='bbox 377 559 469 587; x_wconf 89' lang='lat' dir='ltr'>quam</span> <span class='ocrx_word' id='word_1_28' title='bbox 509 550 714 579; x_wconf 83' lang='lat' dir='ltr'>numerabiles</span> <span class='ocrx_word' id='word_1_29' title='bbox 752 550 928 584; x_wconf 70' lang='lat' dir='ltr'>elemosyne</span> 
     </span>
     <span class='ocr_line' id='line_1_8' title="bbox 155 591 913 622; baseline -0.008 -8"><span class='ocrx_word' id='word_1_30' title='bbox 155 591 225 622; x_wconf 87' lang='lat' dir='ltr'>post</span> <span class='ocrx_word' id='word_1_31' title='bbox 245 591 377 614; x_wconf 89' lang='lat' dir='ltr'>mortem</span> <span class='ocrx_word' id='word_1_32' title='bbox 398 593 466 619; x_wconf 76' lang='lat'>244.</span> <span class='ocrx_word' id='word_1_33' title='bbox 906 618 913 622; x_wconf 48' lang='lat'>-</span> 
     </span>
    </p>

    <p class='ocr_par' dir='ltr' id='par_1_5' title="bbox 99 617 927 659">
     <span class='ocr_line' id='line_1_9' title="bbox 99 617 927 659; baseline -0.005 -10"><span class='ocrx_word' id='word_1_34' title='bbox 99 621 269 657; x_wconf 84' lang='lat' dir='ltr'>Quomodo</span> <span class='ocrx_word' id='word_1_35' title='bbox 278 621 400 657; x_wconf 91' lang='lat' dir='ltr'>operari</span> <span class='ocrx_word' id='word_1_36' title='bbox 410 620 498 659; x_wconf 76' lang='lat' dir='ltr'>debet</span> <span class='ocrx_word' id='word_1_37' title='bbox 506 620 536 647; x_wconf 94' lang='lat' dir='ltr'>in</span> <span class='ocrx_word' id='word_1_38' title='bbox 547 619 634 646; x_wconf 86' lang='lat' dir='ltr'>vinea</span> <span class='ocrx_word' id='word_1_39' title='bbox 644 618 769 658; x_wconf 79' lang='lat' dir='ltr'>Domini</span> <span class='ocrx_word' id='word_1_40' title='bbox 780 617 927 652; x_wconf 71' lang='lat'><strong>245—253.</strong></span> 
     </span>
    </p>

    <p class='ocr_par' dir='ltr' id='par_1_6' title="bbox 99 653 899 692">
     <span class='ocr_line' id='line_1_10' title="bbox 99 653 899 692; baseline -0.004 -8"><span class='ocrx_word' id='word_1_41' title='bbox 99 657 203 692; x_wconf 82' lang='lat' dir='ltr'>Quare</span> <span class='ocrx_word' id='word_1_42' title='bbox 224 656 372 683; x_wconf 76' lang='lat' dir='ltr'>debemus</span> <span class='ocrx_word' id='word_1_43' title='bbox 393 659 537 682; x_wconf 78' lang='lat' dir='ltr'>continue</span> <span class='ocrx_word' id='word_1_44' title='bbox 557 662 680 690; x_wconf 86' lang='lat' dir='ltr'>operari</span> <span class='ocrx_word' id='word_1_45' title='bbox 702 654 817 681; x_wconf 89' lang='lat' dir='ltr'>bonum</span> <span class='ocrx_word' id='word_1_46' title='bbox 838 653 899 681; x_wconf 85' lang='grc'>252.</span> 
     </span>
    </p>

    <p class='ocr_par' dir='ltr' id='par_1_7' title="bbox 98 689 622 723">
     <span class='ocr_line' id='line_1_11' title="bbox 98 689 622 723; baseline -0.004 -5"><span class='ocrx_word' id='word_1_47' title='bbox 98 691 142 718; x_wconf 83' lang='lat' dir='ltr'>De</span> <span class='ocrx_word' id='word_1_48' title='bbox 161 691 306 718; x_wconf 88' lang='lat' dir='ltr'>oracione</span> <span class='ocrx_word' id='word_1_49' title='bbox 325 689 437 721; x_wconf 75' lang='lat'>25—32,</span> <span class='ocrx_word' id='word_1_50' title='bbox 457 689 622 723; x_wconf 78' lang='lat'>488—492.</span> 
     </span>
    </p>

    <p class='ocr_par' dir='ltr' id='par_1_8' title="bbox 97 723 607 758">
     <span class='ocr_line' id='line_1_12' title="bbox 97 723 607 758; baseline -0.006 -5"><span class='ocrx_word' id='word_1_51' title='bbox 97 741 130 745; x_wconf 92' lang='lat'><strong>—</strong></span> <span class='ocrx_word' id='word_1_52' title='bbox 149 741 182 745; x_wconf 92' lang='lat'>—</span> <span class='ocrx_word' id='word_1_53' title='bbox 202 725 359 752; x_wconf 89' lang='lat' dir='ltr'>dominica</span> <span class='ocrx_word' id='word_1_54' title='bbox 379 723 423 755; x_wconf 82' lang='grc'>32.</span> <span class='ocrx_word' id='word_1_55' title='bbox 443 724 607 758; x_wconf 68' lang='grc'>436-450.</span> 
     </span>
    </p>

    <p class='ocr_par' dir='ltr' id='par_1_9' title="bbox 96 758 927 794">
     <span class='ocr_line' id='line_1_13' title="bbox 96 758 927 794; baseline -0.005 -6"><span class='ocrx_word' id='word_1_56' title='bbox 96 761 141 788; x_wconf 87' lang='grc'>130</span> <span class='ocrx_word' id='word_1_57' title='bbox 153 760 350 788; x_wconf 85' lang='lat' dir='ltr'>oracionibus</span> <span class='ocrx_word' id='word_1_58' title='bbox 362 759 573 794; x_wconf 85' lang='lat' dir='ltr'>multiplicatis</span> <span class='ocrx_word' id='word_1_59' title='bbox 585 759 626 787; x_wconf 90' lang='lat' dir='ltr'>nil</span> <span class='ocrx_word' id='word_1_60' title='bbox 641 758 866 794; x_wconf 81' lang='lat' dir='ltr'>prodeuntibus</span> <span class='ocrx_word' id='word_1_61' title='bbox 880 766 927 793; x_wconf 76' lang='lat'>47.</span> 
     </span>
    </p>

    <p class='ocr_par' dir='ltr' id='par_1_10' title="bbox 98 793 534 855">
     <span class='ocr_line' id='line_1_14' title="bbox 98 793 534 855; baseline -0.002 -33"><span class='ocrx_word' id='word_1_62' title='bbox 98 795 142 822; x_wconf 87' lang='lat' dir='ltr'>De</span> <span class='ocrx_word' id='word_1_63' title='bbox 161 795 261 822; x_wconf 87' lang='lat' dir='ltr'>forma</span> <span class='ocrx_word' id='word_1_64' title='bbox 281 794 390 821; x_wconf 89' lang='lat' dir='ltr'>orandi</span> <span class='ocrx_word' id='word_1_65' title='bbox 411 793 534 855; x_wconf 40' lang='lat'><em>713—80.</em></span> 
     </span>
    </p>

    <p class='ocr_par' dir='ltr' id='par_1_11' title="bbox 101 828 632 865">
     <span class='ocr_line' id='line_1_15' title="bbox 101 828 632 865; baseline -0.002 -8"><span class='ocrx_word' id='word_1_66' title='bbox 101 829 215 857; x_wconf 89' lang='lat' dir='ltr'>Oracio</span> <span class='ocrx_word' id='word_1_67' title='bbox 236 829 325 856; x_wconf 89' lang='lat' dir='ltr'>debet</span> <span class='ocrx_word' id='word_1_68' title='bbox 344 837 410 855; x_wconf 87' lang='lat' dir='ltr'>esse</span> <span class='ocrx_word' id='word_1_69' title='bbox 453 833 542 856; x_wconf 86' lang='lat' dir='ltr'>evota</span> <span class='ocrx_word' id='word_1_70' title='bbox 561 828 632 865; x_wconf 81' lang='grc'>489.</span> 
     </span>
    </p>

    <p class='ocr_par' dir='ltr' id='par_1_12' title="bbox 99 864 914 902">
     <span class='ocr_line' id='line_1_16' title="bbox 99 864 914 902; baseline -0.004 -10"><span class='ocrx_word' id='word_1_71' title='bbox 99 864 143 892; x_wconf 84' lang='lat' dir='ltr'>De</span> <span class='ocrx_word' id='word_1_72' title='bbox 163 864 307 891; x_wconf 87' lang='lat' dir='ltr'>oracione</span> <span class='ocrx_word' id='word_1_73' title='bbox 326 864 459 899; x_wconf 87' lang='lat' dir='ltr'>generali</span> <span class='ocrx_word' id='word_1_74' title='bbox 480 871 524 899; x_wconf 85' lang='grc'>27,</span> <span class='ocrx_word' id='word_1_75' title='bbox 546 872 592 899; x_wconf 85' lang='grc'>29.</span> <span class='ocrx_word' id='word_1_76' title='bbox 858 897 863 902; x_wconf 45' lang='lat'><em>„</em></span> <span class='ocrx_word' id='word_1_77' title='bbox 909 897 914 901; x_wconf 20' lang='grc' dir='ltr'>ς</span> 
     </span>
    </p>

    <p class='ocr_par' dir='ltr' id='par_1_13' title="bbox 99 897 930 968">
     <span class='ocr_line' id='line_1_17' title="bbox 99 897 930 934; baseline -0.002 -8"><span class='ocrx_word' id='word_1_78' title='bbox 99 899 225 926; x_wconf 81' lang='lat' dir='ltr'>Heresis</span> <span class='ocrx_word' id='word_1_79' title='bbox 251 903 296 926; x_wconf 88' lang='lat' dir='ltr'>est</span> <span class='ocrx_word' id='word_1_80' title='bbox 321 898 404 934; x_wconf 90' lang='lat' dir='ltr'>quod</span> <span class='ocrx_word' id='word_1_81' title='bbox 431 899 535 926; x_wconf 88' lang='lat' dir='ltr'>oracio</span> <span class='ocrx_word' id='word_1_82' title='bbox 562 898 705 934; x_wconf 88' lang='lat' dir='ltr'>specialis</span> <span class='ocrx_word' id='word_1_83' title='bbox 731 897 864 933; x_wconf 84' lang='lat' dir='ltr'>generali</span> <span class='ocrx_word' id='word_1_84' title='bbox 892 901 930 924; x_wconf 83' lang='grc'>511</span> 
     </span>
     <span class='ocr_line' id='line_1_18' title="bbox 153 932 395 968; baseline -0.004 -8"><span class='ocrx_word' id='word_1_85' title='bbox 153 933 264 961; x_wconf 88' lang='lat' dir='ltr'>melior</span> <span class='ocrx_word' id='word_1_86' title='bbox 284 940 328 968; x_wconf 79' lang='lat'>27,</span> <span class='ocrx_word' id='word_1_87' title='bbox 350 932 395 961; x_wconf 83' lang='grc'>28.</span> 
     </span>
    </p>

    <p class='ocr_par' dir='ltr' id='par_1_14' title="bbox 100 967 598 1004">
     <span class='ocr_line' id='line_1_19' title="bbox 100 967 598 1004; baseline 0 -8"><span class='ocrx_word' id='word_1_88' title='bbox 100 969 158 996; x_wconf 91' lang='lat' dir='ltr'>Pro</span> <span class='ocrx_word' id='word_1_89' title='bbox 179 968 292 1004; x_wconf 85' lang='lat' dir='ltr'>quibus</span> <span class='ocrx_word' id='word_1_90' title='bbox 312 967 465 995; x_wconf 89' lang='lat' dir='ltr'>orandum</span> <span class='ocrx_word' id='word_1_91' title='bbox 486 973 532 995; x_wconf 90' lang='lat' dir='ltr'>est</span> <span class='ocrx_word' id='word_1_92' title='bbox 552 968 598 996; x_wconf 85' lang='grc'>26.</span> 
     </span>
    </p>

    <p class='ocr_par' dir='ltr' id='par_1_15' title="bbox 102 1003 633 1038">
     <span class='ocr_line' id='line_1_20' title="bbox 102 1003 633 1038; baseline 0 -8"><span class='ocrx_word' id='word_1_93' title='bbox 102 1003 298 1038; x_wconf 84' lang='lat' dir='ltr'>Blasphemie</span> <span class='ocrx_word' id='word_1_94' title='bbox 318 1003 349 1030; x_wconf 90' lang='lat' dir='ltr'>in</span> <span class='ocrx_word' id='word_1_95' title='bbox 369 1003 568 1030; x_wconf 81' lang='lat' dir='ltr'>oracionibus</span> <span class='ocrx_word' id='word_1_96' title='bbox 589 1003 633 1031; x_wconf 83' lang='lat'>26.</span> 
     </span>
    </p>

    <p class='ocr_par' dir='ltr' id='par_1_16' title="bbox 97 1038 929 1074">
     <span class='ocr_line' id='line_1_21' title="bbox 97 1038 929 1074; baseline -0.001 -9"><span class='ocrx_word' id='word_1_97' title='bbox 97 1039 268 1066; x_wconf 87' lang='lat' dir='ltr'>Oraciones</span> <span class='ocrx_word' id='word_1_98' title='bbox 278 1038 307 1065; x_wconf 95' lang='lat' dir='ltr'>in</span> <span class='ocrx_word' id='word_1_99' title='bbox 317 1038 571 1072; x_wconf 81' lang='lat' dir='ltr'>processionibus</span> <span class='ocrx_word' id='word_1_100' title='bbox 580 1038 870 1074; x_wconf 89' lang='lat' dir='ltr'>impediuntpacem</span> <span class='ocrx_word' id='word_1_101' title='bbox 880 1045 929 1072; x_wconf 83' lang='grc'>47.</span> 
     </span>
    </p>

    <p class='ocr_par' dir='ltr' id='par_1_17' title="bbox 96 1072 930 1143">
     <span class='ocr_line' id='line_1_22' title="bbox 96 1072 930 1108; baseline -0.001 -8"><span class='ocrx_word' id='word_1_102' title='bbox 96 1073 167 1101; x_wconf 90' lang='lat' dir='ltr'>Non</span> <span class='ocrx_word' id='word_1_103' title='bbox 194 1073 272 1100; x_wconf 82' lang='lat' dir='ltr'>valet</span> <span class='ocrx_word' id='word_1_104' title='bbox 299 1072 404 1100; x_wconf 87' lang='lat' dir='ltr'>oracio</span> <span class='ocrx_word' id='word_1_105' title='bbox 426 1073 517 1100; x_wconf 91' lang='lat' dir='ltr'>unius</span> <span class='ocrx_word' id='word_1_106' title='bbox 538 1081 595 1108; x_wconf 87' lang='lat' dir='ltr'>pro</span> <span class='ocrx_word' id='word_1_107' title='bbox 617 1073 736 1108; x_wconf 86' lang='lat' dir='ltr'>reliquo</span> <span class='ocrx_word' id='word_1_108' title='bbox 757 1072 815 1100; x_wconf 90' lang='lat' dir='ltr'>nisi</span> <span class='ocrx_word' id='word_1_109' title='bbox 837 1079 930 1099; x_wconf 88' lang='lat' dir='ltr'>orans</span> 
     </span>
     <span class='ocr_line' id='line_1_23' title="bbox 151 1107 622 1143; baseline -0.002 -8"><span class='ocrx_word' id='word_1_110' title='bbox 151 1116 282 1143; x_wconf 82' lang='lat' dir='ltr'>granum</span> <span class='ocrx_word' id='word_1_111' title='bbox 303 1107 444 1135; x_wconf 83' lang='lat' dir='ltr'>habuerit</span> <span class='ocrx_word' id='word_1_112' title='bbox 463 1108 532 1135; x_wconf 84' lang='lat' dir='ltr'>fidei</span> <span class='ocrx_word' id='word_1_113' title='bbox 553 1115 622 1141; x_wconf 87' lang='grc'>244.</span> 
     </span>
    </p>

    <p class='ocr_par' dir='ltr' id='par_1_18' title="bbox 102 1141 674 1178">
     <span class='ocr_line' id='line_1_24' title="bbox 102 1141 674 1178; baseline -0.002 -8"><span class='ocrx_word' id='word_1_114' title='bbox 102 1143 272 1170; x_wconf 86' lang='grc'>0130101105</span> <span class='ocrx_word' id='word_1_115' title='bbox 293 1151 349 1178; x_wconf 88' lang='lat' dir='ltr'>pro</span> <span class='ocrx_word' id='word_1_116' title='bbox 370 1142 502 1170; x_wconf 87' lang='lat' dir='ltr'>mortuis</span> <span class='ocrx_word' id='word_1_117' title='bbox 521 1141 586 1178; x_wconf 71' lang='lat'>435,</span> <span class='ocrx_word' id='word_1_118' title='bbox 606 1141 674 1176; x_wconf 81' lang='grc'>436.</span> 
     </span>
    </p>

    <p class='ocr_par' dir='ltr' id='par_1_19' title="bbox 101 1176 930 1240">
     <span class='ocr_line' id='line_1_25' title="bbox 101 1176 930 1213; baseline -0.004 -7"><span class='ocrx_word' id='word_1_119' title='bbox 101 1179 180 1213; x_wconf 81' lang='lat' dir='ltr'>Sepe</span> <span class='ocrx_word' id='word_1_120' title='bbox 201 1181 306 1205; x_wconf 87' lang='lat' dir='ltr'>oratur</span> <span class='ocrx_word' id='word_1_121' title='bbox 326 1185 383 1213; x_wconf 91' lang='lat' dir='ltr'>pro</span> <span class='ocrx_word' id='word_1_122' title='bbox 404 1177 573 1212; x_wconf 85' lang='lat' dir='ltr'>dampnato</span> <span class='ocrx_word' id='word_1_123' title='bbox 594 1177 719 1205; x_wconf 90' lang='lat' dir='ltr'>diabolo</span> <span class='ocrx_word' id='word_1_124' title='bbox 740 1176 827 1204; x_wconf 88' lang='lat' dir='ltr'>cuius</span> <span class='ocrx_word' id='word_1_125' title='bbox 855 1176 930 1213; x_wconf 84' lang='lat' dir='ltr'>ydo-</span> 
     </span>
     <span class='ocr_line' id='line_1_26' title="bbox 152 1211 524 1240; baseline -0.003 -1"><span class='ocrx_word' id='word_1_126' title='bbox 152 1214 214 1240; x_wconf 87' lang='lat' dir='ltr'>lum</span> <span class='ocrx_word' id='word_1_127' title='bbox 236 1216 296 1239; x_wconf 91' lang='lat' dir='ltr'>stat</span> <span class='ocrx_word' id='word_1_128' title='bbox 314 1212 345 1239; x_wconf 92' lang='lat' dir='ltr'>in</span> <span class='ocrx_word' id='word_1_129' title='bbox 366 1212 462 1239; x_wconf 90' lang='lat' dir='ltr'>choro</span> <span class='ocrx_word' id='word_1_130' title='bbox 483 1211 524 1240; x_wconf 80' lang='lat'>32.</span> 
     </span>
    </p>

    <p class='ocr_par' dir='ltr' id='par_1_20' title="bbox 97 1246 662 1277">
     <span class='ocr_line' id='line_1_27' title="bbox 97 1246 662 1277; baseline 0 -3"><span class='ocrx_word' id='word_1_131' title='bbox 97 1247 291 1275; x_wconf 90' lang='lat' dir='ltr'>Fulcimenta</span> <span class='ocrx_word' id='word_1_132' title='bbox 312 1247 348 1274; x_wconf 91' lang='lat' dir='ltr'>ad</span> <span class='ocrx_word' id='word_1_133' title='bbox 371 1247 523 1274; x_wconf 89' lang='lat' dir='ltr'>orandum</span> <span class='ocrx_word' id='word_1_134' title='bbox 545 1246 662 1277; x_wconf 80' lang='lat'>81—80.</span> 
     </span>
    </p>

    <p class='ocr_par' dir='ltr' id='par_1_21' title="bbox 97 1279 929 1320">
     <span class='ocr_line' id='line_1_28' title="bbox 97 1279 929 1320; baseline -0.004 -10"><span class='ocrx_word' id='word_1_135' title='bbox 97 1282 277 1317; x_wconf 86' lang='lat' dir='ltr'>Spiritualia</span> <span class='ocrx_word' id='word_1_136' title='bbox 292 1286 319 1309; x_wconf 91' lang='lat' dir='ltr'>et</span> <span class='ocrx_word' id='word_1_137' title='bbox 334 1290 445 1317; x_wconf 87' lang='lat' dir='ltr'>magna</span> <span class='ocrx_word' id='word_1_138' title='bbox 460 1281 489 1309; x_wconf 90' lang='lat' dir='ltr'>in</span> <span class='ocrx_word' id='word_1_139' title='bbox 506 1279 705 1309; x_wconf 87' lang='lat' dir='ltr'>oracionibus</span> <span class='ocrx_word' id='word_1_140' title='bbox 720 1285 861 1317; x_wconf 89' lang='lat' dir='ltr'>petamus</span> <span class='ocrx_word' id='word_1_141' title='bbox 881 1280 929 1320; x_wconf 75' lang='grc'>76.</span> 
     </span>
    </p>

    <p class='ocr_par' dir='ltr' id='par_1_22' title="bbox 98 1317 930 1379">
     <span class='ocr_line' id='line_1_29' title="bbox 98 1317 930 1344; baseline -0.001 0"><span class='ocrx_word' id='word_1_142' title='bbox 98 1317 327 1344; x_wconf 88' lang='lat' dir='ltr'>Constitucioni</span> <span class='ocrx_word' id='word_1_143' title='bbox 362 1325 514 1344; x_wconf 83' lang='lat' dir='ltr'>novorum</span> <span class='ocrx_word' id='word_1_144' title='bbox 544 1317 690 1344; x_wconf 84' lang='lat' dir='ltr'>ordinum</span> <span class='ocrx_word' id='word_1_145' title='bbox 721 1324 781 1343; x_wconf 93' lang='lat' dir='ltr'>non</span> <span class='ocrx_word' id='word_1_146' title='bbox 811 1320 856 1343; x_wconf 90' lang='lat' dir='ltr'>est</span> <span class='ocrx_word' id='word_1_147' title='bbox 885 1323 930 1343; x_wconf 88' lang='grc'>111-</span> 
     </span>
     <span class='ocr_line' id='line_1_30' title="bbox 151 1352 387 1379; baseline 0 0"><span class='ocrx_word' id='word_1_148' title='bbox 151 1352 323 1379; x_wconf 88' lang='lat' dir='ltr'>sistendum</span> <span class='ocrx_word' id='word_1_149' title='bbox 343 1359 387 1379; x_wconf 83' lang='lat'>22.</span> 
     </span>
    </p>

    <p class='ocr_par' dir='ltr' id='par_1_23' title="bbox 96 1385 929 1422">
     <span class='ocr_line' id='line_1_31' title="bbox 96 1385 929 1422; baseline -0.004 -8"><span class='ocrx_word' id='word_1_150' title='bbox 96 1386 207 1422; x_wconf 85' lang='lat' dir='ltr'>Regule</span> <span class='ocrx_word' id='word_1_151' title='bbox 228 1395 380 1414; x_wconf 79' lang='lat' dir='ltr'>novorum</span> <span class='ocrx_word' id='word_1_152' title='bbox 401 1386 547 1413; x_wconf 90' lang='lat' dir='ltr'>ordinum</span> <span class='ocrx_word' id='word_1_153' title='bbox 569 1390 640 1414; x_wconf 89' lang='lat' dir='ltr'>sunt</span> <span class='ocrx_word' id='word_1_154' title='bbox 660 1385 846 1413; x_wconf 87' lang='lat' dir='ltr'>semovende</span> <span class='ocrx_word' id='word_1_155' title='bbox 872 1392 929 1421; x_wconf 88' lang='grc'>172.</span> 
     </span>
    </p>

    <p class='ocr_par' dir='ltr' id='par_1_24' title="bbox 101 1421 731 1455">
     <span class='ocr_line' id='line_1_32' title="bbox 101 1421 731 1455; baseline -0.002 -6"><span class='ocrx_word' id='word_1_156' title='bbox 101 1421 221 1449; x_wconf 78' lang='lat' dir='ltr'>Novelli</span> <span class='ocrx_word' id='word_1_157' title='bbox 242 1422 367 1449; x_wconf 84' lang='lat' dir='ltr'>ordines</span> <span class='ocrx_word' id='word_1_158' title='bbox 389 1426 460 1448; x_wconf 89' lang='lat' dir='ltr'>sunt</span> <span class='ocrx_word' id='word_1_159' title='bbox 480 1421 660 1449; x_wconf 87' lang='lat' dir='ltr'>destruendi</span> <span class='ocrx_word' id='word_1_160' title='bbox 680 1421 731 1455; x_wconf 74' lang='lat'>46.</span> 
     </span>
    </p>
   </div>
   <div class='ocr_carea' id='block_1_3' title="bbox 491 1520 538 1551">
    <p class='ocr_par' dir='ltr' id='par_1_25' title="bbox 491 1520 538 1551">
     <span class='ocr_line' id='line_1_33' title="bbox 491 1520 538 1551; baseline 0 0"><span class='ocrx_word' id='word_1_161' title='bbox 491 1520 538 1551; x_wconf 83' lang='lat' dir='ltr'>P.</span> 
     </span>
    </p>
   </div>
   <div class='ocr_carea' id='block_1_4' title="bbox 94 1596 931 2921">
    <p class='ocr_par' dir='ltr' id='par_1_26' title="bbox 96 1596 930 1682">
     <span class='ocr_line' id='line_1_34' title="bbox 96 1596 930 1626; baseline -0.002 0"><span class='ocrx_word' id='word_1_162' title='bbox 96 1597 262 1626; x_wconf 86' lang='lat' dir='ltr'>Dominica</span> <span class='ocrx_word' id='word_1_163' title='bbox 284 1597 316 1625; x_wconf 88' lang='lat' dir='ltr'>in</span> <span class='ocrx_word' id='word_1_164' title='bbox 337 1596 452 1625; x_wconf 83' lang='lat' dir='ltr'>Palmis</span> <span class='ocrx_word' id='word_1_165' title='bbox 472 1601 612 1625; x_wconf 86' lang='lat' dir='ltr'>cantatur</span> <span class='ocrx_word' id='word_1_166' title='bbox 631 1596 661 1625; x_wconf 91' lang='lat' dir='ltr'>in</span> <span class='ocrx_word' id='word_1_167' title='bbox 689 1597 816 1625; x_wconf 89' lang='lat' dir='ltr'>ecclesia</span> <span class='ocrx_word' id='word_1_168' title='bbox 842 1597 930 1624; x_wconf 84' lang='lat' dir='ltr'>alter-</span> 
     </span>
     <span class='ocr_line' id='line_1_35' title="bbox 150 1631 581 1682; baseline -0.002 -22"><span class='ocrx_word' id='word_1_169' title='bbox 150 1633 229 1661; x_wconf 84' lang='lat' dir='ltr'>natis</span> <span class='ocrx_word' id='word_1_170' title='bbox 252 1633 392 1667; x_wconf 82' lang='lat' dir='ltr'>vocibus,</span> <span class='ocrx_word' id='word_1_171' title='bbox 414 1640 507 1682; x_wconf 56' lang='lat' dir='ltr'>guare</span> <span class='ocrx_word' id='word_1_172' title='bbox 527 1631 581 1659; x_wconf 82' lang='lat'>311.</span> 
     </span>
    </p>

    <p class='ocr_par' dir='ltr' id='par_1_27' title="bbox 96 1666 521 1704">
     <span class='ocr_line' id='line_1_36' title="bbox 96 1666 521 1704; baseline -0.007 -8"><span class='ocrx_word' id='word_1_173' title='bbox 96 1668 141 1696; x_wconf 92' lang='lat' dir='ltr'>De</span> <span class='ocrx_word' id='word_1_174' title='bbox 162 1676 240 1704; x_wconf 91' lang='lat' dir='ltr'>pape</span> <span class='ocrx_word' id='word_1_175' title='bbox 259 1667 361 1695; x_wconf 83' lang='lat' dir='ltr'>officio</span> <span class='ocrx_word' id='word_1_176' title='bbox 383 1666 439 1702; x_wconf 48' lang='grc'>133,</span> <span class='ocrx_word' id='word_1_177' title='bbox 462 1666 521 1694; x_wconf 93' lang='grc'>163.</span> 
     </span>
    </p>

    <p class='ocr_par' dir='ltr' id='par_1_28' title="bbox 94 1701 718 1738">
     <span class='ocr_line' id='line_1_37' title="bbox 94 1701 718 1738; baseline 0 -8"><span class='ocrx_word' id='word_1_178' title='bbox 94 1704 205 1738; x_wconf 87' lang='lat' dir='ltr'>Papale</span> <span class='ocrx_word' id='word_1_179' title='bbox 225 1702 360 1730; x_wconf 84' lang='lat' dir='ltr'>officium</span> <span class='ocrx_word' id='word_1_180' title='bbox 381 1707 426 1729; x_wconf 88' lang='lat' dir='ltr'>est</span> <span class='ocrx_word' id='word_1_181' title='bbox 445 1709 635 1729; x_wconf 89' lang='lat' dir='ltr'>venenosum</span> <span class='ocrx_word' id='word_1_182' title='bbox 656 1701 718 1737; x_wconf 92' lang='grc'>195.</span> 
     </span>
    </p>

    <p class='ocr_par' dir='ltr' id='par_1_29' title="bbox 96 1736 825 1773">
     <span class='ocr_line' id='line_1_38' title="bbox 96 1736 825 1773; baseline -0.003 -8"><span class='ocrx_word' id='word_1_183' title='bbox 96 1738 238 1773; x_wconf 86' lang='lat' dir='ltr'>Fingitur</span> <span class='ocrx_word' id='word_1_184' title='bbox 279 1737 339 1764; x_wconf 92' lang='lat' dir='ltr'>uod</span> <span class='ocrx_word' id='word_1_185' title='bbox 362 1745 442 1772; x_wconf 87' lang='lat' dir='ltr'>papa</span> <span class='ocrx_word' id='word_1_186' title='bbox 463 1737 501 1764; x_wconf 92' lang='lat' dir='ltr'>sit</span> <span class='ocrx_word' id='word_1_187' title='bbox 521 1741 613 1772; x_wconf 89' lang='lat' dir='ltr'>caput</span> <span class='ocrx_word' id='word_1_188' title='bbox 632 1736 759 1764; x_wconf 80' lang='lat' dir='ltr'>ecclesie</span> <span class='ocrx_word' id='word_1_189' title='bbox 780 1745 825 1772; x_wconf 90' lang='lat'>77.</span> 
     </span>
    </p>

    <p class='ocr_par' dir='ltr' id='par_1_30' title="bbox 100 1746 691 1810">
     <span class='ocr_line' id='line_1_39' title="bbox 100 1746 691 1810; baseline -0.002 -11"><span class='ocrx_word' id='word_1_190' title='bbox 100 1773 182 1808; x_wconf 84' lang='lat' dir='ltr'>Papa</span> <span class='ocrx_word' id='word_1_191' title='bbox 202 1746 339 1800; x_wconf 44' lang='lat' dir='ltr'>fallicliilis</span> <span class='ocrx_word' id='word_1_192' title='bbox 361 1773 409 1806; x_wconf 72' lang='grc'>64.</span> <span class='ocrx_word' id='word_1_193' title='bbox 561 1806 566 1810; x_wconf 35' lang='lat'><strong>⁴</strong></span> <span class='ocrx_word' id='word_1_194' title='bbox 617 1806 621 1810; x_wconf 28' lang='lat'><strong>⁴</strong></span> <span class='ocrx_word' id='word_1_195' title='bbox 684 1806 691 1810; x_wconf 35' lang='lat'><strong>⁴</strong></span> 
     </span>
    </p>

    <p class='ocr_par' dir='ltr' id='par_1_31' title="bbox 98 1804 720 1842">
     <span class='ocr_line' id='line_1_40' title="bbox 98 1804 720 1842; baseline -0.003 -8"><span class='ocrx_word' id='word_1_196' title='bbox 98 1807 179 1842; x_wconf 90' lang='lat' dir='ltr'>Pape</span> <span class='ocrx_word' id='word_1_197' title='bbox 199 1807 351 1834; x_wconf 86' lang='lat' dir='ltr'>excedunt</span> <span class='ocrx_word' id='word_1_198' title='bbox 370 1807 484 1834; x_wconf 89' lang='lat' dir='ltr'>limites</span> <span class='ocrx_word' id='word_1_199' title='bbox 504 1810 641 1834; x_wconf 81' lang='lat' dir='ltr'>caritatls</span> <span class='ocrx_word' id='word_1_200' title='bbox 662 1804 720 1834; x_wconf 82' lang='grc'>163.</span> 
     </span>
    </p>

    <p class='ocr_par' dir='ltr' id='par_1_32' title="bbox 95 1841 828 1876">
     <span class='ocr_line' id='line_1_41' title="bbox 95 1841 828 1876; baseline -0.003 -7"><span class='ocrx_word' id='word_1_201' title='bbox 95 1857 129 1861; x_wconf 88' lang='grc'>-</span> <span class='ocrx_word' id='word_1_202' title='bbox 149 1842 233 1869; x_wconf 84' lang='lat' dir='ltr'>iuxta</span> <span class='ocrx_word' id='word_1_203' title='bbox 253 1842 394 1869; x_wconf 86' lang='lat' dir='ltr'>cronicas</span> <span class='ocrx_word' id='word_1_204' title='bbox 416 1846 538 1869; x_wconf 90' lang='lat' dir='ltr'>strenue</span> <span class='ocrx_word' id='word_1_205' title='bbox 559 1841 749 1868; x_wconf 83' lang='lat' dir='ltr'>bellaverunt</span> <span class='ocrx_word' id='word_1_206' title='bbox 770 1841 828 1876; x_wconf 85' lang='grc'>195.</span> 
     </span>
    </p>

    <p class='ocr_par' dir='ltr' id='par_1_33' title="bbox 98 1874 744 1904">
     <span class='ocr_line' id='line_1_42' title="bbox 98 1874 744 1904; baseline -0.002 0"><span class='ocrx_word' id='word_1_207' title='bbox 98 1893 132 1896; x_wconf 92' lang='grc'><strong>-</strong></span> <span class='ocrx_word' id='word_1_208' title='bbox 152 1885 213 1904; x_wconf 89' lang='grc'>0011</span> <span class='ocrx_word' id='word_1_209' title='bbox 235 1877 346 1904; x_wconf 90' lang='lat' dir='ltr'>debent</span> <span class='ocrx_word' id='word_1_210' title='bbox 367 1877 444 1904; x_wconf 90' lang='lat' dir='ltr'>bella</span> <span class='ocrx_word' id='word_1_211' title='bbox 464 1884 662 1903; x_wconf 74' lang='lat' dir='ltr'>commovere</span> <span class='ocrx_word' id='word_1_212' title='bbox 684 1874 744 1903; x_wconf 81' lang='lat'>163.</span> 
     </span>
    </p>

    <p class='ocr_par' dir='ltr' id='par_1_34' title="bbox 96 1910 929 1974">
     <span class='ocr_line' id='line_1_43' title="bbox 96 1910 929 1974; baseline -0.001 -35"><span class='ocrx_word' id='word_1_213' title='bbox 96 1912 309 1974; x_wconf 64' lang='lat' dir='ltr'>Utrumspapa</span> <span class='ocrx_word' id='word_1_214' title='bbox 330 1912 429 1947; x_wconf 85' lang='lat' dir='ltr'>possit</span> <span class='ocrx_word' id='word_1_215' title='bbox 457 1911 628 1938; x_wconf 86' lang='lat' dir='ltr'>beatificare</span> <span class='ocrx_word' id='word_1_216' title='bbox 655 1911 797 1938; x_wconf 89' lang='lat' dir='ltr'>homines</span> <span class='ocrx_word' id='word_1_217' title='bbox 823 1910 872 1938; x_wconf 90' lang='lat' dir='ltr'>hic</span> <span class='ocrx_word' id='word_1_218' title='bbox 899 1911 929 1938; x_wconf 92' lang='lat' dir='ltr'>in</span> 
     </span>
     <span class='ocr_line' id='line_1_44' title="bbox 131 1951 262 1974; baseline -0.008 -1"><span class='ocrx_word' id='word_1_219' title='bbox 131 1955 181 1974; x_wconf 84' lang='lat' dir='ltr'>via</span> <span class='ocrx_word' id='word_1_220' title='bbox 202 1955 209 1974; x_wconf 95' lang='lat'>1</span> <span class='ocrx_word' id='word_1_221' title='bbox 235 1951 262 1973; x_wconf 86' lang='grc'>0.</span> 
     </span>
    </p>

    <p class='ocr_par' dir='ltr' id='par_1_35' title="bbox 96 1980 930 2052">
     <span class='ocr_line' id='line_1_45' title="bbox 96 1980 930 2020; baseline -0.002 -11"><span class='ocrx_word' id='word_1_222' title='bbox 96 1982 297 2016; x_wconf 88' lang='lat' dir='ltr'>Presumpcio</span> <span class='ocrx_word' id='word_1_223' title='bbox 319 1989 470 2020; x_wconf 87' lang='lat' dir='ltr'>paparum</span> <span class='ocrx_word' id='word_1_224' title='bbox 491 1980 544 2016; x_wconf 86' lang='lat' dir='ltr'>qui</span> <span class='ocrx_word' id='word_1_225' title='bbox 565 1980 672 2008; x_wconf 86' lang='lat' dir='ltr'>dicunt</span> <span class='ocrx_word' id='word_1_226' title='bbox 692 1989 723 2008; x_wconf 92' lang='lat' dir='ltr'>se</span> <span class='ocrx_word' id='word_1_227' title='bbox 738 1988 805 2008; x_wconf 88' lang='lat' dir='ltr'>esse</span> <span class='ocrx_word' id='word_1_228' title='bbox 820 1980 930 2008; x_wconf 85' lang='lat' dir='ltr'>imme-</span> 
     </span>
     <span class='ocr_line' id='line_1_46' title="bbox 152 2015 684 2052; baseline -0.002 -9"><span class='ocrx_word' id='word_1_229' title='bbox 152 2016 232 2043; x_wconf 89' lang='lat' dir='ltr'>diate</span> <span class='ocrx_word' id='word_1_230' title='bbox 253 2016 369 2044; x_wconf 74' lang='grc'>(31111511</span> <span class='ocrx_word' id='word_1_231' title='bbox 390 2015 523 2043; x_wconf 88' lang='lat' dir='ltr'>vicarios</span> <span class='ocrx_word' id='word_1_232' title='bbox 544 2015 602 2051; x_wconf 84' lang='grc'>156,</span> <span class='ocrx_word' id='word_1_233' title='bbox 626 2016 684 2052; x_wconf 93' lang='grc'>187.</span> 
     </span>
    </p>

    <p class='ocr_par' dir='ltr' id='par_1_36' title="bbox 102 2051 478 2087">
     <span class='ocr_line' id='line_1_47' title="bbox 102 2051 478 2087; baseline -0.003 -9"><span class='ocrx_word' id='word_1_234' title='bbox 102 2051 299 2086; x_wconf 85' lang='lat' dir='ltr'>Blasphemie</span> <span class='ocrx_word' id='word_1_235' title='bbox 320 2059 398 2087; x_wconf 88' lang='lat' dir='ltr'>pape</span> <span class='ocrx_word' id='word_1_236' title='bbox 420 2059 478 2086; x_wconf 91' lang='grc'>177.</span> 
     </span>
    </p>

    <p class='ocr_par' dir='ltr' id='par_1_37' title="bbox 99 2083 668 2122">
     <span class='ocr_line' id='line_1_48' title="bbox 99 2083 668 2122; baseline -0.002 -9"><span class='ocrx_word' id='word_1_237' title='bbox 99 2087 182 2122; x_wconf 87' lang='lat' dir='ltr'>Papa</span> <span class='ocrx_word' id='word_1_238' title='bbox 203 2086 272 2121; x_wconf 91' lang='lat' dir='ltr'>plus</span> <span class='ocrx_word' id='word_1_239' title='bbox 294 2086 445 2121; x_wconf 88' lang='lat' dir='ltr'>presumit</span> <span class='ocrx_word' id='word_1_240' title='bbox 465 2085 588 2113; x_wconf 90' lang='lat' dir='ltr'>diabolo</span> <span class='ocrx_word' id='word_1_241' title='bbox 611 2083 668 2113; x_wconf 78' lang='grc'>133.</span> 
     </span>
    </p>

    <p class='ocr_par' dir='ltr' id='par_1_38' title="bbox 98 2119 835 2156">
     <span class='ocr_line' id='line_1_49' title="bbox 98 2119 835 2156; baseline 0.001 -8"><span class='ocrx_word' id='word_1_242' title='bbox 98 2121 143 2148; x_wconf 84' lang='grc'>130</span> <span class='ocrx_word' id='word_1_243' title='bbox 164 2129 289 2156; x_wconf 91' lang='lat' dir='ltr'>presum</span> <span class='ocrx_word' id='word_1_244' title='bbox 316 2125 405 2148; x_wconf 85' lang='lat' dir='ltr'>tuosa</span> <span class='ocrx_word' id='word_1_245' title='bbox 426 2124 577 2156; x_wconf 81' lang='lat' dir='ltr'>potestate</span> <span class='ocrx_word' id='word_1_246' title='bbox 598 2128 676 2156; x_wconf 89' lang='lat' dir='ltr'>pape</span> <span class='ocrx_word' id='word_1_247' title='bbox 697 2119 835 2149; x_wconf 84' lang='grc'>133-135.</span> 
     </span>
    </p>

    <p class='ocr_par' dir='ltr' id='par_1_39' title="bbox 97 2155 882 2191">
     <span class='ocr_line' id='line_1_50' title="bbox 97 2155 882 2191; baseline 0.001 -8"><span class='ocrx_word' id='word_1_248' title='bbox 97 2156 178 2191; x_wconf 86' lang='lat' dir='ltr'>Papa</span> <span class='ocrx_word' id='word_1_249' title='bbox 199 2164 261 2183; x_wconf 87' lang='grc'>000</span> <span class='ocrx_word' id='word_1_250' title='bbox 303 2156 369 2183; x_wconf 91' lang='lat' dir='ltr'>ebet</span> <span class='ocrx_word' id='word_1_251' title='bbox 390 2155 560 2183; x_wconf 85' lang='lat' dir='ltr'>homicidia</span> <span class='ocrx_word' id='word_1_252' title='bbox 581 2163 748 2190; x_wconf 86' lang='lat' dir='ltr'>procurare</span> <span class='ocrx_word' id='word_1_253' title='bbox 769 2157 819 2189; x_wconf 90' lang='grc'>60,</span> <span class='ocrx_word' id='word_1_254' title='bbox 841 2157 882 2184; x_wconf 89' lang='grc'>61.</span> 
     </span>
    </p>

    <p class='ocr_par' dir='ltr' id='par_1_40' title="bbox 98 2190 850 2225">
     <span class='ocr_line' id='line_1_51' title="bbox 98 2190 850 2225; baseline 0.001 -7"><span class='ocrx_word' id='word_1_255' title='bbox 98 2206 132 2210; x_wconf 95' lang='lat'>—-</span> <span class='ocrx_word' id='word_1_256' title='bbox 153 2191 243 2218; x_wconf 89' lang='lat' dir='ltr'>debet</span> <span class='ocrx_word' id='word_1_257' title='bbox 261 2190 292 2218; x_wconf 92' lang='lat' dir='ltr'>in</span> <span class='ocrx_word' id='word_1_258' title='bbox 314 2190 485 2218; x_wconf 90' lang='lat' dir='ltr'>humilitate</span> <span class='ocrx_word' id='word_1_259' title='bbox 505 2191 582 2217; x_wconf 89' lang='lat' dir='ltr'>alios</span> <span class='ocrx_word' id='word_1_260' title='bbox 604 2191 767 2225; x_wconf 85' lang='lat' dir='ltr'>precellere</span> <span class='ocrx_word' id='word_1_261' title='bbox 787 2192 850 2225; x_wconf 74' lang='lat'>164.</span> 
     </span>
    </p>

    <p class='ocr_par' dir='ltr' id='par_1_41' title="bbox 98 2224 737 2261">
     <span class='ocr_line' id='line_1_52' title="bbox 98 2224 737 2261; baseline 0 -9"><span class='ocrx_word' id='word_1_262' title='bbox 98 2241 131 2245; x_wconf 91' lang='lat'>-—</span> <span class='ocrx_word' id='word_1_263' title='bbox 153 2225 305 2261; x_wconf 80' lang='lat' dir='ltr'>relinquat</span> <span class='ocrx_word' id='word_1_264' title='bbox 326 2225 462 2252; x_wconf 88' lang='lat' dir='ltr'>seculare</span> <span class='ocrx_word' id='word_1_265' title='bbox 482 2224 657 2252; x_wconf 90' lang='lat' dir='ltr'>dominium</span> <span class='ocrx_word' id='word_1_266' title='bbox 680 2224 737 2254; x_wconf 87' lang='grc'>163.</span> 
     </span>
    </p>

    <p class='ocr_par' dir='ltr' id='par_1_42' title="bbox 98 2260 463 2289">
     <span class='ocr_line' id='line_1_53' title="bbox 98 2260 463 2289; baseline 0.003 -1"><span class='ocrx_word' id='word_1_267' title='bbox 98 2260 142 2288; x_wconf 91' lang='lat' dir='ltr'>De</span> <span class='ocrx_word' id='word_1_268' title='bbox 186 2268 200 2287; x_wconf 90' lang='lat' dir='ltr'>a</span> <span class='ocrx_word' id='word_1_269' title='bbox 227 2269 242 2287; x_wconf 87' lang='lat' dir='ltr'>e</span> <span class='ocrx_word' id='word_1_270' title='bbox 262 2260 385 2287; x_wconf 78' lang='lat' dir='ltr'>diviciis</span> <span class='ocrx_word' id='word_1_271' title='bbox 406 2267 463 2289; x_wconf 90' lang='grc'>120.</span> 
     </span>
    </p>

    <p class='ocr_par' dir='ltr' id='par_1_43' title="bbox 97 2269 703 2334">
     <span class='ocr_line' id='line_1_54' title="bbox 97 2269 703 2334; baseline 0 -12"><span class='ocrx_word' id='word_1_272' title='bbox 97 2295 141 2322; x_wconf 86' lang='grc'>130</span> <span class='ocrx_word' id='word_1_273' title='bbox 162 2269 244 2334; x_wconf 58' lang='lat' dir='ltr'>ssefi&#39;q</span> <span class='ocrx_word' id='word_1_274' title='bbox 261 2295 340 2322; x_wconf 87' lang='lat' dir='ltr'>inter</span> <span class='ocrx_word' id='word_1_275' title='bbox 360 2295 439 2322; x_wconf 88' lang='lat' dir='ltr'>duos</span> <span class='ocrx_word' id='word_1_276' title='bbox 460 2303 557 2331; x_wconf 85' lang='lat' dir='ltr'>papas</span> <span class='ocrx_word' id='word_1_277' title='bbox 582 2293 703 2329; x_wconf 73' lang='lat'><strong>30—42.</strong></span> 
     </span>
    </p>

    <p class='ocr_par' dir='ltr' id='par_1_44' title="bbox 98 2327 733 2369">
     <span class='ocr_line' id='line_1_55' title="bbox 98 2327 733 2369; baseline 0 -11"><span class='ocrx_word' id='word_1_278' title='bbox 98 2330 141 2358; x_wconf 92' lang='lat' dir='ltr'>De</span> <span class='ocrx_word' id='word_1_279' title='bbox 163 2334 299 2368; x_wconf 78' lang='lat' dir='ltr'>cruciata</span> <span class='ocrx_word' id='word_1_280' title='bbox 319 2338 398 2369; x_wconf 87' lang='lat' dir='ltr'>pape</span> <span class='ocrx_word' id='word_1_281' title='bbox 419 2328 477 2364; x_wconf 83' lang='grc'>136,</span> <span class='ocrx_word' id='word_1_282' title='bbox 500 2329 558 2369; x_wconf 90' lang='grc'>137,</span> <span class='ocrx_word' id='word_1_283' title='bbox 581 2327 733 2363; x_wconf 63' lang='grc'>184-188.</span> 
     </span>
    </p>

    <p class='ocr_par' dir='ltr' id='par_1_45' title="bbox 98 2364 807 2400">
     <span class='ocr_line' id='line_1_56' title="bbox 98 2364 807 2400; baseline 0.001 -9"><span class='ocrx_word' id='word_1_284' title='bbox 98 2365 180 2400; x_wconf 84' lang='grc' dir='ltr'>133ρο</span> <span class='ocrx_word' id='word_1_285' title='bbox 201 2369 343 2400; x_wconf 80' lang='lat' dir='ltr'>prescms</span> <span class='ocrx_word' id='word_1_286' title='bbox 363 2364 575 2399; x_wconf 80' lang='lat' dir='ltr'>mdulgenclas</span> <span class='ocrx_word' id='word_1_287' title='bbox 597 2365 725 2400; x_wconf 85' lang='lat' dir='ltr'>prebent</span> <span class='ocrx_word' id='word_1_288' title='bbox 746 2364 807 2399; x_wconf 77' lang='grc'>184.</span> 
     </span>
    </p>

    <p class='ocr_par' dir='ltr' id='par_1_46' title="bbox 99 2399 760 2436">
     <span class='ocr_line' id='line_1_57' title="bbox 99 2399 760 2436; baseline 0.002 -10"><span class='ocrx_word' id='word_1_289' title='bbox 99 2400 214 2435; x_wconf 82' lang='lat' dir='ltr'>Papam</span> <span class='ocrx_word' id='word_1_290' title='bbox 237 2399 346 2435; x_wconf 81' lang='lat' dir='ltr'>eligere</span> <span class='ocrx_word' id='word_1_291' title='bbox 366 2399 430 2426; x_wconf 91' lang='lat' dir='ltr'>Deo</span> <span class='ocrx_word' id='word_1_292' title='bbox 450 2404 496 2426; x_wconf 87' lang='lat' dir='ltr'>est</span> <span class='ocrx_word' id='word_1_293' title='bbox 517 2399 678 2435; x_wconf 91' lang='lat' dir='ltr'>proprium</span> <span class='ocrx_word' id='word_1_294' title='bbox 702 2399 760 2436; x_wconf 83' lang='grc'>193.</span> 
     </span>
    </p>

    <p class='ocr_par' dir='ltr' id='par_1_47' title="bbox 98 2433 636 2470">
     <span class='ocr_line' id='line_1_58' title="bbox 98 2433 636 2470; baseline 0 -9"><span class='ocrx_word' id='word_1_295' title='bbox 98 2434 229 2462; x_wconf 83' lang='grc' dir='ltr'>Ε110105</span> <span class='ocrx_word' id='word_1_296' title='bbox 249 2434 280 2461; x_wconf 90' lang='grc'>10</span> <span class='ocrx_word' id='word_1_297' title='bbox 302 2434 455 2461; x_wconf 86' lang='lat' dir='ltr'>eleccione</span> <span class='ocrx_word' id='word_1_298' title='bbox 476 2442 556 2470; x_wconf 91' lang='lat' dir='ltr'>pape</span> <span class='ocrx_word' id='word_1_299' title='bbox 576 2433 636 2470; x_wconf 86' lang='grc'>193.</span> 
     </span>
    </p>

    <p class='ocr_par' dir='ltr' id='par_1_48' title="bbox 100 2468 931 2505">
     <span class='ocr_line' id='line_1_59' title="bbox 100 2468 931 2505; baseline 0 -9"><span class='ocrx_word' id='word_1_300' title='bbox 100 2468 227 2496; x_wconf 84' lang='grc'>1301111111</span> <span class='ocrx_word' id='word_1_301' title='bbox 253 2477 309 2504; x_wconf 92' lang='lat' dir='ltr'>pro</span> <span class='ocrx_word' id='word_1_302' title='bbox 337 2477 450 2504; x_wconf 83' lang='lat' dir='ltr'>magno</span> <span class='ocrx_word' id='word_1_303' title='bbox 477 2470 587 2497; x_wconf 86' lang='lat' dir='ltr'>merito</span> <span class='ocrx_word' id='word_1_304' title='bbox 614 2470 638 2496; x_wconf 89' lang='lat' dir='ltr'>si</span> <span class='ocrx_word' id='word_1_305' title='bbox 666 2469 736 2505; x_wconf 89' lang='lat' dir='ltr'>quis</span> <span class='ocrx_word' id='word_1_306' title='bbox 762 2469 931 2496; x_wconf 89' lang='lat' dir='ltr'>destrueret</span> 
     </span>
    </p>

    <p class='ocr_par' dir='ltr' id='par_1_49' title="bbox 101 2502 931 2641">
     <span class='ocr_line' id='line_1_60' title="bbox 154 2502 461 2538; baseline 0 -8"><span class='ocrx_word' id='word_1_307' title='bbox 154 2507 303 2538; x_wconf 86' lang='lat' dir='ltr'>papatum</span> <span class='ocrx_word' id='word_1_308' title='bbox 325 2502 382 2538; x_wconf 85' lang='lat'>137,</span> <span class='ocrx_word' id='word_1_309' title='bbox 404 2502 461 2531; x_wconf 82' lang='grc'>138.</span> 
     </span>
     <span class='ocr_line' id='line_1_61' title="bbox 102 2537 498 2578; baseline 0 -13"><span class='ocrx_word' id='word_1_310' title='bbox 102 2538 255 2578; x_wconf 69' lang='lat' dir='ltr'>Paralysis</span> <span class='ocrx_word' id='word_1_311' title='bbox 275 2538 348 2578; x_wconf 89' lang='lat' dir='ltr'>quid</span> <span class='ocrx_word' id='word_1_312' title='bbox 369 2543 414 2565; x_wconf 89' lang='lat' dir='ltr'>est</span> <span class='ocrx_word' id='word_1_313' title='bbox 434 2537 498 2572; x_wconf 87' lang='grc'>243.</span> 
     </span>
     <span class='ocr_line' id='line_1_62' title="bbox 101 2572 931 2635; baseline 0 -35"><span class='ocrx_word' id='word_1_314' title='bbox 101 2573 254 2635; x_wconf 49' lang='grc' dir='ltr'>Βο6ςο1ξῑ15ἦ</span> <span class='ocrx_word' id='word_1_315' title='bbox 281 2581 312 2600; x_wconf 90' lang='grc'>10</span> <span class='ocrx_word' id='word_1_316' title='bbox 342 2572 444 2600; x_wconf 81' lang='lat' dir='ltr'>officio</span> <span class='ocrx_word' id='word_1_317' title='bbox 474 2573 620 2608; x_wconf 88' lang='lat' dir='ltr'>pastorali</span> <span class='ocrx_word' id='word_1_318' title='bbox 650 2578 696 2601; x_wconf 90' lang='lat' dir='ltr'>est</span> <span class='ocrx_word' id='word_1_319' title='bbox 724 2574 774 2601; x_wconf 89' lang='lat' dir='ltr'>fur</span> <span class='ocrx_word' id='word_1_320' title='bbox 799 2578 827 2600; x_wconf 86' lang='lat' dir='ltr'>et</span> <span class='ocrx_word' id='word_1_321' title='bbox 853 2574 931 2601; x_wconf 88' lang='lat' dir='ltr'>latro</span> 
     </span>
     <span class='ocr_line' id='line_1_63' title="bbox 158 2616 308 2641; baseline 0.007 -7"><span class='ocrx_word' id='word_1_322' title='bbox 158 2616 221 2640; x_wconf 75' lang='grc' dir='ltr'>,ο,,</span> <span class='ocrx_word' id='word_1_323' title='bbox 259 2616 308 2641; x_wconf 75' lang='grc'>04.</span> 
     </span>
    </p>

    <p class='ocr_par' dir='ltr' id='par_1_50' title="bbox 102 2641 780 2678">
     <span class='ocr_line' id='line_1_64' title="bbox 102 2641 780 2678; baseline 0.001 -9"><span class='ocrx_word' id='word_1_324' title='bbox 102 2641 298 2670; x_wconf 81' lang='lat' dir='ltr'>Christianus</span> <span class='ocrx_word' id='word_1_325' title='bbox 319 2642 402 2677; x_wconf 86' lang='lat' dir='ltr'>pasci</span> <span class='ocrx_word' id='word_1_326' title='bbox 424 2642 513 2670; x_wconf 90' lang='lat' dir='ltr'>debet</span> <span class='ocrx_word' id='word_1_327' title='bbox 533 2642 601 2670; x_wconf 91' lang='lat' dir='ltr'>cibo</span> <span class='ocrx_word' id='word_1_328' title='bbox 623 2642 689 2670; x_wconf 85' lang='lat' dir='ltr'>fidei</span> <span class='ocrx_word' id='word_1_329' title='bbox 711 2651 780 2678; x_wconf 77' lang='grc'>474.</span> 
     </span>
    </p>

    <p class='ocr_par' dir='ltr' id='par_1_51' title="bbox 102 2677 732 2712">
     <span class='ocr_line' id='line_1_65' title="bbox 102 2677 732 2712; baseline 0.002 -9"><span class='ocrx_word' id='word_1_330' title='bbox 102 2677 224 2711; x_wconf 90' lang='lat' dir='ltr'>Quibus</span> <span class='ocrx_word' id='word_1_331' title='bbox 246 2677 379 2712; x_wconf 89' lang='lat' dir='ltr'>populus</span> <span class='ocrx_word' id='word_1_332' title='bbox 400 2681 446 2704; x_wconf 92' lang='lat' dir='ltr'>est</span> <span class='ocrx_word' id='word_1_333' title='bbox 467 2678 641 2712; x_wconf 88' lang='lat' dir='ltr'>pascendus</span> <span class='ocrx_word' id='word_1_334' title='bbox 660 2679 732 2711; x_wconf 83' lang='grc'>460.</span> 
     </span>
    </p>

    <p class='ocr_par' dir='ltr' id='par_1_52' title="bbox 100 2710 729 2750">
     <span class='ocr_line' id='line_1_66' title="bbox 100 2710 729 2750; baseline 0.003 -12"><span class='ocrx_word' id='word_1_335' title='bbox 100 2711 145 2739; x_wconf 90' lang='grc'>[)0</span> <span class='ocrx_word' id='word_1_336' title='bbox 163 2711 321 2750; x_wconf 87' lang='lat' dir='ltr'>paciencia</span> <span class='ocrx_word' id='word_1_337' title='bbox 341 2713 392 2746; x_wconf 79' lang='grc'>64,</span> <span class='ocrx_word' id='word_1_338' title='bbox 412 2710 560 2746; x_wconf 32' lang='grc' dir='ltr'>223ῂ225,</span> <span class='ocrx_word' id='word_1_339' title='bbox 582 2711 627 2740; x_wconf 90' lang='grc'>321</span> <span class='ocrx_word' id='word_1_340' title='bbox 640 2712 729 2741; x_wconf 80' lang='grc'>-328,</span> 
     </span>
    </p>

    <p class='ocr_par' dir='ltr' id='par_1_53' title="bbox 101 2746 852 2785">
     <span class='ocr_line' id='line_1_67' title="bbox 101 2746 852 2785; baseline 0.001 -12"><span class='ocrx_word' id='word_1_341' title='bbox 101 2746 287 2773; x_wconf 83' lang='lat' dir='ltr'>Paciendum</span> <span class='ocrx_word' id='word_1_342' title='bbox 308 2751 353 2774; x_wconf 89' lang='lat' dir='ltr'>est</span> <span class='ocrx_word' id='word_1_343' title='bbox 374 2751 500 2785; x_wconf 86' lang='lat' dir='ltr'>propter</span> <span class='ocrx_word' id='word_1_344' title='bbox 520 2747 678 2775; x_wconf 81' lang='lat' dir='ltr'>Christum</span> <span class='ocrx_word' id='word_1_345' title='bbox 700 2748 852 2776; x_wconf 87' lang='grc'>216-222.</span> 
     </span>
    </p>

    <p class='ocr_par' dir='ltr' id='par_1_54' title="bbox 104 2780 556 2816">
     <span class='ocr_line' id='line_1_68' title="bbox 104 2780 556 2816; baseline 0.002 -9"><span class='ocrx_word' id='word_1_346' title='bbox 104 2780 224 2808; x_wconf 87' lang='lat' dir='ltr'>Genera</span> <span class='ocrx_word' id='word_1_347' title='bbox 245 2781 385 2816; x_wconf 82' lang='lat' dir='ltr'>paciendi</span> <span class='ocrx_word' id='word_1_348' title='bbox 406 2788 556 2815; x_wconf 82' lang='grc'>217-220.</span> 
     </span>
    </p>

    <p class='ocr_par' dir='ltr' id='par_1_55' title="bbox 103 2815 929 2852">
     <span class='ocr_line' id='line_1_69' title="bbox 103 2815 929 2852; baseline 0.004 -9"><span class='ocrx_word' id='word_1_349' title='bbox 103 2815 207 2850; x_wconf 86' lang='lat' dir='ltr'>Quare</span> <span class='ocrx_word' id='word_1_350' title='bbox 227 2816 384 2843; x_wconf 90' lang='lat' dir='ltr'>hominem</span> <span class='ocrx_word' id='word_1_351' title='bbox 405 2821 527 2851; x_wconf 89' lang='lat' dir='ltr'>oportet</span> <span class='ocrx_word' id='word_1_352' title='bbox 542 2817 602 2852; x_wconf 86' lang='lat' dir='ltr'>pati</span> <span class='ocrx_word' id='word_1_353' title='bbox 618 2817 710 2845; x_wconf 84' lang='grc'>1110111</span> <span class='ocrx_word' id='word_1_354' title='bbox 727 2818 775 2845; x_wconf 78' lang='lat' dir='ltr'>via</span> <span class='ocrx_word' id='word_1_355' title='bbox 795 2816 852 2848; x_wconf 76' lang='grc'>213,</span> <span class='ocrx_word' id='word_1_356' title='bbox 869 2826 897 2845; x_wconf 89' lang='grc'>21</span> <span class='ocrx_word' id='word_1_357' title='bbox 911 2829 929 2852; x_wconf 75' lang='grc' dir='ltr'>ι.</span> 
     </span>
    </p>

    <p class='ocr_par' dir='ltr' id='par_1_56' title="bbox 103 2850 642 2886">
     <span class='ocr_line' id='line_1_70' title="bbox 103 2850 642 2886; baseline 0.004 -10"><span class='ocrx_word' id='word_1_358' title='bbox 103 2850 145 2877; x_wconf 69' lang='lat' dir='ltr'>lle</span> <span class='ocrx_word' id='word_1_359' title='bbox 166 2851 308 2886; x_wconf 88' lang='lat' dir='ltr'>corporis</span> <span class='ocrx_word' id='word_1_360' title='bbox 329 2851 474 2886; x_wconf 81' lang='lat' dir='ltr'>passione</span> <span class='ocrx_word' id='word_1_361' title='bbox 494 2850 642 2879; x_wconf 80' lang='grc'>321-328,</span> 
     </span>
    </p>

    <p class='ocr_par' dir='ltr' id='par_1_57' title="bbox 102 2884 353 2921">
     <span class='ocr_line' id='line_1_71' title="bbox 102 2884 353 2921; baseline 0.004 -10"><span class='ocrx_word' id='word_1_362' title='bbox 102 2884 157 2912; x_wconf 90' lang='lat' dir='ltr'>Dei</span> <span class='ocrx_word' id='word_1_363' title='bbox 179 2886 283 2920; x_wconf 88' lang='lat' dir='ltr'>passio</span> <span class='ocrx_word' id='word_1_364' title='bbox 304 2893 353 2921; x_wconf 79' lang='lat'>99.</span> 
     </span>
    </p>
   </div>
   <div class='ocr_carea' id='block_1_5' title="bbox 1751 250 1827 296">
    <p class='ocr_par' dir='ltr' id='par_1_58' title="bbox 1751 250 1827 296">
     <span class='ocr_line' id='line_1_72' title="bbox 1751 250 1827 296; baseline -0.013 -12"><span class='ocrx_word' id='word_1_365' title='bbox 1751 250 1827 296; x_wconf 83' lang='lat'>527</span> 
     </span>
    </p>
   </div>
   <div class='ocr_carea' id='block_1_6' title="bbox 999 373 1836 2920">
    <p class='ocr_par' dir='ltr' id='par_1_59' title="bbox 1000 373 1832 435">
     <span class='ocr_line' id='line_1_73' title="bbox 1000 373 1832 408; baseline -0.001 -7"><span class='ocrx_word' id='word_1_366' title='bbox 1000 373 1185 401; x_wconf 69' lang='lat' dir='ltr'>Faciendum</span> <span class='ocrx_word' id='word_1_367' title='bbox 1207 377 1250 400; x_wconf 85' lang='lat' dir='ltr'>est</span> <span class='ocrx_word' id='word_1_368' title='bbox 1280 373 1436 400; x_wconf 85' lang='lat' dir='ltr'>humiliter</span> <span class='ocrx_word' id='word_1_369' title='bbox 1465 373 1573 408; x_wconf 84' lang='lat' dir='ltr'>pocius</span> <span class='ocrx_word' id='word_1_370' title='bbox 1600 381 1691 408; x_wconf 83' lang='lat' dir='ltr'>quam</span> <span class='ocrx_word' id='word_1_371' title='bbox 1721 374 1832 400; x_wconf 82' lang='lat' dir='ltr'>bellan-</span> 
     </span>
     <span class='ocr_line' id='line_1_74' title="bbox 1051 406 1195 435; baseline -0.007 0"><span class='ocrx_word' id='word_1_372' title='bbox 1051 409 1126 435; x_wconf 89' lang='lat' dir='ltr'>dum</span> <span class='ocrx_word' id='word_1_373' title='bbox 1148 406 1195 435; x_wconf 90' lang='grc'>36.</span> 
     </span>
    </p>

    <p class='ocr_par' dir='ltr' id='par_1_60' title="bbox 999 440 1455 478">
     <span class='ocr_line' id='line_1_75' title="bbox 999 440 1455 478; baseline -0.002 -8"><span class='ocrx_word' id='word_1_374' title='bbox 999 443 1043 470; x_wconf 90' lang='lat' dir='ltr'>De</span> <span class='ocrx_word' id='word_1_375' title='bbox 1064 451 1137 478; x_wconf 83' lang='lat' dir='ltr'>pace</span> <span class='ocrx_word' id='word_1_376' title='bbox 1157 441 1279 476; x_wconf 32' lang='lat' dir='ltr'>ert—34,</span> <span class='ocrx_word' id='word_1_377' title='bbox 1301 440 1455 469; x_wconf 69' lang='grc'>35--360,</span> 
     </span>
    </p>

    <p class='ocr_par' dir='ltr' id='par_1_61' title="bbox 999 475 1535 512">
     <span class='ocr_line' id='line_1_76' title="bbox 999 475 1535 512; baseline 0 -8"><span class='ocrx_word' id='word_1_378' title='bbox 999 477 1060 504; x_wconf 83' lang='lat' dir='ltr'>Pax</span> <span class='ocrx_word' id='word_1_379' title='bbox 1080 477 1146 511; x_wconf 75' lang='lat' dir='ltr'>Dei,</span> <span class='ocrx_word' id='word_1_380' title='bbox 1169 485 1227 512; x_wconf 85' lang='lat' dir='ltr'>pax</span> <span class='ocrx_word' id='word_1_381' title='bbox 1249 477 1355 504; x_wconf 63' lang='lat' dir='ltr'>munti</span> <span class='ocrx_word' id='word_1_382' title='bbox 1378 475 1535 505; x_wconf 75' lang='grc'>360-362.</span> 
     </span>
    </p>

    <p class='ocr_par' dir='ltr' id='par_1_62' title="bbox 999 511 1832 550">
     <span class='ocr_line' id='line_1_77' title="bbox 999 511 1832 550; baseline 0.002 -11"><span class='ocrx_word' id='word_1_383' title='bbox 999 511 1127 547; x_wconf 85' lang='lat' dir='ltr'>Triplex</span> <span class='ocrx_word' id='word_1_384' title='bbox 1156 520 1214 546; x_wconf 91' lang='lat' dir='ltr'>pax</span> <span class='ocrx_word' id='word_1_385' title='bbox 1240 511 1304 545; x_wconf 73' lang='lat'>345,</span> <span class='ocrx_word' id='word_1_386' title='bbox 1326 511 1392 545; x_wconf 65' lang='grc'>316,</span> <span class='ocrx_word' id='word_1_387' title='bbox 1415 511 1568 547; x_wconf 70' lang='grc'>357--359,</span> <span class='ocrx_word' id='word_1_388' title='bbox 1593 521 1657 547; x_wconf 75' lang='grc'>410,</span> <span class='ocrx_word' id='word_1_389' title='bbox 1680 513 1746 547; x_wconf 78' lang='grc'>456,</span> <span class='ocrx_word' id='word_1_390' title='bbox 1768 514 1832 550; x_wconf 71' lang='grc'>457.</span> 
     </span>
    </p>

    <p class='ocr_par' dir='ltr' id='par_1_63' title="bbox 1000 546 1431 574">
     <span class='ocr_line' id='line_1_78' title="bbox 1000 546 1431 574; baseline -0.002 -1"><span class='ocrx_word' id='word_1_391' title='bbox 1000 547 1062 573; x_wconf 86' lang='lat' dir='ltr'>Pax</span> <span class='ocrx_word' id='word_1_392' title='bbox 1083 555 1099 574; x_wconf 91' lang='lat' dir='ltr'>a</span> <span class='ocrx_word' id='word_1_393' title='bbox 1121 546 1245 574; x_wconf 84' lang='lat' dir='ltr'>Christo</span> <span class='ocrx_word' id='word_1_394' title='bbox 1267 547 1356 573; x_wconf 88' lang='lat' dir='ltr'>datur</span> <span class='ocrx_word' id='word_1_395' title='bbox 1378 547 1431 574; x_wconf 85' lang='grc'>181.</span> 
     </span>
    </p>

    <p class='ocr_par' dir='ltr' id='par_1_64' title="bbox 1000 581 1454 609">
     <span class='ocr_line' id='line_1_79' title="bbox 1000 581 1454 609; baseline 0.002 -1"><span class='ocrx_word' id='word_1_396' title='bbox 1000 597 1033 600; x_wconf 92' lang='grc'>-</span> <span class='ocrx_word' id='word_1_397' title='bbox 1053 585 1098 608; x_wconf 90' lang='grc'>101</span> <span class='ocrx_word' id='word_1_398' title='bbox 1119 581 1188 608; x_wconf 85' lang='lat' dir='ltr'>data</span> <span class='ocrx_word' id='word_1_399' title='bbox 1210 581 1390 609; x_wconf 88' lang='lat' dir='ltr'>hominibus</span> <span class='ocrx_word' id='word_1_400' title='bbox 1411 582 1454 609; x_wconf 77' lang='lat'>58.</span> 
     </span>
    </p>

    <p class='ocr_par' dir='ltr' id='par_1_65' title="bbox 1000 615 1766 652">
     <span class='ocr_line' id='line_1_80' title="bbox 1000 615 1766 652; baseline 0.003 -10"><span class='ocrx_word' id='word_1_401' title='bbox 1000 615 1082 643; x_wconf 87' lang='lat' dir='ltr'>Vera</span> <span class='ocrx_word' id='word_1_402' title='bbox 1103 624 1162 651; x_wconf 85' lang='lat' dir='ltr'>pax</span> <span class='ocrx_word' id='word_1_403' title='bbox 1183 624 1236 651; x_wconf 82' lang='lat' dir='ltr'>per</span> <span class='ocrx_word' id='word_1_404' title='bbox 1257 625 1315 651; x_wconf 83' lang='lat' dir='ltr'>que</span> <span class='ocrx_word' id='word_1_405' title='bbox 1337 617 1437 643; x_wconf 85' lang='lat' dir='ltr'>media</span> <span class='ocrx_word' id='word_1_406' title='bbox 1457 617 1575 652; x_wconf 83' lang='lat' dir='ltr'>acquiri</span> <span class='ocrx_word' id='word_1_407' title='bbox 1597 618 1697 652; x_wconf 76' lang='lat' dir='ltr'>possit</span> <span class='ocrx_word' id='word_1_408' title='bbox 1718 619 1766 649; x_wconf 82' lang='grc'>60.</span> 
     </span>
    </p>

    <p class='ocr_par' dir='ltr' id='par_1_66' title="bbox 1001 650 1747 687">
     <span class='ocr_line' id='line_1_81' title="bbox 1001 650 1747 687; baseline 0 -9"><span class='ocrx_word' id='word_1_409' title='bbox 1001 651 1102 678; x_wconf 89' lang='lat' dir='ltr'>Media</span> <span class='ocrx_word' id='word_1_410' title='bbox 1123 659 1179 686; x_wconf 89' lang='lat' dir='ltr'>pro</span> <span class='ocrx_word' id='word_1_411' title='bbox 1202 659 1274 684; x_wconf 89' lang='lat' dir='ltr'>pace</span> <span class='ocrx_word' id='word_1_412' title='bbox 1295 651 1420 678; x_wconf 87' lang='lat' dir='ltr'>ecclesie</span> <span class='ocrx_word' id='word_1_413' title='bbox 1441 652 1627 687; x_wconf 87' lang='lat' dir='ltr'>acquirenda</span> <span class='ocrx_word' id='word_1_414' title='bbox 1647 653 1697 685; x_wconf 73' lang='grc'>46.</span> <span class='ocrx_word' id='word_1_415' title='bbox 1740 650 1747 653; x_wconf 75' lang='grc'>’</span> 
     </span>
    </p>

    <p class='ocr_par' dir='ltr' id='par_1_67' title="bbox 1003 685 1832 755">
     <span class='ocr_line' id='line_1_82' title="bbox 1003 685 1832 721; baseline 0 -9"><span class='ocrx_word' id='word_1_416' title='bbox 1003 685 1107 721; x_wconf 88' lang='lat' dir='ltr'>Quare</span> <span class='ocrx_word' id='word_1_417' title='bbox 1128 693 1217 720; x_wconf 86' lang='lat' dir='ltr'>paces</span> <span class='ocrx_word' id='word_1_418' title='bbox 1238 685 1312 712; x_wconf 88' lang='lat' dir='ltr'>inite</span> <span class='ocrx_word' id='word_1_419' title='bbox 1332 685 1411 712; x_wconf 89' lang='lat' dir='ltr'>inter</span> <span class='ocrx_word' id='word_1_420' title='bbox 1432 694 1524 721; x_wconf 74' lang='lat' dir='ltr'>regua</span> <span class='ocrx_word' id='word_1_421' title='bbox 1545 695 1605 714; x_wconf 92' lang='lat' dir='ltr'>non</span> <span class='ocrx_word' id='word_1_422' title='bbox 1622 688 1832 715; x_wconf 64' lang='grc'>511111513111105</span> 
     </span>
     <span class='ocr_line' id='line_1_83' title="bbox 1055 719 1373 755; baseline 0 -8"><span class='ocrx_word' id='word_1_423' title='bbox 1055 728 1121 755; x_wconf 81' lang='grc'>209,</span> <span class='ocrx_word' id='word_1_424' title='bbox 1143 728 1203 752; x_wconf 86' lang='grc'>210,</span> <span class='ocrx_word' id='word_1_425' title='bbox 1224 719 1289 754; x_wconf 87' lang='grc'>362,</span> <span class='ocrx_word' id='word_1_426' title='bbox 1310 719 1373 747; x_wconf 77' lang='grc'>363.</span> 
     </span>
    </p>

    <p class='ocr_par' dir='ltr' id='par_1_68' title="bbox 1003 755 1830 793">
     <span class='ocr_line' id='line_1_84' title="bbox 1003 755 1830 793; baseline 0.002 -11"><span class='ocrx_word' id='word_1_427' title='bbox 1003 755 1104 783; x_wconf 82' lang='lat' dir='ltr'>Grave</span> <span class='ocrx_word' id='word_1_428' title='bbox 1123 760 1168 782; x_wconf 90' lang='lat' dir='ltr'>est</span> <span class='ocrx_word' id='word_1_429' title='bbox 1184 760 1341 790; x_wconf 90' lang='lat' dir='ltr'>peccatum</span> <span class='ocrx_word' id='word_1_430' title='bbox 1357 755 1513 783; x_wconf 86' lang='lat' dir='ltr'>destruere</span> <span class='ocrx_word' id='word_1_431' title='bbox 1529 765 1633 791; x_wconf 87' lang='lat' dir='ltr'>pacem</span> <span class='ocrx_word' id='word_1_432' title='bbox 1650 756 1764 784; x_wconf 83' lang='lat' dir='ltr'>Christi</span> <span class='ocrx_word' id='word_1_433' title='bbox 1785 757 1830 793; x_wconf 81' lang='grc'>59,</span> 
     </span>
    </p>

    <p class='ocr_par' dir='ltr' id='par_1_69' title="bbox 1002 790 1831 853">
     <span class='ocr_line' id='line_1_85' title="bbox 1002 790 1831 829; baseline 0.002 -12"><span class='ocrx_word' id='word_1_434' title='bbox 1002 790 1122 818; x_wconf 87' lang='lat' dir='ltr'>Bonum</span> <span class='ocrx_word' id='word_1_435' title='bbox 1154 790 1237 829; x_wconf 86' lang='lat' dir='ltr'>pacis</span> <span class='ocrx_word' id='word_1_436' title='bbox 1269 794 1315 817; x_wconf 91' lang='lat' dir='ltr'>est</span> <span class='ocrx_word' id='word_1_437' title='bbox 1345 791 1457 819; x_wconf 83' lang='lat' dir='ltr'>melius</span> <span class='ocrx_word' id='word_1_438' title='bbox 1486 799 1578 827; x_wconf 89' lang='lat' dir='ltr'>quam</span> <span class='ocrx_word' id='word_1_439' title='bbox 1611 792 1716 820; x_wconf 88' lang='lat' dir='ltr'>omnia</span> <span class='ocrx_word' id='word_1_440' title='bbox 1748 793 1831 820; x_wconf 85' lang='lat' dir='ltr'>lucra</span> 
     </span>
     <span class='ocr_line' id='line_1_86' title="bbox 1054 824 1226 853; baseline 0 -1"><span class='ocrx_word' id='word_1_441' title='bbox 1054 825 1162 852; x_wconf 79' lang='lat' dir='ltr'>mundi</span> <span class='ocrx_word' id='word_1_442' title='bbox 1182 824 1226 853; x_wconf 85' lang='grc'>35.</span> 
     </span>
    </p>

    <p class='ocr_par' dir='ltr' id='par_1_70' title="bbox 1001 859 1831 897">
     <span class='ocr_line' id='line_1_87' title="bbox 1001 859 1831 897; baseline 0.004 -10"><span class='ocrx_word' id='word_1_443' title='bbox 1001 859 1250 887; x_wconf 88' lang='lat' dir='ltr'>Fundamentum</span> <span class='ocrx_word' id='word_1_444' title='bbox 1270 868 1340 887; x_wconf 88' lang='lat' dir='ltr'>vere</span> <span class='ocrx_word' id='word_1_445' title='bbox 1361 861 1445 896; x_wconf 86' lang='lat' dir='ltr'>pacis</span> <span class='ocrx_word' id='word_1_446' title='bbox 1465 865 1510 888; x_wconf 86' lang='lat' dir='ltr'>est</span> <span class='ocrx_word' id='word_1_447' title='bbox 1525 861 1599 888; x_wconf 83' lang='lat' dir='ltr'>fides</span> <span class='ocrx_word' id='word_1_448' title='bbox 1614 862 1765 897; x_wconf 84' lang='lat' dir='ltr'>scripture</span> <span class='ocrx_word' id='word_1_449' title='bbox 1786 862 1831 897; x_wconf 82' lang='grc'>34.</span> 
     </span>
    </p>

    <p class='ocr_par' dir='ltr' id='par_1_71' title="bbox 1000 894 1542 931">
     <span class='ocr_line' id='line_1_88' title="bbox 1000 894 1542 931; baseline 0.002 -9"><span class='ocrx_word' id='word_1_450' title='bbox 1000 894 1059 923; x_wconf 88' lang='lat' dir='ltr'>Via</span> <span class='ocrx_word' id='word_1_451' title='bbox 1080 895 1165 930; x_wconf 89' lang='lat' dir='ltr'>pacis</span> <span class='ocrx_word' id='word_1_452' title='bbox 1186 895 1236 922; x_wconf 88' lang='lat' dir='ltr'>ubi</span> <span class='ocrx_word' id='word_1_453' title='bbox 1258 895 1347 922; x_wconf 89' lang='lat' dir='ltr'>debet</span> <span class='ocrx_word' id='word_1_454' title='bbox 1366 895 1480 931; x_wconf 85' lang='lat' dir='ltr'>inquiri</span> <span class='ocrx_word' id='word_1_455' title='bbox 1500 896 1542 923; x_wconf 88' lang='grc'>25.</span> 
     </span>
    </p>

    <p class='ocr_par' dir='ltr' id='par_1_72' title="bbox 1002 930 1720 967">
     <span class='ocr_line' id='line_1_89' title="bbox 1002 930 1720 967; baseline 0.003 -10"><span class='ocrx_word' id='word_1_456' title='bbox 1002 930 1111 958; x_wconf 87' lang='lat' dir='ltr'>Pacem</span> <span class='ocrx_word' id='word_1_457' title='bbox 1132 930 1259 957; x_wconf 90' lang='lat' dir='ltr'>ecclesie</span> <span class='ocrx_word' id='word_1_458' title='bbox 1279 938 1338 966; x_wconf 85' lang='lat' dir='ltr'>que</span> <span class='ocrx_word' id='word_1_459' title='bbox 1360 939 1493 965; x_wconf 79' lang='lat' dir='ltr'>petsona</span> <span class='ocrx_word' id='word_1_460' title='bbox 1514 936 1658 967; x_wconf 85' lang='lat' dir='ltr'>procurat</span> <span class='ocrx_word' id='word_1_461' title='bbox 1679 931 1720 959; x_wconf 89' lang='grc'>25.</span> 
     </span>
    </p>

    <p class='ocr_par' dir='ltr' id='par_1_73' title="bbox 1001 964 1798 1003">
     <span class='ocr_line' id='line_1_90' title="bbox 1001 964 1798 1003; baseline 0.004 -12"><span class='ocrx_word' id='word_1_462' title='bbox 1001 964 1072 992; x_wconf 90' lang='lat' dir='ltr'>Non</span> <span class='ocrx_word' id='word_1_463' title='bbox 1093 969 1139 992; x_wconf 88' lang='lat' dir='ltr'>est</span> <span class='ocrx_word' id='word_1_464' title='bbox 1159 965 1332 1001; x_wconf 86' lang='lat' dir='ltr'>rogandum</span> <span class='ocrx_word' id='word_1_465' title='bbox 1354 965 1413 1003; x_wconf 78' lang='lat' dir='ltr'>nisi</span> <span class='ocrx_word' id='word_1_466' title='bbox 1435 974 1491 1001; x_wconf 86' lang='lat' dir='ltr'>pro</span> <span class='ocrx_word' id='word_1_467' title='bbox 1513 975 1586 1002; x_wconf 88' lang='lat' dir='ltr'>pace</span> <span class='ocrx_word' id='word_1_468' title='bbox 1607 967 1732 994; x_wconf 89' lang='lat' dir='ltr'>ecclesie</span> <span class='ocrx_word' id='word_1_469' title='bbox 1752 974 1798 1001; x_wconf 78' lang='grc'>24.</span> 
     </span>
    </p>

    <p class='ocr_par' dir='ltr' id='par_1_74' title="bbox 1002 999 1382 1036">
     <span class='ocr_line' id='line_1_91' title="bbox 1002 999 1382 1036; baseline 0 -9"><span class='ocrx_word' id='word_1_470' title='bbox 1002 999 1046 1027; x_wconf 92' lang='lat' dir='ltr'>De</span> <span class='ocrx_word' id='word_1_471' title='bbox 1068 1004 1193 1035; x_wconf 88' lang='lat' dir='ltr'>peccato</span> <span class='ocrx_word' id='word_1_472' title='bbox 1214 1008 1331 1036; x_wconf 58' lang='grc'>470-4.</span> <span class='ocrx_word' id='word_1_473' title='bbox 1355 1003 1382 1027; x_wconf 84' lang='lat' dir='ltr'>o.</span> 
     </span>
    </p>

    <p class='ocr_par' dir='ltr' id='par_1_75' title="bbox 1002 1035 1553 1072">
     <span class='ocr_line' id='line_1_92' title="bbox 1002 1035 1553 1072; baseline 0.004 -10"><span class='ocrx_word' id='word_1_474' title='bbox 1002 1035 1164 1062; x_wconf 89' lang='lat' dir='ltr'>Peccatum</span> <span class='ocrx_word' id='word_1_475' title='bbox 1185 1035 1297 1070; x_wconf 86' lang='lat' dir='ltr'>triplex</span> <span class='ocrx_word' id='word_1_476' title='bbox 1316 1042 1331 1061; x_wconf 92' lang='grc'>2</span> <span class='ocrx_word' id='word_1_477' title='bbox 1352 1043 1381 1070; x_wconf 81' lang='grc'>9,</span> <span class='ocrx_word' id='word_1_478' title='bbox 1403 1037 1470 1072; x_wconf 80' lang='grc'>260,</span> <span class='ocrx_word' id='word_1_479' title='bbox 1492 1036 1553 1064; x_wconf 90' lang='grc'>285.</span> 
     </span>
    </p>

    <p class='ocr_par' dir='ltr' id='par_1_76' title="bbox 1002 1069 1663 1110">
     <span class='ocr_line' id='line_1_93' title="bbox 1002 1069 1663 1110; baseline 0.003 -13"><span class='ocrx_word' id='word_1_480' title='bbox 1002 1086 1034 1089; x_wconf 93' lang='lat'>—</span> <span class='ocrx_word' id='word_1_481' title='bbox 1055 1074 1101 1097; x_wconf 91' lang='lat' dir='ltr'>est</span> <span class='ocrx_word' id='word_1_482' title='bbox 1120 1069 1208 1104; x_wconf 88' lang='lat' dir='ltr'>peius</span> <span class='ocrx_word' id='word_1_483' title='bbox 1229 1078 1322 1106; x_wconf 89' lang='lat' dir='ltr'>quam</span> <span class='ocrx_word' id='word_1_484' title='bbox 1344 1070 1487 1110; x_wconf 82' lang='lat' dir='ltr'>diabolus</span> <span class='ocrx_word' id='word_1_485' title='bbox 1507 1079 1575 1106; x_wconf 74' lang='grc'>472,</span> <span class='ocrx_word' id='word_1_486' title='bbox 1597 1072 1663 1107; x_wconf 83' lang='grc'>473.</span> 
     </span>
    </p>

    <p class='ocr_par' dir='ltr' id='par_1_77' title="bbox 1001 1109 1832 1142">
     <span class='ocr_line' id='line_1_94' title="bbox 1001 1109 1832 1142; baseline 0.002 -10"><span class='ocrx_word' id='word_1_487' title='bbox 1001 1120 1035 1123; x_wconf 93' lang='grc'><strong>-</strong></span> <span class='ocrx_word' id='word_1_488' title='bbox 1054 1113 1115 1132; x_wconf 89' lang='grc'>000</span> <span class='ocrx_word' id='word_1_489' title='bbox 1137 1109 1183 1132; x_wconf 88' lang='grc'>051</span> <span class='ocrx_word' id='word_1_490' title='bbox 1204 1113 1262 1138; x_wconf 87' lang='grc'>105,</span> <span class='ocrx_word' id='word_1_491' title='bbox 1284 1113 1377 1140; x_wconf 88' lang='lat' dir='ltr'>quam</span> <span class='ocrx_word' id='word_1_492' title='bbox 1394 1113 1555 1133; x_wconf 81' lang='lat' dir='ltr'>nominare</span> <span class='ocrx_word' id='word_1_493' title='bbox 1570 1115 1740 1142; x_wconf 89' lang='lat' dir='ltr'>possumus</span> <span class='ocrx_word' id='word_1_494' title='bbox 1762 1115 1832 1141; x_wconf 79' lang='grc'>470.</span> 
     </span>
    </p>

    <p class='ocr_par' dir='ltr' id='par_1_78' title="bbox 1001 1139 1835 1204">
     <span class='ocr_line' id='line_1_95' title="bbox 1001 1139 1835 1202; baseline 0.005 -36"><span class='ocrx_word' id='word_1_495' title='bbox 1001 1139 1072 1167; x_wconf 90' lang='lat' dir='ltr'>Non</span> <span class='ocrx_word' id='word_1_496' title='bbox 1094 1139 1260 1202; x_wconf 70' lang='lat' dir='ltr'>dimi6t6titur</span> <span class='ocrx_word' id='word_1_497' title='bbox 1280 1145 1439 1176; x_wconf 90' lang='lat' dir='ltr'>peccatum</span> <span class='ocrx_word' id='word_1_498' title='bbox 1467 1141 1525 1168; x_wconf 91' lang='lat' dir='ltr'>nisi</span> <span class='ocrx_word' id='word_1_499' title='bbox 1552 1141 1726 1170; x_wconf 86' lang='lat' dir='ltr'>remittatur</span> <span class='ocrx_word' id='word_1_500' title='bbox 1752 1143 1835 1170; x_wconf 85' lang='lat' dir='ltr'>abla-</span> 
     </span>
     <span class='ocr_line' id='line_1_96' title="bbox 1056 1178 1206 1204; baseline 0.02 -3"><span class='ocrx_word' id='word_1_501' title='bbox 1056 1178 1121 1202; x_wconf 91' lang='lat' dir='ltr'>tum</span> <span class='ocrx_word' id='word_1_502' title='bbox 1145 1183 1153 1202; x_wconf 92' lang='grc'>1</span> <span class='ocrx_word' id='word_1_503' title='bbox 1201 1198 1206 1204; x_wconf 97' lang='grc'>.</span> 
     </span>
    </p>

    <p class='ocr_par' dir='ltr' id='par_1_79' title="bbox 1002 1209 1752 1245">
     <span class='ocr_line' id='line_1_97' title="bbox 1002 1209 1752 1245; baseline 0.004 -9"><span class='ocrx_word' id='word_1_504' title='bbox 1002 1209 1127 1237; x_wconf 84' lang='lat' dir='ltr'>Peccata</span> <span class='ocrx_word' id='word_1_505' title='bbox 1148 1218 1207 1245; x_wconf 92' lang='lat' dir='ltr'>que</span> <span class='ocrx_word' id='word_1_506' title='bbox 1226 1210 1302 1237; x_wconf 88' lang='lat' dir='ltr'>fiunt</span> <span class='ocrx_word' id='word_1_507' title='bbox 1320 1209 1352 1237; x_wconf 88' lang='lat' dir='ltr'>in</span> <span class='ocrx_word' id='word_1_508' title='bbox 1373 1210 1482 1238; x_wconf 88' lang='lat' dir='ltr'>diebus</span> <span class='ocrx_word' id='word_1_509' title='bbox 1503 1211 1668 1240; x_wconf 87' lang='lat' dir='ltr'>dominicis</span> <span class='ocrx_word' id='word_1_510' title='bbox 1688 1220 1752 1245; x_wconf 83' lang='grc'>422.</span> 
     </span>
    </p>

    <p class='ocr_par' dir='ltr' id='par_1_80' title="bbox 1002 1244 1830 1315">
     <span class='ocr_line' id='line_1_98' title="bbox 1002 1244 1830 1281; baseline 0.005 -10"><span class='ocrx_word' id='word_1_511' title='bbox 1002 1244 1163 1272; x_wconf 81' lang='lat' dir='ltr'>Peccatum</span> <span class='ocrx_word' id='word_1_512' title='bbox 1184 1244 1291 1280; x_wconf 89' lang='lat' dir='ltr'>prelati</span> <span class='ocrx_word' id='word_1_513' title='bbox 1313 1253 1406 1272; x_wconf 87' lang='lat' dir='ltr'>causa</span> <span class='ocrx_word' id='word_1_514' title='bbox 1426 1254 1521 1281; x_wconf 89' lang='lat' dir='ltr'>quare</span> <span class='ocrx_word' id='word_1_515' title='bbox 1541 1247 1670 1274; x_wconf 86' lang='lat' dir='ltr'>verbum</span> <span class='ocrx_word' id='word_1_516' title='bbox 1693 1248 1747 1275; x_wconf 87' lang='lat' dir='ltr'>Dei</span> <span class='ocrx_word' id='word_1_517' title='bbox 1769 1255 1830 1275; x_wconf 92' lang='lat' dir='ltr'>non</span> 
     </span>
     <span class='ocr_line' id='line_1_99' title="bbox 1054 1279 1510 1315; baseline 0.002 -9"><span class='ocrx_word' id='word_1_518' title='bbox 1054 1283 1101 1306; x_wconf 89' lang='lat' dir='ltr'>est</span> <span class='ocrx_word' id='word_1_519' title='bbox 1119 1279 1226 1307; x_wconf 82' lang='lat' dir='ltr'>efficax</span> <span class='ocrx_word' id='word_1_520' title='bbox 1247 1280 1325 1307; x_wconf 89' lang='lat' dir='ltr'>sicut</span> <span class='ocrx_word' id='word_1_521' title='bbox 1345 1280 1418 1307; x_wconf 92' lang='lat' dir='ltr'>olim</span> <span class='ocrx_word' id='word_1_522' title='bbox 1439 1289 1510 1315; x_wconf 78' lang='grc'>404.</span> 
     </span>
    </p>

    <p class='ocr_par' dir='ltr' id='par_1_81' title="bbox 1003 1314 1796 1351">
     <span class='ocr_line' id='line_1_100' title="bbox 1003 1314 1796 1351; baseline 0.004 -10"><span class='ocrx_word' id='word_1_523' title='bbox 1003 1314 1163 1341; x_wconf 83' lang='lat' dir='ltr'>Peccatum</span> <span class='ocrx_word' id='word_1_524' title='bbox 1185 1315 1382 1342; x_wconf 86' lang='lat' dir='ltr'>sacerdotum</span> <span class='ocrx_word' id='word_1_525' title='bbox 1403 1315 1625 1350; x_wconf 81' lang='lat' dir='ltr'>gravissimum</span> <span class='ocrx_word' id='word_1_526' title='bbox 1647 1315 1710 1351; x_wconf 79' lang='grc'>382,</span> <span class='ocrx_word' id='word_1_527' title='bbox 1733 1315 1796 1344; x_wconf 80' lang='grc'>383.</span> 
     </span>
    </p>

    <p class='ocr_par' dir='ltr' id='par_1_82' title="bbox 1003 1348 1833 1420">
     <span class='ocr_line' id='line_1_101' title="bbox 1003 1348 1833 1388; baseline 0.005 -12"><span class='ocrx_word' id='word_1_528' title='bbox 1003 1348 1175 1376; x_wconf 89' lang='lat' dir='ltr'>Occasione</span> <span class='ocrx_word' id='word_1_529' title='bbox 1203 1350 1317 1385; x_wconf 88' lang='lat' dir='ltr'>peccati</span> <span class='ocrx_word' id='word_1_530' title='bbox 1344 1350 1506 1378; x_wconf 90' lang='lat' dir='ltr'>hominum</span> <span class='ocrx_word' id='word_1_531' title='bbox 1536 1355 1581 1378; x_wconf 91' lang='lat' dir='ltr'>est</span> <span class='ocrx_word' id='word_1_532' title='bbox 1610 1352 1736 1380; x_wconf 86' lang='lat' dir='ltr'>ecclesia</span> <span class='ocrx_word' id='word_1_533' title='bbox 1766 1361 1833 1388; x_wconf 88' lang='lat' dir='ltr'>per-</span> 
     </span>
     <span class='ocr_line' id='line_1_102' title="bbox 1053 1383 1375 1420; baseline 0.003 -9"><span class='ocrx_word' id='word_1_534' title='bbox 1053 1384 1177 1419; x_wconf 85' lang='lat' dir='ltr'>feccior‚</span> <span class='ocrx_word' id='word_1_535' title='bbox 1198 1393 1293 1420; x_wconf 86' lang='lat' dir='ltr'>quare</span> <span class='ocrx_word' id='word_1_536' title='bbox 1312 1383 1375 1412; x_wconf 82' lang='lat'>383.</span> 
     </span>
    </p>

    <p class='ocr_par' dir='ltr' id='par_1_83' title="bbox 1001 1418 1832 1458">
     <span class='ocr_line' id='line_1_103' title="bbox 1001 1418 1832 1458; baseline 0.005 -12"><span class='ocrx_word' id='word_1_537' title='bbox 1001 1418 1074 1446; x_wconf 90' lang='lat' dir='ltr'>Non</span> <span class='ocrx_word' id='word_1_538' title='bbox 1094 1419 1213 1447; x_wconf 88' lang='lat' dir='ltr'>deletur</span> <span class='ocrx_word' id='word_1_539' title='bbox 1233 1427 1328 1447; x_wconf 91' lang='lat' dir='ltr'>unum</span> <span class='ocrx_word' id='word_1_540' title='bbox 1350 1424 1508 1455; x_wconf 88' lang='lat' dir='ltr'>peccatum</span> <span class='ocrx_word' id='word_1_541' title='bbox 1531 1420 1595 1448; x_wconf 90' lang='lat' dir='ltr'>sine</span> <span class='ocrx_word' id='word_1_542' title='bbox 1622 1421 1740 1457; x_wconf 79' lang='lat' dir='ltr'>reliquo</span> <span class='ocrx_word' id='word_1_543' title='bbox 1766 1421 1832 1458; x_wconf 73' lang='grc'>347.</span> 
     </span>
    </p>

    <p class='ocr_par' dir='ltr' id='par_1_84' title="bbox 1001 1453 1676 1490">
     <span class='ocr_line' id='line_1_104' title="bbox 1001 1453 1676 1490; baseline 0.003 -9"><span class='ocrx_word' id='word_1_544' title='bbox 1001 1453 1070 1480; x_wconf 87' lang='lat' dir='ltr'>Ade</span> <span class='ocrx_word' id='word_1_545' title='bbox 1090 1459 1249 1490; x_wconf 88' lang='lat' dir='ltr'>peccatum</span> <span class='ocrx_word' id='word_1_546' title='bbox 1270 1455 1478 1482; x_wconf 89' lang='lat' dir='ltr'>necessarium</span> <span class='ocrx_word' id='word_1_547' title='bbox 1524 1464 1594 1483; x_wconf 86' lang='lat' dir='ltr'>uare</span> <span class='ocrx_word' id='word_1_548' title='bbox 1614 1455 1676 1483; x_wconf 88' lang='grc'>383.</span> 
     </span>
    </p>

    <p class='ocr_par' dir='ltr' id='par_1_85' title="bbox 1001 1488 1832 1587">
     <span class='ocr_line' id='line_1_105' title="bbox 1001 1488 1832 1527; baseline 0.004 -11"><span class='ocrx_word' id='word_1_549' title='bbox 1001 1488 1100 1524; x_wconf 82' lang='lat' dir='ltr'>Magis</span> <span class='ocrx_word' id='word_1_550' title='bbox 1130 1489 1278 1517; x_wconf 91' lang='lat' dir='ltr'>debemus</span> <span class='ocrx_word' id='word_1_551' title='bbox 1310 1490 1414 1517; x_wconf 91' lang='lat' dir='ltr'>dolere</span> <span class='ocrx_word' id='word_1_552' title='bbox 1446 1490 1483 1517; x_wconf 91' lang='lat' dir='ltr'>de</span> <span class='ocrx_word' id='word_1_553' title='bbox 1526 1499 1603 1526; x_wconf 87' lang='lat' dir='ltr'>apsu</span> <span class='ocrx_word' id='word_1_554' title='bbox 1636 1491 1769 1527; x_wconf 87' lang='lat' dir='ltr'>proximi</span> <span class='ocrx_word' id='word_1_555' title='bbox 1802 1491 1832 1519; x_wconf 95' lang='lat' dir='ltr'>in</span> 
     </span>
     <span class='ocr_line' id='line_1_106' title="bbox 1054 1525 1831 1587; baseline 0.004 -36"><span class='ocrx_word' id='word_1_556' title='bbox 1054 1528 1216 1587; x_wconf 54' lang='lat' dir='ltr'>gegcatum</span> <span class='ocrx_word' id='word_1_557' title='bbox 1231 1532 1324 1560; x_wconf 91' lang='lat' dir='ltr'>quam</span> <span class='ocrx_word' id='word_1_558' title='bbox 1346 1533 1404 1560; x_wconf 87' lang='lat' dir='ltr'>pro</span> <span class='ocrx_word' id='word_1_559' title='bbox 1424 1525 1593 1553; x_wconf 90' lang='lat' dir='ltr'>amissione</span> <span class='ocrx_word' id='word_1_560' title='bbox 1613 1527 1831 1562; x_wconf 86' lang='lat' dir='ltr'>temporalium</span> 
     </span>
    </p>

    <p class='ocr_par' dir='ltr' id='par_1_86' title="bbox 1002 1566 1560 1630">
     <span class='ocr_line' id='line_1_107' title="bbox 1002 1566 1560 1630; baseline 0.002 -9"><span class='ocrx_word' id='word_1_561' title='bbox 1002 1566 1127 1622; x_wconf 69' lang='grc' dir='ltr'>1300οξ113</span> <span class='ocrx_word' id='word_1_562' title='bbox 1148 1594 1303 1622; x_wconf 88' lang='lat' dir='ltr'>dimittere</span> <span class='ocrx_word' id='word_1_563' title='bbox 1324 1594 1472 1622; x_wconf 85' lang='lat' dir='ltr'>debemus</span> <span class='ocrx_word' id='word_1_564' title='bbox 1492 1603 1560 1630; x_wconf 81' lang='grc'>447.</span> 
     </span>
    </p>

    <p class='ocr_par' dir='ltr' id='par_1_87' title="bbox 1002 1629 1784 1664">
     <span class='ocr_line' id='line_1_108' title="bbox 1002 1629 1784 1664; baseline 0.004 -8"><span class='ocrx_word' id='word_1_565' title='bbox 1002 1629 1181 1657; x_wconf 88' lang='lat' dir='ltr'>Peccatores</span> <span class='ocrx_word' id='word_1_566' title='bbox 1203 1629 1322 1664; x_wconf 81' lang='lat' dir='ltr'>fingunt</span> <span class='ocrx_word' id='word_1_567' title='bbox 1342 1630 1424 1664; x_wconf 89' lang='lat' dir='ltr'>quod</span> <span class='ocrx_word' id='word_1_568' title='bbox 1446 1630 1555 1657; x_wconf 69' lang='lat' dir='ltr'>vivunt</span> <span class='ocrx_word' id='word_1_569' title='bbox 1575 1631 1702 1658; x_wconf 85' lang='lat' dir='ltr'>honeste</span> <span class='ocrx_word' id='word_1_570' title='bbox 1723 1632 1784 1659; x_wconf 90' lang='grc'>261.</span> 
     </span>
    </p>

    <p class='ocr_par' dir='ltr' id='par_1_88' title="bbox 1001 1663 1812 1702">
     <span class='ocr_line' id='line_1_109' title="bbox 1001 1663 1812 1702; baseline 0.004 -11"><span class='ocrx_word' id='word_1_571' title='bbox 1001 1663 1231 1692; x_wconf 87' lang='lat' dir='ltr'>Excusaciones</span> <span class='ocrx_word' id='word_1_572' title='bbox 1252 1664 1451 1700; x_wconf 87' lang='lat' dir='ltr'>peccancium</span> <span class='ocrx_word' id='word_1_573' title='bbox 1473 1664 1626 1702; x_wconf 84' lang='grc'>371-379,</span> <span class='ocrx_word' id='word_1_574' title='bbox 1646 1666 1812 1701; x_wconf 78' lang='grc'>478-480.</span> 
     </span>
    </p>

    <p class='ocr_par' dir='ltr' id='par_1_89' title="bbox 1001 1698 1716 1735">
     <span class='ocr_line' id='line_1_110' title="bbox 1001 1698 1716 1735; baseline 0.004 -9"><span class='ocrx_word' id='word_1_575' title='bbox 1001 1698 1103 1727; x_wconf 86' lang='lat' dir='ltr'>Nudis</span> <span class='ocrx_word' id='word_1_576' title='bbox 1124 1699 1255 1734; x_wconf 91' lang='lat' dir='ltr'>pedibus</span> <span class='ocrx_word' id='word_1_577' title='bbox 1276 1700 1435 1727; x_wconf 87' lang='lat' dir='ltr'>ambulare</span> <span class='ocrx_word' id='word_1_578' title='bbox 1457 1704 1502 1727; x_wconf 88' lang='lat' dir='ltr'>est</span> <span class='ocrx_word' id='word_1_579' title='bbox 1522 1700 1639 1728; x_wconf 88' lang='lat' dir='ltr'>heresis</span> <span class='ocrx_word' id='word_1_580' title='bbox 1661 1709 1716 1735; x_wconf 71' lang='grc'>141.</span> 
     </span>
    </p>

    <p class='ocr_par' dir='ltr' id='par_1_90' title="bbox 1001 1734 1829 1773">
     <span class='ocr_line' id='line_1_111' title="bbox 1001 1734 1829 1773; baseline 0.004 -12"><span class='ocrx_word' id='word_1_581' title='bbox 1001 1734 1046 1761; x_wconf 90' lang='grc'>130</span> <span class='ocrx_word' id='word_1_582' title='bbox 1066 1735 1154 1773; x_wconf 88' lang='lat' dir='ltr'>penis</span> <span class='ocrx_word' id='word_1_583' title='bbox 1174 1734 1316 1762; x_wconf 84' lang='lat' dir='ltr'>fictorum</span> <span class='ocrx_word' id='word_1_584' title='bbox 1337 1740 1366 1762; x_wconf 88' lang='lat' dir='ltr'>et</span> <span class='ocrx_word' id='word_1_585' title='bbox 1386 1735 1557 1763; x_wconf 87' lang='lat' dir='ltr'>zelatorum</span> <span class='ocrx_word' id='word_1_586' title='bbox 1585 1736 1736 1764; x_wconf 89' lang='lat' dir='ltr'>mendacii</span> <span class='ocrx_word' id='word_1_587' title='bbox 1765 1744 1829 1772; x_wconf 82' lang='lat'><strong>229.</strong></span> 
     </span>
    </p>

    <p class='ocr_par' dir='ltr' id='par_1_91' title="bbox 1003 1769 1437 1805">
     <span class='ocr_line' id='line_1_112' title="bbox 1003 1769 1437 1805; baseline 0.002 -9"><span class='ocrx_word' id='word_1_588' title='bbox 1003 1769 1140 1796; x_wconf 86' lang='lat' dir='ltr'>Penitere</span> <span class='ocrx_word' id='word_1_589' title='bbox 1161 1769 1234 1804; x_wconf 86' lang='lat' dir='ltr'>quid</span> <span class='ocrx_word' id='word_1_590' title='bbox 1257 1770 1369 1797; x_wconf 88' lang='lat' dir='ltr'>dicitur</span> <span class='ocrx_word' id='word_1_591' title='bbox 1389 1771 1437 1805; x_wconf 77' lang='grc'>98.</span> 
     </span>
    </p>

    <p class='ocr_par' dir='ltr' id='par_1_92' title="bbox 1001 1803 1599 1841">
     <span class='ocr_line' id='line_1_113' title="bbox 1001 1803 1599 1841; baseline 0.002 -10"><span class='ocrx_word' id='word_1_592' title='bbox 1001 1803 1179 1831; x_wconf 87' lang='lat' dir='ltr'>Recidivare</span> <span class='ocrx_word' id='word_1_593' title='bbox 1199 1812 1260 1831; x_wconf 90' lang='lat' dir='ltr'>non</span> <span class='ocrx_word' id='word_1_594' title='bbox 1282 1805 1371 1832; x_wconf 89' lang='lat' dir='ltr'>debet</span> <span class='ocrx_word' id='word_1_595' title='bbox 1391 1805 1531 1841; x_wconf 88' lang='lat' dir='ltr'>penitens</span> <span class='ocrx_word' id='word_1_596' title='bbox 1552 1813 1599 1841; x_wconf 82' lang='lat'>97.</span> 
     </span>
    </p>

    <p class='ocr_par' dir='ltr' id='par_1_93' title="bbox 1002 1839 1392 1878">
     <span class='ocr_line' id='line_1_114' title="bbox 1002 1839 1392 1878; baseline 0 -12"><span class='ocrx_word' id='word_1_597' title='bbox 1002 1839 1046 1866; x_wconf 91' lang='lat' dir='ltr'>De</span> <span class='ocrx_word' id='word_1_598' title='bbox 1066 1839 1237 1878; x_wconf 87' lang='lat' dir='ltr'>penitencia</span> <span class='ocrx_word' id='word_1_599' title='bbox 1278 1840 1392 1873; x_wconf 78' lang='grc'>5-104.</span> 
     </span>
    </p>

    <p class='ocr_par' dir='ltr' id='par_1_94' title="bbox 1002 1874 1391 1909">
     <span class='ocr_line' id='line_1_115' title="bbox 1002 1874 1391 1909; baseline 0.003 -8"><span class='ocrx_word' id='word_1_600' title='bbox 1002 1874 1176 1901; x_wconf 82' lang='grc' dir='ltr'>130011οη013</span> <span class='ocrx_word' id='word_1_601' title='bbox 1196 1874 1258 1909; x_wconf 88' lang='lat' dir='ltr'>dup</span> <span class='ocrx_word' id='word_1_602' title='bbox 1274 1882 1310 1901; x_wconf 81' lang='lat' dir='ltr'>ex</span> <span class='ocrx_word' id='word_1_603' title='bbox 1330 1883 1391 1902; x_wconf 90' lang='lat'><em>100.</em></span> 
     </span>
    </p>

    <p class='ocr_par' dir='ltr' id='par_1_95' title="bbox 1001 1908 1281 1944">
     <span class='ocr_line' id='line_1_116' title="bbox 1001 1908 1281 1944; baseline 0 -8"><span class='ocrx_word' id='word_1_604' title='bbox 1001 1925 1035 1929; x_wconf 95' lang='lat'>—</span> <span class='ocrx_word' id='word_1_605' title='bbox 1054 1909 1165 1944; x_wconf 91' lang='lat' dir='ltr'>triplex</span> <span class='ocrx_word' id='word_1_606' title='bbox 1185 1908 1251 1936; x_wconf 84' lang='grc'>288.</span> <span class='ocrx_word' id='word_1_607' title='bbox 1278 1943 1281 1944; x_wconf 21' lang='lat'><em>⁷</em></span> 
     </span>
    </p>

    <p class='ocr_par' dir='ltr' id='par_1_96' title="bbox 1002 1943 1299 1978">
     <span class='ocr_line' id='line_1_117' title="bbox 1002 1943 1299 1978; baseline 0 -7"><span class='ocrx_word' id='word_1_608' title='bbox 1002 1959 1034 1963; x_wconf 90' lang='lat'>—</span> <span class='ocrx_word' id='word_1_609' title='bbox 1053 1944 1211 1971; x_wconf 82' lang='lat' dir='ltr'>fructuosa</span> <span class='ocrx_word' id='word_1_610' title='bbox 1231 1943 1299 1978; x_wconf 68' lang='grc'>488.</span> 
     </span>
    </p>

    <p class='ocr_par' dir='ltr' id='par_1_97' title="bbox 1001 1979 1833 2041">
     <span class='ocr_line' id='line_1_118' title="bbox 1001 1979 1833 2041; baseline 0.004 -35"><span class='ocrx_word' id='word_1_611' title='bbox 1001 1979 1051 2007; x_wconf 91' lang='lat' dir='ltr'>Ad</span> <span class='ocrx_word' id='word_1_612' title='bbox 1073 1979 1277 2041; x_wconf 70' lang='lat' dir='ltr'>p3enitenciam</span> <span class='ocrx_word' id='word_1_613' title='bbox 1299 1987 1370 2015; x_wconf 83' lang='lat' dir='ltr'>sepe</span> <span class='ocrx_word' id='word_1_614' title='bbox 1390 1980 1558 2008; x_wconf 89' lang='lat' dir='ltr'>attenditur</span> <span class='ocrx_word' id='word_1_615' title='bbox 1572 1985 1700 2017; x_wconf 90' lang='lat' dir='ltr'>propter</span> <span class='ocrx_word' id='word_1_616' title='bbox 1713 1982 1833 2009; x_wconf 86' lang='lat' dir='ltr'>lucrum</span> 
     </span>
     <span class='ocr_line' id='line_1_119' title="bbox 1054 2022 1114 2041; baseline -0.017 0"><span class='ocrx_word' id='word_1_617' title='bbox 1054 2022 1085 2041; x_wconf 94' lang='lat'>10</span> <span class='ocrx_word' id='word_1_618' title='bbox 1108 2035 1114 2040; x_wconf 94' lang='lat'>.</span> 
     </span>
    </p>

    <p class='ocr_par' dir='ltr' id='par_1_98' title="bbox 1003 2049 1443 2085">
     <span class='ocr_line' id='line_1_120' title="bbox 1003 2049 1443 2085; baseline 0.002 -9"><span class='ocrx_word' id='word_1_619' title='bbox 1003 2049 1175 2076; x_wconf 87' lang='lat' dir='ltr'>Penitencie</span> <span class='ocrx_word' id='word_1_620' title='bbox 1195 2053 1257 2076; x_wconf 89' lang='lat' dir='ltr'>tres</span> <span class='ocrx_word' id='word_1_621' title='bbox 1278 2054 1380 2085; x_wconf 87' lang='lat' dir='ltr'>partes</span> <span class='ocrx_word' id='word_1_622' title='bbox 1401 2050 1443 2085; x_wconf 84' lang='grc'>57.</span> 
     </span>
    </p>

    <p class='ocr_par' dir='ltr' id='par_1_99' title="bbox 1002 2084 1833 2153">
     <span class='ocr_line' id='line_1_121' title="bbox 1002 2084 1833 2122; baseline 0.004 -11"><span class='ocrx_word' id='word_1_623' title='bbox 1002 2084 1046 2112; x_wconf 90' lang='lat' dir='ltr'>De</span> <span class='ocrx_word' id='word_1_624' title='bbox 1067 2084 1213 2112; x_wconf 87' lang='lat' dir='ltr'>remediis</span> <span class='ocrx_word' id='word_1_625' title='bbox 1234 2092 1270 2112; x_wconf 85' lang='lat' dir='ltr'>ne</span> <span class='ocrx_word' id='word_1_626' title='bbox 1291 2085 1431 2120; x_wconf 88' lang='lat' dir='ltr'>penitens</span> <span class='ocrx_word' id='word_1_627' title='bbox 1452 2085 1601 2113; x_wconf 83' lang='lat' dir='ltr'>reincidet</span> <span class='ocrx_word' id='word_1_628' title='bbox 1621 2085 1650 2113; x_wconf 90' lang='lat' dir='ltr'>in</span> <span class='ocrx_word' id='word_1_629' title='bbox 1672 2091 1833 2122; x_wconf 85' lang='lat' dir='ltr'>peccatum</span> 
     </span>
     <span class='ocr_line' id='line_1_122' title="bbox 1055 2127 1200 2153; baseline 0.007 -7"><span class='ocrx_word' id='word_1_630' title='bbox 1055 2127 1200 2153; x_wconf 77' lang='grc'>104-112.</span> 
     </span>
    </p>

    <p class='ocr_par' dir='ltr' id='par_1_100' title="bbox 1002 2154 1831 2226">
     <span class='ocr_line' id='line_1_123' title="bbox 1002 2154 1831 2192; baseline 0.004 -11"><span class='ocrx_word' id='word_1_631' title='bbox 1002 2154 1035 2182; x_wconf 92' lang='lat' dir='ltr'>In</span> <span class='ocrx_word' id='word_1_632' title='bbox 1069 2154 1239 2189; x_wconf 88' lang='lat' dir='ltr'>penitencia</span> <span class='ocrx_word' id='word_1_633' title='bbox 1271 2154 1375 2182; x_wconf 90' lang='lat' dir='ltr'>cordis</span> <span class='ocrx_word' id='word_1_634' title='bbox 1408 2155 1557 2183; x_wconf 85' lang='lat' dir='ltr'>contricio</span> <span class='ocrx_word' id='word_1_635' title='bbox 1587 2156 1700 2184; x_wconf 81' lang='lat' dir='ltr'>sufficit</span> <span class='ocrx_word' id='word_1_636' title='bbox 1729 2157 1831 2192; x_wconf 86' lang='lat' dir='ltr'>quoad</span> 
     </span>
     <span class='ocr_line' id='line_1_124' title="bbox 1055 2189 1217 2226; baseline 0.006 -10"><span class='ocrx_word' id='word_1_637' title='bbox 1055 2189 1153 2217; x_wconf 79' lang='lat' dir='ltr'>Deum</span> <span class='ocrx_word' id='word_1_638' title='bbox 1174 2190 1217 2226; x_wconf 87' lang='grc'>57.</span> 
     </span>
    </p>

    <p class='ocr_par' dir='ltr' id='par_1_101' title="bbox 1003 2224 1502 2260">
     <span class='ocr_line' id='line_1_125' title="bbox 1003 2224 1502 2260; baseline 0.004 -9"><span class='ocrx_word' id='word_1_639' title='bbox 1003 2224 1047 2251; x_wconf 90' lang='grc'>130</span> <span class='ocrx_word' id='word_1_640' title='bbox 1067 2224 1340 2260; x_wconf 89' lang='lat' dir='ltr'>persecucionibus</span> <span class='ocrx_word' id='word_1_641' title='bbox 1360 2225 1416 2259; x_wconf 86' lang='lat'>215,</span> <span class='ocrx_word' id='word_1_642' title='bbox 1438 2226 1502 2260; x_wconf 81' lang='grc'>276.</span> 
     </span>
    </p>

    <p class='ocr_par' dir='ltr' id='par_1_102' title="bbox 1002 2259 1597 2295">
     <span class='ocr_line' id='line_1_126' title="bbox 1002 2259 1597 2295; baseline 0.003 -9"><span class='ocrx_word' id='word_1_643' title='bbox 1002 2259 1047 2286; x_wconf 88' lang='grc'>130</span> <span class='ocrx_word' id='word_1_644' title='bbox 1068 2264 1184 2295; x_wconf 87' lang='lat' dir='ltr'>septem</span> <span class='ocrx_word' id='word_1_645' title='bbox 1207 2259 1414 2295; x_wconf 89' lang='lat' dir='ltr'>peticionibus</span> <span class='ocrx_word' id='word_1_646' title='bbox 1434 2259 1597 2294; x_wconf 75' lang='grc'>443-450.</span> 
     </span>
    </p>

    <p class='ocr_par' dir='ltr' id='par_1_103' title="bbox 1003 2294 1767 2331">
     <span class='ocr_line' id='line_1_127' title="bbox 1003 2294 1767 2331; baseline 0.004 -10"><span class='ocrx_word' id='word_1_647' title='bbox 1003 2294 1047 2321; x_wconf 90' lang='grc'>130</span> <span class='ocrx_word' id='word_1_648' title='bbox 1089 2294 1169 2322; x_wconf 85' lang='grc'>13013</span> <span class='ocrx_word' id='word_1_649' title='bbox 1191 2294 1470 2330; x_wconf 84' lang='lat' dir='ltr'>predestinacionis</span> <span class='ocrx_word' id='word_1_650' title='bbox 1489 2295 1612 2331; x_wconf 78' lang='grc'>45-47,</span> <span class='ocrx_word' id='word_1_651' title='bbox 1636 2296 1683 2330; x_wconf 82' lang='grc'>76,</span> <span class='ocrx_word' id='word_1_652' title='bbox 1707 2297 1767 2324; x_wconf 81' lang='grc'>186.</span> 
     </span>
    </p>

    <p class='ocr_par' dir='ltr' id='par_1_104' title="bbox 1003 2329 1836 2392">
     <span class='ocr_line' id='line_1_128' title="bbox 1003 2329 1836 2391; baseline 0.004 -35"><span class='ocrx_word' id='word_1_653' title='bbox 1003 2329 1060 2356; x_wconf 85' lang='grc'>1310</span> <span class='ocrx_word' id='word_1_654' title='bbox 1085 2329 1305 2391; x_wconf 55' lang='lat' dir='ltr'>estidnacissonem</span> <span class='ocrx_word' id='word_1_655' title='bbox 1327 2338 1421 2365; x_wconf 88' lang='lat' dir='ltr'>quare</span> <span class='ocrx_word' id='word_1_656' title='bbox 1441 2330 1524 2358; x_wconf 90' lang='lat' dir='ltr'>Deus</span> <span class='ocrx_word' id='word_1_657' title='bbox 1545 2331 1642 2359; x_wconf 90' lang='lat' dir='ltr'>voluit</span> <span class='ocrx_word' id='word_1_658' title='bbox 1669 2332 1757 2359; x_wconf 89' lang='lat' dir='ltr'>nobis</span> <span class='ocrx_word' id='word_1_659' title='bbox 1785 2332 1836 2359; x_wconf 91' lang='lat' dir='ltr'>ab-</span> 
     </span>
     <span class='ocr_line' id='line_1_129' title="bbox 1056 2372 1234 2392; baseline 0.006 -1"><span class='ocrx_word' id='word_1_660' title='bbox 1056 2372 1130 2392; x_wconf 89' lang='lat' dir='ltr'>scon</span> <span class='ocrx_word' id='word_1_661' title='bbox 1157 2373 1164 2392; x_wconf 83' lang='lat'>1</span> <span class='ocrx_word' id='word_1_662' title='bbox 1186 2373 1201 2379; x_wconf 68' lang='lat'>’-</span> <span class='ocrx_word' id='word_1_663' title='bbox 1229 2386 1234 2391; x_wconf 92' lang='lat'><em>.</em></span> 
     </span>
    </p>

    <p class='ocr_par' dir='ltr' id='par_1_105' title="bbox 1003 2379 1795 2435">
     <span class='ocr_line' id='line_1_130' title="bbox 1003 2379 1795 2435; baseline 0.004 -9"><span class='ocrx_word' id='word_1_664' title='bbox 1003 2379 1199 2426; x_wconf 62' lang='lat' dir='ltr'>Universitas</span> <span class='ocrx_word' id='word_1_665' title='bbox 1218 2399 1500 2434; x_wconf 89' lang='lat' dir='ltr'>predestinatorum</span> <span class='ocrx_word' id='word_1_666' title='bbox 1522 2404 1567 2428; x_wconf 90' lang='lat' dir='ltr'>est</span> <span class='ocrx_word' id='word_1_667' title='bbox 1587 2401 1712 2428; x_wconf 86' lang='lat' dir='ltr'>ecclesia</span> <span class='ocrx_word' id='word_1_668' title='bbox 1735 2403 1795 2435; x_wconf 68' lang='grc'>118.</span> 
     </span>
    </p>

    <p class='ocr_par' dir='ltr' id='par_1_106' title="bbox 1003 2434 1640 2469">
     <span class='ocr_line' id='line_1_131' title="bbox 1003 2434 1640 2469; baseline 0.003 -8"><span class='ocrx_word' id='word_1_669' title='bbox 1003 2434 1048 2461; x_wconf 87' lang='grc'>130</span> <span class='ocrx_word' id='word_1_670' title='bbox 1067 2434 1282 2469; x_wconf 89' lang='lat' dir='ltr'>predicacione</span> <span class='ocrx_word' id='word_1_671' title='bbox 1303 2435 1388 2462; x_wconf 88' lang='lat' dir='ltr'>verbi</span> <span class='ocrx_word' id='word_1_672' title='bbox 1410 2435 1465 2462; x_wconf 91' lang='lat' dir='ltr'>Dei</span> <span class='ocrx_word' id='word_1_673' title='bbox 1486 2435 1640 2463; x_wconf 87' lang='grc'>256-262.</span> 
     </span>
    </p>

    <p class='ocr_par' dir='ltr' id='par_1_107' title="bbox 1004 2469 1532 2505">
     <span class='ocr_line' id='line_1_132' title="bbox 1004 2469 1532 2505; baseline 0.002 -9"><span class='ocrx_word' id='word_1_674' title='bbox 1004 2469 1047 2496; x_wconf 87' lang='lat' dir='ltr'>De</span> <span class='ocrx_word' id='word_1_675' title='bbox 1066 2474 1206 2505; x_wconf 91' lang='lat' dir='ltr'>tempore</span> <span class='ocrx_word' id='word_1_676' title='bbox 1227 2469 1453 2505; x_wconf 88' lang='lat' dir='ltr'>predicacionis</span> <span class='ocrx_word' id='word_1_677' title='bbox 1474 2469 1532 2498; x_wconf 91' lang='grc'>130.</span> 
     </span>
    </p>

    <p class='ocr_par' dir='ltr' id='par_1_108' title="bbox 1002 2503 1780 2540">
     <span class='ocr_line' id='line_1_133' title="bbox 1002 2503 1780 2540; baseline 0.003 -9"><span class='ocrx_word' id='word_1_678' title='bbox 1002 2503 1110 2531; x_wconf 90' lang='lat' dir='ltr'>Nostri</span> <span class='ocrx_word' id='word_1_679' title='bbox 1132 2504 1326 2539; x_wconf 83' lang='lat' dir='ltr'>predicantes</span> <span class='ocrx_word' id='word_1_680' title='bbox 1347 2505 1510 2532; x_wconf 89' lang='lat' dir='ltr'>destruunt</span> <span class='ocrx_word' id='word_1_681' title='bbox 1530 2506 1690 2534; x_wconf 89' lang='lat' dir='ltr'>ecclesiam</span> <span class='ocrx_word' id='word_1_682' title='bbox 1712 2506 1780 2540; x_wconf 76' lang='grc'>462.</span> 
     </span>
    </p>

    <p class='ocr_par' dir='ltr' id='par_1_109' title="bbox 1003 2539 1835 2609">
     <span class='ocr_line' id='line_1_134' title="bbox 1003 2539 1835 2578; baseline 0.004 -12"><span class='ocrx_word' id='word_1_683' title='bbox 1003 2539 1032 2567; x_wconf 90' lang='grc' dir='ltr'><strong>Α</strong></span> <span class='ocrx_word' id='word_1_684' title='bbox 1051 2543 1190 2578; x_wconf 88' lang='lat' dir='ltr'>tempore</span> <span class='ocrx_word' id='word_1_685' title='bbox 1211 2539 1385 2567; x_wconf 86' lang='lat' dir='ltr'>dotacionis</span> <span class='ocrx_word' id='word_1_686' title='bbox 1400 2540 1526 2567; x_wconf 89' lang='lat' dir='ltr'>ecclesie</span> <span class='ocrx_word' id='word_1_687' title='bbox 1541 2541 1730 2575; x_wconf 87' lang='lat' dir='ltr'>prelatorum</span> <span class='ocrx_word' id='word_1_688' title='bbox 1746 2550 1835 2569; x_wconf 90' lang='lat' dir='ltr'>occu-</span> 
     </span>
     <span class='ocr_line' id='line_1_135' title="bbox 1056 2574 1444 2609; baseline 0.003 -8"><span class='ocrx_word' id='word_1_689' title='bbox 1056 2581 1144 2609; x_wconf 62' lang='grc'>03010</span> <span class='ocrx_word' id='word_1_690' title='bbox 1166 2578 1211 2601; x_wconf 82' lang='grc'>051</span> <span class='ocrx_word' id='word_1_691' title='bbox 1231 2582 1375 2609; x_wconf 81' lang='lat' dir='ltr'>perversa</span> <span class='ocrx_word' id='word_1_692' title='bbox 1395 2574 1444 2608; x_wconf 83' lang='grc'>48.</span> 
     </span>
    </p>

    <p class='ocr_par' dir='ltr' id='par_1_110' title="bbox 1004 2609 1618 2646">
     <span class='ocr_line' id='line_1_136' title="bbox 1004 2609 1618 2646; baseline 0.003 -10"><span class='ocrx_word' id='word_1_693' title='bbox 1004 2609 1113 2636; x_wconf 83' lang='grc'>13101311</span> <span class='ocrx_word' id='word_1_694' title='bbox 1134 2609 1293 2644; x_wconf 89' lang='lat' dir='ltr'>predicent</span> <span class='ocrx_word' id='word_1_695' title='bbox 1314 2609 1410 2644; x_wconf 86' lang='lat' dir='ltr'>legem</span> <span class='ocrx_word' id='word_1_696' title='bbox 1431 2609 1549 2638; x_wconf 85' lang='lat' dir='ltr'>Christi</span> <span class='ocrx_word' id='word_1_697' title='bbox 1569 2618 1618 2646; x_wconf 84' lang='lat'>47.</span> 
     </span>
    </p>

    <p class='ocr_par' dir='ltr' id='par_1_111' title="bbox 1004 2643 1833 2715">
     <span class='ocr_line' id='line_1_137' title="bbox 1004 2643 1833 2681; baseline 0.004 -11"><span class='ocrx_word' id='word_1_698' title='bbox 1004 2643 1139 2677; x_wconf 87' lang='lat' dir='ltr'>Decime,</span> <span class='ocrx_word' id='word_1_699' title='bbox 1172 2644 1348 2671; x_wconf 87' lang='lat' dir='ltr'>oblaciones</span> <span class='ocrx_word' id='word_1_700' title='bbox 1381 2648 1408 2671; x_wconf 90' lang='grc'>01</span> <span class='ocrx_word' id='word_1_701' title='bbox 1441 2650 1611 2680; x_wconf 85' lang='lat' dir='ltr'>proventus</span> <span class='ocrx_word' id='word_1_702' title='bbox 1644 2646 1833 2681; x_wconf 85' lang='lat' dir='ltr'>prelatorum</span> 
     </span>
     <span class='ocr_line' id='line_1_138' title="bbox 1058 2679 1406 2715; baseline 0.003 -10"><span class='ocrx_word' id='word_1_703' title='bbox 1058 2683 1128 2706; x_wconf 92' lang='lat' dir='ltr'>sunt</span> <span class='ocrx_word' id='word_1_704' title='bbox 1149 2679 1326 2715; x_wconf 86' lang='lat' dir='ltr'>elemosyne</span> <span class='ocrx_word' id='word_1_705' title='bbox 1347 2687 1406 2714; x_wconf 90' lang='grc'>127.</span> 
     </span>
    </p>

    <p class='ocr_par' dir='ltr' id='par_1_112' title="bbox 1005 2713 1834 2784">
     <span class='ocr_line' id='line_1_139' title="bbox 1005 2713 1834 2752; baseline 0.004 -12"><span class='ocrx_word' id='word_1_706' title='bbox 1005 2713 1141 2749; x_wconf 88' lang='lat' dir='ltr'>Populus</span> <span class='ocrx_word' id='word_1_707' title='bbox 1174 2713 1251 2752; x_wconf 80' lang='lat' dir='ltr'>dans</span> <span class='ocrx_word' id='word_1_708' title='bbox 1289 2714 1405 2749; x_wconf 87' lang='lat' dir='ltr'>prelato</span> <span class='ocrx_word' id='word_1_709' title='bbox 1444 2714 1614 2742; x_wconf 88' lang='lat' dir='ltr'>criminoso</span> <span class='ocrx_word' id='word_1_710' title='bbox 1652 2716 1834 2751; x_wconf 85' lang='lat' dir='ltr'>temporalia</span> 
     </span>
     <span class='ocr_line' id='line_1_140' title="bbox 1059 2748 1450 2784; baseline 0.003 -10"><span class='ocrx_word' id='word_1_711' title='bbox 1059 2752 1165 2783; x_wconf 84' lang='lat' dir='ltr'>gravat</span> <span class='ocrx_word' id='word_1_712' title='bbox 1185 2756 1288 2783; x_wconf 84' lang='lat' dir='ltr'>ipsum</span> <span class='ocrx_word' id='word_1_713' title='bbox 1311 2756 1367 2784; x_wconf 90' lang='grc'>127,</span> <span class='ocrx_word' id='word_1_714' title='bbox 1392 2748 1450 2777; x_wconf 83' lang='grc'>128.</span> 
     </span>
    </p>

    <p class='ocr_par' dir='ltr' id='par_1_113' title="bbox 1005 2783 1833 2854">
     <span class='ocr_line' id='line_1_141' title="bbox 1005 2783 1833 2821; baseline 0.002 -11"><span class='ocrx_word' id='word_1_715' title='bbox 1005 2783 1200 2818; x_wconf 78' lang='lat' dir='ltr'>Blasphemie</span> <span class='ocrx_word' id='word_1_716' title='bbox 1221 2784 1408 2819; x_wconf 74' lang='lat' dir='ltr'>prela&#39;orum</span> <span class='ocrx_word' id='word_1_717' title='bbox 1430 2785 1481 2820; x_wconf 89' lang='lat' dir='ltr'>qui</span> <span class='ocrx_word' id='word_1_718' title='bbox 1503 2785 1653 2812; x_wconf 81' lang='lat' dir='ltr'>extollunt</span> <span class='ocrx_word' id='word_1_719' title='bbox 1681 2793 1753 2812; x_wconf 90' lang='lat' dir='ltr'>suas</span> <span class='ocrx_word' id='word_1_720' title='bbox 1780 2793 1833 2821; x_wconf 87' lang='lat' dir='ltr'>po-</span> 
     </span>
     <span class='ocr_line' id='line_1_142' title="bbox 1056 2818 1539 2854; baseline 0.004 -9"><span class='ocrx_word' id='word_1_721' title='bbox 1056 2818 1170 2845; x_wconf 90' lang='lat' dir='ltr'>tencias</span> <span class='ocrx_word' id='word_1_722' title='bbox 1191 2826 1286 2854; x_wconf 88' lang='lat' dir='ltr'>supra</span> <span class='ocrx_word' id='word_1_723' title='bbox 1307 2819 1467 2847; x_wconf 88' lang='lat' dir='ltr'>Christum</span> <span class='ocrx_word' id='word_1_724' title='bbox 1488 2819 1539 2853; x_wconf 83' lang='grc'>46.</span> 
     </span>
    </p>

    <p class='ocr_par' dir='ltr' id='par_1_114' title="bbox 1003 2851 1833 2920">
     <span class='ocr_line' id='line_1_143' title="bbox 1003 2851 1833 2889; baseline 0.002 -10"><span class='ocrx_word' id='word_1_725' title='bbox 1003 2851 1126 2880; x_wconf 89' lang='lat' dir='ltr'>Vanum</span> <span class='ocrx_word' id='word_1_726' title='bbox 1148 2857 1192 2880; x_wconf 89' lang='lat' dir='ltr'>est</span> <span class='ocrx_word' id='word_1_727' title='bbox 1211 2861 1305 2888; x_wconf 88' lang='lat' dir='ltr'>opera</span> <span class='ocrx_word' id='word_1_728' title='bbox 1326 2855 1451 2881; x_wconf 88' lang='lat' dir='ltr'>ecclesie</span> <span class='ocrx_word' id='word_1_729' title='bbox 1471 2854 1523 2882; x_wconf 89' lang='lat' dir='ltr'>uni</span> <span class='ocrx_word' id='word_1_730' title='bbox 1551 2855 1710 2889; x_wconf 85' lang='lat' dir='ltr'>preposito</span> <span class='ocrx_word' id='word_1_731' title='bbox 1738 2862 1833 2881; x_wconf 88' lang='lat' dir='ltr'>reser-</span> 
     </span>
     <span class='ocr_line' id='line_1_144' title="bbox 1055 2896 1209 2920; baseline 0.006 -6"><span class='ocrx_word' id='word_1_732' title='bbox 1055 2896 1126 2915; x_wconf 84' lang='lat' dir='ltr'>vare</span> <span class='ocrx_word' id='word_1_733' title='bbox 1147 2896 1209 2920; x_wconf 68' lang='lat'>104.</span> 
     </span>
    </p>
   </div>
  </div>
 </body>
</html>
