<?xml version="1.0" encoding="UTF-8"?>
<!DOCTYPE html PUBLIC "-//W3C//DTD XHTML 1.0 Transitional//EN"
    "http://www.w3.org/TR/xhtml1/DTD/xhtml1-transitional.dtd">
<html xmlns="http://www.w3.org/1999/xhtml" xml:lang="en" lang="en">
 <head>
  <title>
</title>
<meta http-equiv="Content-Type" content="text/html;charset=utf-8" />
  <meta name='ocr-system' content='tesseract 3.04.00' />
  <meta name='ocr-capabilities' content='ocr_page ocr_carea ocr_par ocr_line ocrx_word'/>
</head>
<body>
  <div class='ocr_page' id='page_1' title='image "./iohanniswyclifse0704wycl_0468.png"; bbox 0 0 2062 3276; ppageno 0'>
   <div class='ocr_carea' id='block_1_1' title="bbox 209 245 1814 303">
    <p class='ocr_par' dir='ltr' id='par_1_1' title="bbox 209 245 1814 303">
     <span class='ocr_line' id='line_1_1' title="bbox 209 245 1814 303; baseline -0.004 -8"><span class='ocrx_word' id='word_1_1' title='bbox 209 250 290 295; x_wconf 77' lang='lat'>448</span> <span class='ocrx_word' id='word_1_2' title='bbox 793 259 1017 291; x_wconf 76' lang='lat' dir='ltr'>JOHANle</span> <span class='ocrx_word' id='word_1_3' title='bbox 1035 258 1221 291; x_wconf 82' lang='lat' dir='ltr'>WYCLIF</span> <span class='ocrx_word' id='word_1_4' title='bbox 1240 259 1498 291; x_wconf 82' lang='lat' dir='ltr'>SERMONUM</span> <span class='ocrx_word' id='word_1_5' title='bbox 1544 245 1697 303; x_wconf 83' lang='lat' dir='ltr'>[SERMO</span> <span class='ocrx_word' id='word_1_6' title='bbox 1719 257 1814 285; x_wconf 81' lang='lat' dir='ltr'>Lvn.</span> 
     </span>
    </p>
   </div>
   <div class='ocr_carea' id='block_1_2' title="bbox 205 363 1917 2679">
    <p class='ocr_par' dir='ltr' id='par_1_2' title="bbox 205 363 1917 2679">
     <span class='ocr_line' id='line_1_2' title="bbox 498 363 1812 413; baseline 0.002 -14"><span class='ocrx_word' id='word_1_7' title='bbox 498 363 671 411; x_wconf 88' lang='lat' dir='ltr'>petimus</span> <span class='ocrx_word' id='word_1_8' title='bbox 703 377 752 400; x_wconf 89' lang='lat' dir='ltr'>ne</span> <span class='ocrx_word' id='word_1_9' title='bbox 784 373 1029 413; x_wconf 76' lang='lat' dir='ltr'>temptemus</span> <span class='ocrx_word' id='word_1_10' title='bbox 1061 366 1129 401; x_wconf 90' lang='lat' dir='ltr'>sed</span> <span class='ocrx_word' id='word_1_11' title='bbox 1152 365 1191 401; x_wconf 94' lang='lat' dir='ltr'>in</span> <span class='ocrx_word' id='word_1_12' title='bbox 1215 364 1527 413; x_wconf 89' lang='lat' dir='ltr'>temptacionem</span> <span class='ocrx_word' id='word_1_13' title='bbox 1559 364 1812 410; x_wconf 84' lang='lat' dir='ltr'>inducamur,</span> 
     </span>
     <span class='ocr_line' id='line_1_3' title="bbox 498 422 1813 471; baseline 0 -13"><span class='ocrx_word' id='word_1_14' title='bbox 498 423 606 470; x_wconf 91' lang='lat' dir='ltr'>quod</span> <span class='ocrx_word' id='word_1_15' title='bbox 635 422 691 467; x_wconf 89' lang='lat' dir='ltr'>fit,</span> <span class='ocrx_word' id='word_1_16' title='bbox 717 424 880 471; x_wconf 86' lang='lat' dir='ltr'>quando</span> <span class='ocrx_word' id='word_1_17' title='bbox 913 423 1021 460; x_wconf 89' lang='lat' dir='ltr'>racio</span> <span class='ocrx_word' id='word_1_18' title='bbox 1055 423 1253 460; x_wconf 84' lang='lat' dir='ltr'>consentit</span> <span class='ocrx_word' id='word_1_19' title='bbox 1292 422 1461 459; x_wconf 85' lang='lat' dir='ltr'>facinori</span> <span class='ocrx_word' id='word_1_20' title='bbox 1494 423 1603 469; x_wconf 88' lang='lat' dir='ltr'>talis;</span> <span class='ocrx_word' id='word_1_21' title='bbox 1637 423 1672 458; x_wconf 87' lang='lat' dir='ltr'>in</span> <span class='ocrx_word' id='word_1_22' title='bbox 1697 424 1813 459; x_wconf 85' lang='lat' dir='ltr'>talem</span> 
     </span>
     <span class='ocr_line' id='line_1_4' title="bbox 206 480 1814 529; baseline 0.004 -17"><span class='ocrx_word' id='word_1_23' title='bbox 206 485 300 525; x_wconf 77' lang='lat' dir='ltr'>¹We</span> <span class='ocrx_word' id='word_1_24' title='bbox 321 494 371 513; x_wconf 81' lang='lat' dir='ltr'>are</span> <span class='ocrx_word' id='word_1_25' title='bbox 392 485 438 524; x_wconf 69' lang='grc' dir='ltr'>1εᾴ</span> <span class='ocrx_word' id='word_1_26' title='bbox 498 480 790 529; x_wconf 81' lang='lat' dir='ltr'>temptacionem</span> <span class='ocrx_word' id='word_1_27' title='bbox 829 489 961 529; x_wconf 90' lang='lat' dir='ltr'>potest</span> <span class='ocrx_word' id='word_1_28' title='bbox 1003 481 1216 529; x_wconf 82' lang='lat' dir='ltr'>dupliciter</span> <span class='ocrx_word' id='word_1_29' title='bbox 1255 480 1423 529; x_wconf 82' lang='lat' dir='ltr'>intelligi</span> <span class='ocrx_word' id='word_1_30' title='bbox 1457 483 1586 517; x_wconf 92' lang='lat' dir='ltr'>Deum</span> <span class='ocrx_word' id='word_1_31' title='bbox 1625 481 1814 518; x_wconf 84' lang='lat' dir='ltr'>inducere</span> 
     </span>
     <span class='ocr_line' id='line_1_5' title="bbox 205 525 1814 586; baseline -0.005 -3"><span class='ocrx_word' id='word_1_32' title='bbox 205 525 473 583; x_wconf 47' lang='lat' dir='ltr'>mtqvltferppotffiion</span> <span class='ocrx_word' id='word_1_33' title='bbox 498 538 558 574; x_wconf 86' lang='lat' dir='ltr'>vel</span> <span class='ocrx_word' id='word_1_34' title='bbox 609 538 841 586; x_wconf 77' lang='lat' dir='ltr'>permissive</span> <span class='ocrx_word' id='word_1_35' title='bbox 892 539 993 575; x_wconf 92' lang='lat' dir='ltr'>sicut</span> <span class='ocrx_word' id='word_1_36' title='bbox 1045 539 1191 576; x_wconf 87' lang='lat' dir='ltr'>dicitur</span> <span class='ocrx_word' id='word_1_37' title='bbox 1242 539 1393 576; x_wconf 88' lang='lat' dir='ltr'>malum</span> <span class='ocrx_word' id='word_1_38' title='bbox 1444 540 1541 575; x_wconf 89' lang='lat' dir='ltr'>velle</span> <span class='ocrx_word' id='word_1_39' title='bbox 1588 539 1649 575; x_wconf 91' lang='lat' dir='ltr'>vel</span> <span class='ocrx_word' id='word_1_40' title='bbox 1699 538 1814 576; x_wconf 88' lang='lat' dir='ltr'>aliter</span> 
     </span>
     <span class='ocr_line' id='line_1_6' title="bbox 208 594 1847 645; baseline 0.001 -13"><span class='ocrx_word' id='word_1_41' title='bbox 208 594 482 619; x_wconf 70' lang='lat' dir='ltr'>reasonconsents.</span> <span class='ocrx_word' id='word_1_42' title='bbox 499 608 664 633; x_wconf 86' lang='lat' dir='ltr'>causare</span> <span class='ocrx_word' id='word_1_43' title='bbox 697 596 914 645; x_wconf 90' lang='lat' dir='ltr'>positivum</span> <span class='ocrx_word' id='word_1_44' title='bbox 947 597 1229 645; x_wconf 88' lang='lat' dir='ltr'>temptacionis</span> <span class='ocrx_word' id='word_1_45' title='bbox 1262 597 1302 633; x_wconf 93' lang='lat' dir='ltr'>in</span> <span class='ocrx_word' id='word_1_46' title='bbox 1336 610 1479 645; x_wconf 90' lang='lat' dir='ltr'>penam</span> <span class='ocrx_word' id='word_1_47' title='bbox 1514 596 1687 645; x_wconf 80' lang='lat' dir='ltr'>peccati3</span> <span class='ocrx_word' id='word_1_48' title='bbox 1720 601 1847 634; x_wconf 86' lang='lat' dir='ltr'>nam5</span> 
     </span>
     <span class='ocr_line' id='line_1_7' title="bbox 499 654 1814 704; baseline 0.001 -14"><span class='ocrx_word' id='word_1_49' title='bbox 499 654 646 690; x_wconf 91' lang='lat' dir='ltr'>iustum</span> <span class='ocrx_word' id='word_1_50' title='bbox 692 664 748 691; x_wconf 91' lang='lat' dir='ltr'>est</span> <span class='ocrx_word' id='word_1_51' title='bbox 794 656 902 704; x_wconf 90' lang='lat' dir='ltr'>quod</span> <span class='ocrx_word' id='word_1_52' title='bbox 947 657 1059 692; x_wconf 85' lang='lat' dir='ltr'>deses</span> <span class='ocrx_word' id='word_1_53' title='bbox 1104 655 1171 704; x_wconf 91' lang='lat' dir='ltr'>qui</span> <span class='ocrx_word' id='word_1_54' title='bbox 1216 668 1298 692; x_wconf 89' lang='lat' dir='ltr'>non</span> <span class='ocrx_word' id='word_1_55' title='bbox 1343 655 1584 704; x_wconf 81' lang='lat' dir='ltr'>dedignatur</span> <span class='ocrx_word' id='word_1_56' title='bbox 1627 655 1814 692; x_wconf 89' lang='lat' dir='ltr'>invocare</span> 
     </span>
     <span class='ocr_line' id='line_1_8' title="bbox 500 711 1815 762; baseline 0 -14"><span class='ocrx_word' id='word_1_57' title='bbox 500 711 676 749; x_wconf 86' lang='lat' dir='ltr'>divinum</span> <span class='ocrx_word' id='word_1_58' title='bbox 720 713 911 749; x_wconf 82' lang='lat' dir='ltr'>auxilium</span> <span class='ocrx_word' id='word_1_59' title='bbox 956 713 1139 750; x_wconf 85' lang='lat' dir='ltr'>vincatur</span> <span class='ocrx_word' id='word_1_60' title='bbox 1184 726 1205 750; x_wconf 88' lang='lat' dir='ltr'>a</span> <span class='ocrx_word' id='word_1_61' title='bbox 1250 722 1435 750; x_wconf 89' lang='lat' dir='ltr'>creatura</span> <span class='ocrx_word' id='word_1_62' title='bbox 1473 712 1545 750; x_wconf 92' lang='lat' dir='ltr'>Dei</span> <span class='ocrx_word' id='word_1_63' title='bbox 1590 712 1630 749; x_wconf 92' lang='lat' dir='ltr'>in</span> <span class='ocrx_word' id='word_1_64' title='bbox 1668 725 1815 762; x_wconf 90' lang='lat' dir='ltr'>penam</span> 
     </span>
     <span class='ocr_line' id='line_1_9' title="bbox 499 770 1816 820; baseline 0.001 -14"><span class='ocrx_word' id='word_1_65' title='bbox 499 770 674 819; x_wconf 83' lang='lat' dir='ltr'>peccati3</span> <span class='ocrx_word' id='word_1_66' title='bbox 708 771 797 807; x_wconf 91' lang='lat' dir='ltr'>ideo</span> <span class='ocrx_word' id='word_1_67' title='bbox 833 784 922 807; x_wconf 90' lang='lat' dir='ltr'>cum</span> <span class='ocrx_word' id='word_1_68' title='bbox 950 784 1069 808; x_wconf 91' lang='lat' dir='ltr'>nemo</span> <span class='ocrx_word' id='word_1_69' title='bbox 1092 771 1238 808; x_wconf 87' lang='lat' dir='ltr'>leditur</span> <span class='ocrx_word' id='word_1_70' title='bbox 1261 771 1337 808; x_wconf 90' lang='lat' dir='ltr'>nisi</span> <span class='ocrx_word' id='word_1_71' title='bbox 1360 772 1517 808; x_wconf 88' lang='lat' dir='ltr'>ledatur</span> <span class='ocrx_word' id='word_1_72' title='bbox 1539 770 1816 820; x_wconf 83' lang='lat' dir='ltr'>principaliter</span> 
     </span>
     <span class='ocr_line' id='line_1_10' title="bbox 500 829 1812 877; baseline 0.001 -12"><span class='ocrx_word' id='word_1_73' title='bbox 500 841 521 865; x_wconf 87' lang='lat' dir='ltr'>a</span> <span class='ocrx_word' id='word_1_74' title='bbox 554 841 594 865; x_wconf 92' lang='lat' dir='ltr'>se</span> <span class='ocrx_word' id='word_1_75' title='bbox 626 829 726 877; x_wconf 80' lang='lat' dir='ltr'>ipso,</span> <span class='ocrx_word' id='word_1_76' title='bbox 759 838 869 877; x_wconf 91' lang='lat' dir='ltr'>patet</span> <span class='ocrx_word' id='word_1_77' title='bbox 902 842 991 865; x_wconf 88' lang='lat' dir='ltr'>cum</span> <span class='ocrx_word' id='word_1_78' title='bbox 1026 838 1175 877; x_wconf 84' lang='lat' dir='ltr'>quanta</span> <span class='ocrx_word' id='word_1_79' title='bbox 1208 829 1403 866; x_wconf 81' lang='lat' dir='ltr'>instancia</span> <span class='ocrx_word' id='word_1_80' title='bbox 1433 830 1622 866; x_wconf 89' lang='lat' dir='ltr'>debemus</span> <span class='ocrx_word' id='word_1_81' title='bbox 1654 831 1812 866; x_wconf 85' lang='lat' dir='ltr'>obstare</span> 
     </span>
     <span class='ocr_line' id='line_1_11' title="bbox 500 886 1874 936; baseline 0.001 -14"><span class='ocrx_word' id='word_1_82' title='bbox 500 886 719 935; x_wconf 87' lang='lat' dir='ltr'>principiis.</span> <span class='ocrx_word' id='word_1_83' title='bbox 774 889 887 923; x_wconf 91' lang='lat' dir='ltr'>Unde</span> <span class='ocrx_word' id='word_1_84' title='bbox 932 888 1026 924; x_wconf 86' lang='lat' dir='ltr'>false</span> <span class='ocrx_word' id='word_1_85' title='bbox 1073 887 1226 935; x_wconf 85' lang='lat' dir='ltr'>fingunt</span> <span class='ocrx_word' id='word_1_86' title='bbox 1271 887 1434 936; x_wconf 88' lang='lat' dir='ltr'>quidam</span> <span class='ocrx_word' id='word_1_87' title='bbox 1474 889 1661 924; x_wconf 89' lang='lat' dir='ltr'>vecordes</span> <span class='ocrx_word' id='word_1_88' title='bbox 1707 888 1874 936; x_wconf 89' lang='lat' dir='ltr'>quod10</span> 
     </span>
     <span class='ocr_line' id='line_1_12' title="bbox 500 945 1816 994; baseline 0.001 -13"><span class='ocrx_word' id='word_1_89' title='bbox 500 954 608 981; x_wconf 82' lang='lat' dir='ltr'>tante</span> <span class='ocrx_word' id='word_1_90' title='bbox 652 954 900 993; x_wconf 86' lang='lat' dir='ltr'>temptantur</span> <span class='ocrx_word' id='word_1_91' title='bbox 944 947 1051 994; x_wconf 90' lang='lat' dir='ltr'>quod</span> <span class='ocrx_word' id='word_1_92' title='bbox 1095 959 1175 982; x_wconf 90' lang='lat' dir='ltr'>non</span> <span class='ocrx_word' id='word_1_93' title='bbox 1219 945 1371 993; x_wconf 88' lang='lat' dir='ltr'>possint</span> <span class='ocrx_word' id='word_1_94' title='bbox 1421 945 1602 982; x_wconf 89' lang='lat' dir='ltr'>resistere</span> <span class='ocrx_word' id='word_1_95' title='bbox 1652 945 1732 982; x_wconf 92' lang='lat' dir='ltr'>sive</span> <span class='ocrx_word' id='word_1_96' title='bbox 1776 945 1816 981; x_wconf 90' lang='lat' dir='ltr'>in</span> 
     </span>
     <span class='ocr_line' id='line_1_13' title="bbox 225 1003 1816 1052; baseline 0.001 -15"><span class='ocrx_word' id='word_1_97' title='bbox 225 1010 292 1038; x_wconf 71' lang='lat' dir='ltr'>God</span> <span class='ocrx_word' id='word_1_98' title='bbox 315 1009 388 1037; x_wconf 70' lang='lat' dir='ltr'>does</span> <span class='ocrx_word' id='word_1_99' title='bbox 410 1014 461 1036; x_wconf 84' lang='lat' dir='ltr'>not</span> <span class='ocrx_word' id='word_1_100' title='bbox 500 1003 654 1040; x_wconf 79' lang='lat' dir='ltr'>luxuria</span> <span class='ocrx_word' id='word_1_101' title='bbox 698 1003 778 1040; x_wconf 91' lang='lat' dir='ltr'>sive</span> <span class='ocrx_word' id='word_1_102' title='bbox 816 1003 856 1040; x_wconf 92' lang='lat' dir='ltr'>in</span> <span class='ocrx_word' id='word_1_103' title='bbox 895 1003 953 1040; x_wconf 88' lang='lat' dir='ltr'>ira</span> <span class='ocrx_word' id='word_1_104' title='bbox 990 1004 1050 1040; x_wconf 90' lang='lat' dir='ltr'>vel</span> <span class='ocrx_word' id='word_1_105' title='bbox 1089 1016 1330 1052; x_wconf 89' lang='lat' dir='ltr'>quocunque</span> <span class='ocrx_word' id='word_1_106' title='bbox 1369 1003 1447 1040; x_wconf 88' lang='lat' dir='ltr'>alio</span> <span class='ocrx_word' id='word_1_107' title='bbox 1487 1013 1664 1052; x_wconf 89' lang='lat' dir='ltr'>peccato.</span> <span class='ocrx_word' id='word_1_108' title='bbox 1712 1006 1816 1040; x_wconf 90' lang='lat' dir='ltr'>Deus</span> 
     </span>
     <span class='ocr_line' id='line_1_14' title="bbox 205 1045 1817 1110; baseline 0.002 -16"><span class='ocrx_word' id='word_1_109' title='bbox 205 1045 477 1107; x_wconf 43' lang='grc' dir='ltr'>ἴεζζῗῇᾚῖιζῗρᾞῗζᾪ</span> <span class='ocrx_word' id='word_1_110' title='bbox 500 1061 605 1097; x_wconf 88' lang='lat' dir='ltr'>enim</span> <span class='ocrx_word' id='word_1_111' title='bbox 651 1061 795 1098; x_wconf 86' lang='lat' dir='ltr'>iniuste</span> <span class='ocrx_word' id='word_1_112' title='bbox 841 1062 1010 1110; x_wconf 81' lang='lat' dir='ltr'>exigeret</span> <span class='ocrx_word' id='word_1_113' title='bbox 1049 1075 1071 1099; x_wconf 91' lang='lat' dir='ltr'>a</span> <span class='ocrx_word' id='word_1_114' title='bbox 1110 1075 1222 1098; x_wconf 87' lang='lat' dir='ltr'>servo</span> <span class='ocrx_word' id='word_1_115' title='bbox 1262 1075 1333 1098; x_wconf 91' lang='lat' dir='ltr'>suo</span> <span class='ocrx_word' id='word_1_116' title='bbox 1372 1062 1582 1098; x_wconf 87' lang='lat' dir='ltr'>servicium</span> <span class='ocrx_word' id='word_1_117' title='bbox 1622 1063 1672 1098; x_wconf 89' lang='lat' dir='ltr'>ad</span> <span class='ocrx_word' id='word_1_118' title='bbox 1709 1063 1817 1110; x_wconf 91' lang='lat' dir='ltr'>quod</span> 
     </span>
     <span class='ocr_line' id='line_1_15' title="bbox 308 1115 1817 1168; baseline -0.001 -12"><span class='ocrx_word' id='word_1_119' title='bbox 308 1115 384 1142; x_wconf 37' lang='grc' dir='ltr'>ΜΨ</span> <span class='ocrx_word' id='word_1_120' title='bbox 499 1119 789 1168; x_wconf 78' lang='lat' dir='ltr'>perficiendum</span> <span class='ocrx_word' id='word_1_121' title='bbox 822 1133 903 1156; x_wconf 89' lang='lat' dir='ltr'>non</span> <span class='ocrx_word' id='word_1_122' title='bbox 936 1121 1047 1156; x_wconf 86' lang='lat' dir='ltr'>daret</span> <span class='ocrx_word' id='word_1_123' title='bbox 1081 1120 1154 1156; x_wconf 90' lang='lat' dir='ltr'>sibi</span> <span class='ocrx_word' id='word_1_124' title='bbox 1187 1120 1414 1168; x_wconf 87' lang='lat' dir='ltr'>potenciam</span> <span class='ocrx_word' id='word_1_125' title='bbox 1447 1133 1519 1157; x_wconf 87' lang='lat' dir='ltr'>nec</span> <span class='ocrx_word' id='word_1_126' title='bbox 1552 1120 1653 1156; x_wconf 90' lang='lat' dir='ltr'>iuste</span> <span class='ocrx_word' id='word_1_127' title='bbox 1678 1121 1817 1168; x_wconf 89' lang='lat' dir='ltr'>damp-</span> 
     </span>
     <span class='ocr_line' id='line_1_16' title="bbox 500 1179 1873 1227; baseline 0.001 -14"><span class='ocrx_word' id='word_1_128' title='bbox 500 1187 612 1214; x_wconf 82' lang='lat' dir='ltr'>naret</span> <span class='ocrx_word' id='word_1_129' title='bbox 646 1187 870 1215; x_wconf 87' lang='lat' dir='ltr'>creaturam</span> <span class='ocrx_word' id='word_1_130' title='bbox 903 1191 1015 1215; x_wconf 89' lang='lat' dir='ltr'>suam</span> <span class='ocrx_word' id='word_1_131' title='bbox 1049 1191 1121 1227; x_wconf 91' lang='lat' dir='ltr'>pro</span> <span class='ocrx_word' id='word_1_132' title='bbox 1147 1191 1266 1227; x_wconf 87' lang='lat' dir='ltr'>opere</span> <span class='ocrx_word' id='word_1_133' title='bbox 1300 1179 1349 1215; x_wconf 89' lang='lat' dir='ltr'>ad</span> <span class='ocrx_word' id='word_1_134' title='bbox 1383 1179 1490 1227; x_wconf 89' lang='lat' dir='ltr'>quod</span> <span class='ocrx_word' id='word_1_135' title='bbox 1523 1179 1816 1227; x_wconf 84' lang='lat' dir='ltr'>precavendum</span> <span class='ocrx_word' id='word_1_136' title='bbox 1838 1183 1873 1215; x_wconf 78' lang='lat'>15</span> 
     </span>
     <span class='ocr_line' id='line_1_17' title="bbox 500 1236 1050 1284; baseline 0.002 -12"><span class='ocrx_word' id='word_1_137' title='bbox 500 1249 581 1273; x_wconf 92' lang='lat' dir='ltr'>non</span> <span class='ocrx_word' id='word_1_138' title='bbox 615 1237 777 1273; x_wconf 86' lang='lat' dir='ltr'>haberet</span> <span class='ocrx_word' id='word_1_139' title='bbox 810 1236 1050 1284; x_wconf 85' lang='lat' dir='ltr'>potenciam.</span> 
     </span>
     <span class='ocr_line' id='line_1_18' title="bbox 230 1294 1818 1343; baseline 0.002 -15"><span class='ocrx_word' id='word_1_140' title='bbox 230 1302 299 1329; x_wconf 74' lang='lat' dir='ltr'>Past</span> <span class='ocrx_word' id='word_1_141' title='bbox 320 1301 364 1328; x_wconf 72' lang='lat' dir='ltr'>sin</span> <span class='ocrx_word' id='word_1_142' title='bbox 386 1301 470 1336; x_wconf 75' lang='lat' dir='ltr'>gives</span> <span class='ocrx_word' id='word_1_143' title='bbox 560 1296 652 1331; x_wconf 88' lang='lat' dir='ltr'>Ideo</span> <span class='ocrx_word' id='word_1_144' title='bbox 685 1294 937 1331; x_wconf 88' lang='lat' dir='ltr'>considerent</span> <span class='ocrx_word' id='word_1_145' title='bbox 970 1295 1024 1331; x_wconf 88' lang='lat' dir='ltr'>sic</span> <span class='ocrx_word' id='word_1_146' title='bbox 1059 1294 1234 1331; x_wconf 87' lang='lat' dir='ltr'>dicentes</span> <span class='ocrx_word' id='word_1_147' title='bbox 1258 1303 1356 1343; x_wconf 88' lang='lat' dir='ltr'>quot</span> <span class='ocrx_word' id='word_1_148' title='bbox 1381 1294 1617 1331; x_wconf 90' lang='lat' dir='ltr'>omissiones</span> <span class='ocrx_word' id='word_1_149' title='bbox 1640 1295 1818 1331; x_wconf 89' lang='lat' dir='ltr'>fecerunt</span> 
     </span>
     <span class='ocr_line' id='line_1_19' title="bbox 252 1337 1819 1406; baseline 0 -18"><span class='ocrx_word' id='word_1_150' title='bbox 252 1337 444 1406; x_wconf 39' lang='grc' dir='ltr'>ζὲᾗζζξξιῐέἶοξξ)</span> <span class='ocrx_word' id='word_1_151' title='bbox 501 1361 717 1401; x_wconf 83' lang='lat' dir='ltr'>antequam</span> <span class='ocrx_word' id='word_1_152' title='bbox 757 1352 981 1389; x_wconf 90' lang='lat' dir='ltr'>inciderunt</span> <span class='ocrx_word' id='word_1_153' title='bbox 1026 1352 1065 1389; x_wconf 91' lang='lat' dir='ltr'>in</span> <span class='ocrx_word' id='word_1_154' title='bbox 1112 1362 1245 1390; x_wconf 90' lang='lat' dir='ltr'>actum</span> <span class='ocrx_word' id='word_1_155' title='bbox 1294 1353 1459 1399; x_wconf 80' lang='lat' dir='ltr'>luxurie,</span> <span class='ocrx_word' id='word_1_156' title='bbox 1500 1365 1659 1389; x_wconf 87' lang='lat' dir='ltr'>carnem</span> <span class='ocrx_word' id='word_1_157' title='bbox 1700 1352 1819 1389; x_wconf 90' lang='lat' dir='ltr'>nimis</span> 
     </span>
     <span class='ocr_line' id='line_1_20' title="bbox 501 1410 1818 1459; baseline 0 -13"><span class='ocrx_word' id='word_1_158' title='bbox 501 1411 607 1447; x_wconf 85' lang='lat' dir='ltr'>laute</span> <span class='ocrx_word' id='word_1_159' title='bbox 630 1412 843 1459; x_wconf 80' lang='lat' dir='ltr'>pascendo,</span> <span class='ocrx_word' id='word_1_160' title='bbox 869 1424 959 1448; x_wconf 89' lang='lat' dir='ltr'>cum</span> <span class='ocrx_word' id='word_1_161' title='bbox 985 1411 1217 1447; x_wconf 84' lang='lat' dir='ltr'>mulieribus</span> <span class='ocrx_word' id='word_1_162' title='bbox 1240 1411 1462 1459; x_wconf 88' lang='lat' dir='ltr'>improvide</span> <span class='ocrx_word' id='word_1_163' title='bbox 1480 1410 1818 1448; x_wconf 89' lang='lat' dir='ltr'>communicando</span> 
     </span>
     <span class='ocr_line' id='line_1_21' title="bbox 504 1469 1876 1506; baseline -0.001 -1"><span class='ocrx_word' id='word_1_164' title='bbox 504 1478 540 1505; x_wconf 87' lang='lat' dir='ltr'>et</span> <span class='ocrx_word' id='word_1_165' title='bbox 580 1471 628 1506; x_wconf 85' lang='lat' dir='ltr'>ab</span> <span class='ocrx_word' id='word_1_166' title='bbox 667 1469 854 1506; x_wconf 86' lang='lat' dir='ltr'>oracione</span> <span class='ocrx_word' id='word_1_167' title='bbox 894 1483 939 1506; x_wconf 89' lang='lat' dir='ltr'>ac</span> <span class='ocrx_word' id='word_1_168' title='bbox 979 1478 1116 1506; x_wconf 87' lang='lat' dir='ltr'>sancta</span> <span class='ocrx_word' id='word_1_169' title='bbox 1156 1469 1528 1506; x_wconf 86' lang='lat' dir='ltr'>communicacione</span> <span class='ocrx_word' id='word_1_170' title='bbox 1567 1469 1816 1506; x_wconf 88' lang='lat' dir='ltr'>abstinendo.</span> <span class='ocrx_word' id='word_1_171' title='bbox 1835 1483 1876 1504; x_wconf 82' lang='lat'>20</span> 
     </span>
     <span class='ocr_line' id='line_1_22' title="bbox 502 1527 1818 1577; baseline 0 -14"><span class='ocrx_word' id='word_1_172' title='bbox 502 1528 594 1563; x_wconf 92' lang='lat' dir='ltr'>Ideo</span> <span class='ocrx_word' id='word_1_173' title='bbox 614 1529 804 1564; x_wconf 88' lang='lat' dir='ltr'>debemus</span> <span class='ocrx_word' id='word_1_174' title='bbox 827 1540 1052 1576; x_wconf 88' lang='lat' dir='ltr'>supponere</span> <span class='ocrx_word' id='word_1_175' title='bbox 1067 1529 1175 1576; x_wconf 89' lang='lat' dir='ltr'>quod</span> <span class='ocrx_word' id='word_1_176' title='bbox 1191 1529 1513 1577; x_wconf 86' lang='lat' dir='ltr'>quandocunque</span> <span class='ocrx_word' id='word_1_177' title='bbox 1532 1527 1818 1564; x_wconf 82' lang='lat' dir='ltr'>difficultamur</span> 
     </span>
     <span class='ocr_line' id='line_1_23' title="bbox 501 1585 1818 1634; baseline -0.001 -13"><span class='ocrx_word' id='word_1_178' title='bbox 501 1595 666 1634; x_wconf 89' lang='lat' dir='ltr'>peccato</span> <span class='ocrx_word' id='word_1_179' title='bbox 700 1585 894 1633; x_wconf 85' lang='lat' dir='ltr'>resistere,</span> <span class='ocrx_word' id='word_1_180' title='bbox 928 1587 1003 1623; x_wconf 85' lang='lat' dir='ltr'>hoe</span> <span class='ocrx_word' id='word_1_181' title='bbox 1027 1595 1083 1622; x_wconf 90' lang='lat' dir='ltr'>est</span> <span class='ocrx_word' id='word_1_182' title='bbox 1106 1595 1270 1634; x_wconf 89' lang='lat' dir='ltr'>propter</span> <span class='ocrx_word' id='word_1_183' title='bbox 1292 1595 1501 1634; x_wconf 87' lang='lat' dir='ltr'>peccatum</span> <span class='ocrx_word' id='word_1_184' title='bbox 1528 1587 1745 1634; x_wconf 86' lang='lat' dir='ltr'>precedens</span> <span class='ocrx_word' id='word_1_185' title='bbox 1768 1586 1818 1621; x_wconf 86' lang='lat' dir='ltr'>ad</span> 
     </span>
     <span class='ocr_line' id='line_1_24' title="bbox 503 1643 1819 1692; baseline 0 -13"><span class='ocrx_word' id='word_1_186' title='bbox 503 1644 789 1680; x_wconf 81' lang='lat' dir='ltr'>sufficienciam</span> <span class='ocrx_word' id='word_1_187' title='bbox 813 1644 1084 1692; x_wconf 81' lang='lat' dir='ltr'>indisponens,</span> <span class='ocrx_word' id='word_1_188' title='bbox 1101 1658 1146 1681; x_wconf 90' lang='lat' dir='ltr'>ac</span> <span class='ocrx_word' id='word_1_189' title='bbox 1162 1644 1193 1680; x_wconf 87' lang='lat' dir='ltr'>si</span> <span class='ocrx_word' id='word_1_190' title='bbox 1209 1653 1385 1681; x_wconf 87' lang='lat' dir='ltr'>armatus</span> <span class='ocrx_word' id='word_1_191' title='bbox 1408 1643 1530 1692; x_wconf 87' lang='lat' dir='ltr'>gratis</span> <span class='ocrx_word' id='word_1_192' title='bbox 1549 1656 1588 1680; x_wconf 87' lang='lat' dir='ltr'>se</span> <span class='ocrx_word' id='word_1_193' title='bbox 1603 1643 1819 1681; x_wconf 86' lang='lat' dir='ltr'>abstineret</span> 
     </span>
     <span class='ocr_line' id='line_1_25' title="bbox 504 1701 1820 1751; baseline -0.001 -13"><span class='ocrx_word' id='word_1_194' title='bbox 504 1715 639 1738; x_wconf 89' lang='lat' dir='ltr'>coram</span> <span class='ocrx_word' id='word_1_195' title='bbox 673 1703 785 1739; x_wconf 85' lang='lat' dir='ltr'>hoste</span> <span class='ocrx_word' id='word_1_196' title='bbox 819 1711 855 1738; x_wconf 92' lang='lat' dir='ltr'>et</span> <span class='ocrx_word' id='word_1_197' title='bbox 887 1702 942 1739; x_wconf 88' lang='lat' dir='ltr'>sic</span> <span class='ocrx_word' id='word_1_198' title='bbox 976 1703 1121 1739; x_wconf 88' lang='lat' dir='ltr'>faceret</span> <span class='ocrx_word' id='word_1_199' title='bbox 1145 1715 1184 1739; x_wconf 89' lang='lat' dir='ltr'>se</span> <span class='ocrx_word' id='word_1_200' title='bbox 1206 1702 1470 1751; x_wconf 89' lang='lat' dir='ltr'>impotentem</span> <span class='ocrx_word' id='word_1_201' title='bbox 1496 1702 1696 1747; x_wconf 69' lang='lat' dir='ltr'>resistere:</span> <span class='ocrx_word' id='word_1_202' title='bbox 1730 1701 1820 1737; x_wconf 89' lang='lat' dir='ltr'>ideo</span> 
     </span>
     <span class='ocr_line' id='line_1_26' title="bbox 504 1760 1876 1809; baseline 0 -13"><span class='ocrx_word' id='word_1_203' title='bbox 504 1761 694 1796; x_wconf 90' lang='lat' dir='ltr'>debemus</span> <span class='ocrx_word' id='word_1_204' title='bbox 726 1770 866 1797; x_wconf 86' lang='lat' dir='ltr'>notare</span> <span class='ocrx_word' id='word_1_205' title='bbox 899 1760 1187 1797; x_wconf 88' lang='lat' dir='ltr'>abstinenciam</span> <span class='ocrx_word' id='word_1_206' title='bbox 1227 1769 1405 1797; x_wconf 84' lang='lat' dir='ltr'>nostram</span> <span class='ocrx_word' id='word_1_207' title='bbox 1440 1770 1476 1797; x_wconf 91' lang='lat' dir='ltr'>et</span> <span class='ocrx_word' id='word_1_208' title='bbox 1511 1760 1818 1809; x_wconf 89' lang='lat' dir='ltr'>disposicionem</span> <span class='ocrx_word' id='word_1_209' title='bbox 1837 1764 1876 1796; x_wconf 79' lang='lat'>25</span> 
     </span>
     <span class='ocr_line' id='line_1_27' title="bbox 503 1818 1332 1867; baseline 0.001 -13"><span class='ocrx_word' id='word_1_210' title='bbox 503 1831 581 1866; x_wconf 84' lang='lat' dir='ltr'>qua</span> <span class='ocrx_word' id='word_1_211' title='bbox 615 1831 686 1855; x_wconf 94' lang='lat' dir='ltr'>nos</span> <span class='ocrx_word' id='word_1_212' title='bbox 719 1818 987 1867; x_wconf 88' lang='lat' dir='ltr'>disposuimus</span> <span class='ocrx_word' id='word_1_213' title='bbox 1021 1828 1111 1855; x_wconf 87' lang='lat' dir='ltr'>ante</span> <span class='ocrx_word' id='word_1_214' title='bbox 1144 1832 1332 1867; x_wconf 88' lang='lat' dir='ltr'>pugnam.</span> 
     </span>
     <span class='ocr_line' id='line_1_28' title="bbox 225 1875 1820 1923; baseline 0.001 -13"><span class='ocrx_word' id='word_1_215' title='bbox 225 1884 475 1923; x_wconf 58' lang='lat' dir='ltr'>Siuliesinthe</span> <span class='ocrx_word' id='word_1_216' title='bbox 567 1877 755 1913; x_wconf 83' lang='lat' dir='ltr'>Potencia</span> <span class='ocrx_word' id='word_1_217' title='bbox 798 1889 891 1913; x_wconf 85' lang='lat' dir='ltr'>vero</span> <span class='ocrx_word' id='word_1_218' title='bbox 936 1877 1098 1914; x_wconf 87' lang='lat' dir='ltr'>volitiva</span> <span class='ocrx_word' id='word_1_219' title='bbox 1141 1886 1278 1913; x_wconf 85' lang='lat' dir='ltr'>nostra</span> <span class='ocrx_word' id='word_1_220' title='bbox 1323 1885 1379 1913; x_wconf 92' lang='lat' dir='ltr'>est</span> <span class='ocrx_word' id='word_1_221' title='bbox 1424 1876 1527 1912; x_wconf 87' lang='lat' dir='ltr'>facta</span> <span class='ocrx_word' id='word_1_222' title='bbox 1571 1884 1651 1912; x_wconf 87' lang='lat' dir='ltr'>tam</span> <span class='ocrx_word' id='word_1_223' title='bbox 1697 1875 1820 1911; x_wconf 88' lang='lat' dir='ltr'>libera</span> 
     </span>
     <span class='ocr_line' id='line_1_29' title="bbox 245 1919 1820 1983; baseline 0.001 -15"><span class='ocrx_word' id='word_1_224' title='bbox 245 1920 309 1981; x_wconf 41' lang='lat'>{1:2¹³}</span> <span class='ocrx_word' id='word_1_225' title='bbox 326 1919 456 1981; x_wconf 50' lang='grc' dir='ltr'>ζ’ζάῃξιζε</span> <span class='ocrx_word' id='word_1_226' title='bbox 507 1936 613 1983; x_wconf 87' lang='lat' dir='ltr'>quod</span> <span class='ocrx_word' id='word_1_227' title='bbox 637 1936 770 1971; x_wconf 92' lang='lat' dir='ltr'>nullus</span> <span class='ocrx_word' id='word_1_228' title='bbox 794 1935 970 1983; x_wconf 81' lang='lat' dir='ltr'>angelus,</span> <span class='ocrx_word' id='word_1_229' title='bbox 1006 1937 1132 1971; x_wconf 89' lang='lat' dir='ltr'>bonus</span> <span class='ocrx_word' id='word_1_230' title='bbox 1155 1944 1223 1972; x_wconf 87' lang='lat' dir='ltr'>aut</span> <span class='ocrx_word' id='word_1_231' title='bbox 1247 1935 1387 1981; x_wconf 83' lang='lat' dir='ltr'>malus,</span> <span class='ocrx_word' id='word_1_232' title='bbox 1422 1942 1552 1982; x_wconf 89' lang='lat' dir='ltr'>potest</span> <span class='ocrx_word' id='word_1_233' title='bbox 1576 1933 1655 1970; x_wconf 87' lang='lat' dir='ltr'>iam</span> <span class='ocrx_word' id='word_1_234' title='bbox 1680 1946 1820 1982; x_wconf 88' lang='lat' dir='ltr'>cogere</span> 
     </span>
     <span class='ocr_line' id='line_1_30' title="bbox 505 1991 1821 2042; baseline -0.002 -13"><span class='ocrx_word' id='word_1_235' title='bbox 505 1994 554 2029; x_wconf 83' lang='lat' dir='ltr'>ad</span> <span class='ocrx_word' id='word_1_236' title='bbox 587 1994 814 2030; x_wconf 81' lang='lat' dir='ltr'>volendum.</span> <span class='ocrx_word' id='word_1_237' title='bbox 855 1995 903 2029; x_wconf 88' lang='lat' dir='ltr'>Et</span> <span class='ocrx_word' id='word_1_238' title='bbox 936 2006 1025 2029; x_wconf 90' lang='lat' dir='ltr'>cum</span> <span class='ocrx_word' id='word_1_239' title='bbox 1059 1993 1189 2030; x_wconf 91' lang='lat' dir='ltr'>omnis</span> <span class='ocrx_word' id='word_1_240' title='bbox 1223 1994 1339 2042; x_wconf 90' lang='lat' dir='ltr'>culpa</span> <span class='ocrx_word' id='word_1_241' title='bbox 1372 1992 1538 2029; x_wconf 86' lang='lat' dir='ltr'>actualis</span> <span class='ocrx_word' id='word_1_242' title='bbox 1571 1991 1749 2028; x_wconf 90' lang='lat' dir='ltr'>consistit</span> <span class='ocrx_word' id='word_1_243' title='bbox 1781 1991 1821 2027; x_wconf 91' lang='lat' dir='ltr'>in</span> 
     </span>
     <span class='ocr_line' id='line_1_31' title="bbox 504 2049 1879 2100; baseline -0.001 -13"><span class='ocrx_word' id='word_1_244' title='bbox 504 2051 700 2087; x_wconf 88' lang='lat' dir='ltr'>volicione</span> <span class='ocrx_word' id='word_1_245' title='bbox 745 2051 948 2098; x_wconf 73' lang='lat' dir='ltr'>radicitus,</span> <span class='ocrx_word' id='word_1_246' title='bbox 994 2052 1175 2100; x_wconf 89' lang='lat' dir='ltr'>sequitur</span> <span class='ocrx_word' id='word_1_247' title='bbox 1212 2053 1321 2100; x_wconf 90' lang='lat' dir='ltr'>quod</span> <span class='ocrx_word' id='word_1_248' title='bbox 1358 2064 1437 2087; x_wconf 89' lang='lat' dir='ltr'>non</span> <span class='ocrx_word' id='word_1_249' title='bbox 1476 2059 1606 2098; x_wconf 90' lang='lat' dir='ltr'>potest</span> <span class='ocrx_word' id='word_1_250' title='bbox 1645 2049 1731 2098; x_wconf 91' lang='lat' dir='ltr'>cogi</span> <span class='ocrx_word' id='word_1_251' title='bbox 1770 2050 1820 2086; x_wconf 88' lang='lat' dir='ltr'>ad</span> <span class='ocrx_word' id='word_1_252' title='bbox 1837 2054 1879 2086; x_wconf 76' lang='lat'>30</span> 
     </span>
     <span class='ocr_line' id='line_1_32' title="bbox 506 2108 1819 2158; baseline -0.002 -13"><span class='ocrx_word' id='word_1_253' title='bbox 506 2111 753 2157; x_wconf 82' lang='lat' dir='ltr'>peccandum</span> <span class='ocrx_word' id='word_1_254' title='bbox 799 2118 836 2146; x_wconf 93' lang='lat' dir='ltr'>et</span> <span class='ocrx_word' id='word_1_255' title='bbox 881 2122 950 2158; x_wconf 89' lang='lat' dir='ltr'>per</span> <span class='ocrx_word' id='word_1_256' title='bbox 988 2109 1093 2146; x_wconf 88' lang='lat' dir='ltr'>idem</span> <span class='ocrx_word' id='word_1_257' title='bbox 1132 2110 1242 2146; x_wconf 89' lang='lat' dir='ltr'>nulla</span> <span class='ocrx_word' id='word_1_258' title='bbox 1281 2118 1462 2146; x_wconf 87' lang='lat' dir='ltr'>creatura</span> <span class='ocrx_word' id='word_1_259' title='bbox 1501 2120 1707 2156; x_wconf 80' lang='lat' dir='ltr'>corporea,</span> <span class='ocrx_word' id='word_1_260' title='bbox 1752 2108 1819 2144; x_wconf 91' lang='lat' dir='ltr'>sed</span> 
     </span>
     <span class='ocr_line' id='line_1_33' title="bbox 507 2165 1820 2216; baseline -0.002 -13"><span class='ocrx_word' id='word_1_261' title='bbox 507 2176 563 2203; x_wconf 85' lang='lat' dir='ltr'>est</span> <span class='ocrx_word' id='word_1_262' title='bbox 603 2169 650 2203; x_wconf 91' lang='lat' dir='ltr'>de</span> <span class='ocrx_word' id='word_1_263' title='bbox 689 2168 851 2203; x_wconf 86' lang='lat' dir='ltr'>homine</span> <span class='ocrx_word' id='word_1_264' title='bbox 890 2180 960 2215; x_wconf 89' lang='lat' dir='ltr'>per</span> <span class='ocrx_word' id='word_1_265' title='bbox 999 2168 1203 2204; x_wconf 86' lang='lat' dir='ltr'>diabolum</span> <span class='ocrx_word' id='word_1_266' title='bbox 1249 2176 1449 2216; x_wconf 84' lang='lat' dir='ltr'>superata,</span> <span class='ocrx_word' id='word_1_267' title='bbox 1494 2165 1595 2202; x_wconf 89' lang='lat' dir='ltr'>sicut</span> <span class='ocrx_word' id='word_1_268' title='bbox 1634 2166 1734 2202; x_wconf 90' lang='lat' dir='ltr'>foret</span> <span class='ocrx_word' id='word_1_269' title='bbox 1773 2166 1820 2200; x_wconf 88' lang='lat' dir='ltr'>de</span> 
     </span>
     <span class='ocr_line' id='line_1_34' title="bbox 506 2223 1912 2281; baseline -0.001 -20"><span class='ocrx_word' id='word_1_270' title='bbox 506 2234 727 2273; x_wconf 76' lang='lat' dir='ltr'>pugnatore</span> <span class='ocrx_word' id='word_1_271' title='bbox 766 2234 894 2262; x_wconf 86' lang='lat' dir='ltr'>stante</span> <span class='ocrx_word' id='word_1_272' title='bbox 932 2227 981 2262; x_wconf 85' lang='lat' dir='ltr'>ad</span> <span class='ocrx_word' id='word_1_273' title='bbox 1021 2234 1177 2274; x_wconf 88' lang='lat' dir='ltr'>tempus</span> <span class='ocrx_word' id='word_1_274' title='bbox 1221 2225 1355 2262; x_wconf 83' lang='lat' dir='ltr'>fractis</span> <span class='ocrx_word' id='word_1_275' title='bbox 1394 2223 1516 2261; x_wconf 81' lang='lat' dir='ltr'>armis</span> <span class='ocrx_word' id='word_1_276' title='bbox 1555 2223 1594 2260; x_wconf 91' lang='lat' dir='ltr'>in</span> <span class='ocrx_word' id='word_1_277' title='bbox 1633 2236 1819 2271; x_wconf 84' lang='lat' dir='ltr'>aggressu</span> <span class='ocrx_word' id='word_1_278' title='bbox 1837 2250 1912 2281; x_wconf 42' lang='lat' dir='ltr'>Fol-</span> 
     </span>
     <span class='ocr_line' id='line_1_35' title="bbox 508 2278 1917 2334; baseline -0.001 -16"><span class='ocrx_word' id='word_1_279' title='bbox 508 2293 801 2330; x_wconf 81' lang='lat' dir='ltr'>momentaneo,</span> <span class='ocrx_word' id='word_1_280' title='bbox 848 2283 914 2331; x_wconf 93' lang='lat' dir='ltr'>qui</span> <span class='ocrx_word' id='word_1_281' title='bbox 955 2293 1168 2332; x_wconf 79' lang='lat' dir='ltr'>exponeret</span> <span class='ocrx_word' id='word_1_282' title='bbox 1207 2285 1349 2331; x_wconf 89' lang='lat' dir='ltr'>pedem</span> <span class='ocrx_word' id='word_1_283' title='bbox 1390 2292 1427 2319; x_wconf 89' lang='lat' dir='ltr'>et</span> <span class='ocrx_word' id='word_1_284' title='bbox 1464 2295 1576 2319; x_wconf 86' lang='lat' dir='ltr'>arma</span> <span class='ocrx_word' id='word_1_285' title='bbox 1605 2278 1608 2334; x_wconf 86' lang='grc' dir='ltr'>Ι</span> <span class='ocrx_word' id='word_1_286' title='bbox 1639 2281 1820 2318; x_wconf 85' lang='lat' dir='ltr'>faciendo</span> <span class='ocrx_word' id='word_1_287' title='bbox 1837 2296 1917 2333; x_wconf 53' lang='lat' dir='ltr'>3¹30st</span> 
     </span>
     <span class='ocr_line' id='line_1_36' title="bbox 506 2341 1876 2389; baseline -0.001 -13"><span class='ocrx_word' id='word_1_288' title='bbox 506 2341 660 2388; x_wconf 73' lang='lat' dir='ltr'>signum</span> <span class='ocrx_word' id='word_1_289' title='bbox 696 2341 923 2378; x_wconf 83' lang='lat' dir='ltr'>adversario</span> <span class='ocrx_word' id='word_1_290' title='bbox 957 2343 1064 2389; x_wconf 89' lang='lat' dir='ltr'>quod</span> <span class='ocrx_word' id='word_1_291' title='bbox 1097 2342 1214 2377; x_wconf 82' lang='lat' dir='ltr'>vellet</span> <span class='ocrx_word' id='word_1_292' title='bbox 1246 2354 1286 2377; x_wconf 89' lang='lat' dir='ltr'>se</span> <span class='ocrx_word' id='word_1_293' title='bbox 1320 2342 1498 2377; x_wconf 88' lang='lat' dir='ltr'>reddere.</span> <span class='ocrx_word' id='word_1_294' title='bbox 1837 2343 1876 2376; x_wconf 72' lang='lat'>35</span> 
     </span>
     <span class='ocr_line' id='line_1_37' title="bbox 566 2397 1818 2447; baseline -0.002 -12"><span class='ocrx_word' id='word_1_295' title='bbox 566 2401 636 2435; x_wconf 83' lang='lat' dir='ltr'>Pes</span> <span class='ocrx_word' id='word_1_296' title='bbox 660 2399 787 2436; x_wconf 86' lang='lat' dir='ltr'>dictus</span> <span class='ocrx_word' id='word_1_297' title='bbox 821 2408 877 2435; x_wconf 90' lang='lat' dir='ltr'>est</span> <span class='ocrx_word' id='word_1_298' title='bbox 900 2399 1063 2436; x_wconf 80' lang='lat' dir='ltr'>affeccio</span> <span class='ocrx_word' id='word_1_299' title='bbox 1088 2413 1166 2447; x_wconf 87' lang='lat' dir='ltr'>qua</span> <span class='ocrx_word' id='word_1_300' title='bbox 1196 2399 1421 2435; x_wconf 80' lang='lat' dir='ltr'>inordinate</span> <span class='ocrx_word' id='word_1_301' title='bbox 1445 2397 1646 2446; x_wconf 85' lang='lat' dir='ltr'>appetitur</span> <span class='ocrx_word' id='word_1_302' title='bbox 1669 2399 1818 2433; x_wconf 88' lang='lat' dir='ltr'>bonum</span> 
     </span>
     <span class='ocr_line' id='line_1_38' title="bbox 506 2454 1819 2505; baseline -0.002 -13"><span class='ocrx_word' id='word_1_303' title='bbox 506 2457 668 2505; x_wconf 82' lang='lat' dir='ltr'>aliquod</span> <span class='ocrx_word' id='word_1_304' title='bbox 704 2467 842 2494; x_wconf 81' lang='lat' dir='ltr'>contra</span> <span class='ocrx_word' id='word_1_305' title='bbox 876 2458 1051 2494; x_wconf 79' lang='lat' dir='ltr'>divinum</span> <span class='ocrx_word' id='word_1_306' title='bbox 1088 2458 1380 2505; x_wconf 78' lang='lat' dir='ltr'>beneplacitum</span> <span class='ocrx_word' id='word_1_307' title='bbox 1416 2456 1523 2492; x_wconf 80' lang='lat' dir='ltr'>iuxta</span> <span class='ocrx_word' id='word_1_308' title='bbox 1552 2456 1649 2491; x_wconf 91' lang='lat' dir='ltr'>illud</span> <span class='ocrx_word' id='word_1_309' title='bbox 1674 2454 1819 2492; x_wconf 86' lang='lat' dir='ltr'>Psalmi</span> 
     </span>
     <span class='ocr_line' id='line_1_39' title="bbox 508 2514 1820 2564; baseline -0.002 -14"><span class='ocrx_word' id='word_1_310' title='bbox 508 2517 680 2561; x_wconf 65' lang='lat' dir='ltr'>xxxw,</span> <span class='ocrx_word' id='word_1_311' title='bbox 712 2526 772 2561; x_wconf 77' lang='lat'>12,</span> <span class='ocrx_word' id='word_1_312' title='bbox 806 2516 870 2551; x_wconf 79' lang='lat'>13:</span> <span class='ocrx_word' id='word_1_313' title='bbox 915 2517 998 2551; x_wconf 83' lang='lat' dir='ltr'>Non</span> <span class='ocrx_word' id='word_1_314' title='bbox 1034 2516 1157 2551; x_wconf 73' lang='lat' dir='ltr'>venial</span> <span class='ocrx_word' id='word_1_315' title='bbox 1191 2516 1284 2551; x_wconf 70' lang='lat' dir='ltr'>milti</span> <span class='ocrx_word' id='word_1_316' title='bbox 1312 2528 1380 2564; x_wconf 76' lang='lat' dir='ltr'>pes</span> <span class='ocrx_word' id='word_1_317' title='bbox 1411 2514 1588 2563; x_wconf 69' lang='lat' dir='ltr'>superbie</span> <span class='ocrx_word' id='word_1_318' title='bbox 1619 2521 1653 2549; x_wconf 82' lang='lat' dir='ltr'>et</span> <span class='ocrx_word' id='word_1_319' title='bbox 1686 2525 1820 2549; x_wconf 77' lang='lat' dir='ltr'>manns</span> 
     </span>
     <span class='ocr_line' id='line_1_40' title="bbox 503 2571 1823 2621; baseline -0.002 -13"><span class='ocrx_word' id='word_1_320' title='bbox 503 2574 720 2621; x_wconf 69' lang='lat' dir='ltr'>peccamris</span> <span class='ocrx_word' id='word_1_321' title='bbox 765 2587 836 2609; x_wconf 76' lang='lat'><em>11011</em></span> <span class='ocrx_word' id='word_1_322' title='bbox 889 2582 1038 2609; x_wconf 69' lang='lat' dir='ltr'>nmvea!</span> <span class='ocrx_word' id='word_1_323' title='bbox 1084 2587 1163 2614; x_wconf 76' lang='lat' dir='ltr'>me,-</span> <span class='ocrx_word' id='word_1_324' title='bbox 1214 2574 1266 2609; x_wconf 78' lang='lat' dir='ltr'>ihi</span> <span class='ocrx_word' id='word_1_325' title='bbox 1313 2573 1530 2609; x_wconf 74' lang='lat' dir='ltr'>ceciderunt</span> <span class='ocrx_word' id='word_1_326' title='bbox 1583 2584 1713 2608; x_wconf 70' lang='lat' dir='ltr'>omnes</span> <span class='ocrx_word' id='word_1_327' title='bbox 1758 2571 1823 2619; x_wconf 78' lang='lat' dir='ltr'>qni</span> 
     </span>
     <span class='ocr_line' id='line_1_41' title="bbox 507 2629 1877 2679; baseline -0.001 -14"><span class='ocrx_word' id='word_1_328' title='bbox 507 2639 718 2679; x_wconf 69' lang='lat' dir='ltr'>operantur</span> <span class='ocrx_word' id='word_1_329' title='bbox 755 2632 988 2679; x_wconf 73' lang='lat' dir='ltr'>iniquitatem</span> <span class='ocrx_word' id='word_1_330' title='bbox 1058 2633 1170 2668; x_wconf 81' lang='lat' dir='ltr'>Unde</span> <span class='ocrx_word' id='word_1_331' title='bbox 1210 2631 1468 2667; x_wconf 79' lang='lat' dir='ltr'>conformiter</span> <span class='ocrx_word' id='word_1_332' title='bbox 1507 2638 1562 2665; x_wconf 79' lang='lat' dir='ltr'>est</span> <span class='ocrx_word' id='word_1_333' title='bbox 1602 2631 1648 2665; x_wconf 86' lang='lat' dir='ltr'>de</span> <span class='ocrx_word' id='word_1_334' title='bbox 1680 2629 1877 2672; x_wconf 79' lang='lat' dir='ltr'>ordinc40</span> 
     </span>
    </p>
   </div>
   <div class='ocr_carea' id='block_1_3' title="bbox 507 2786 1819 2927">
    <p class='ocr_par' dir='ltr' id='par_1_3' title="bbox 507 2786 1819 2927">
     <span class='ocr_line' id='line_1_42' title="bbox 577 2786 1819 2823; baseline 0 -10"><span class='ocrx_word' id='word_1_335' title='bbox 577 2788 600 2813; x_wconf 66' lang='lat'>3.</span> <span class='ocrx_word' id='word_1_336' title='bbox 622 2788 664 2814; x_wconf 74' lang='lat' dir='ltr'>A:</span> <span class='ocrx_word' id='word_1_337' title='bbox 682 2791 782 2823; x_wconf 67' lang='lat' dir='ltr'>polest</span> <span class='ocrx_word' id='word_1_338' title='bbox 801 2788 895 2815; x_wconf 71' lang='lat' dir='ltr'>deest.</span> <span class='ocrx_word' id='word_1_339' title='bbox 951 2788 976 2815; x_wconf 31' lang='lat'>5⁷</span> <span class='ocrx_word' id='word_1_340' title='bbox 1005 2787 1031 2814; x_wconf 61' lang='lat'>8.</span> <span class='ocrx_word' id='word_1_341' title='bbox 1050 2789 1092 2814; x_wconf 71' lang='lat' dir='ltr'>A:</span> <span class='ocrx_word' id='word_1_342' title='bbox 1114 2796 1183 2814; x_wconf 70' lang='lat' dir='ltr'>nam</span> <span class='ocrx_word' id='word_1_343' title='bbox 1199 2788 1326 2814; x_wconf 68' lang='lat' dir='ltr'>ius-lum-</span> <span class='ocrx_word' id='word_1_344' title='bbox 1348 2787 1487 2821; x_wconf 31' lang='lat' dir='ltr'>*perculi</span> <span class='ocrx_word' id='word_1_345' title='bbox 1499 2787 1593 2813; x_wconf 80' lang='lat' dir='ltr'>deest.</span> <span class='ocrx_word' id='word_1_346' title='bbox 1651 2786 1689 2813; x_wconf 63' lang='lat'>18.</span> <span class='ocrx_word' id='word_1_347' title='bbox 1713 2786 1753 2813; x_wconf 57' lang='lat'>1³:</span> <span class='ocrx_word' id='word_1_348' title='bbox 1775 2786 1819 2813; x_wconf 78' lang='lat' dir='ltr'>in-</span> 
     </span>
     <span class='ocr_line' id='line_1_43' title="bbox 508 2820 1818 2857; baseline -0.002 -8"><span class='ocrx_word' id='word_1_349' title='bbox 508 2823 653 2849; x_wconf 65' lang='lat' dir='ltr'>elder-enl.</span> <span class='ocrx_word' id='word_1_350' title='bbox 756 2830 800 2857; x_wconf 64' lang='grc' dir='ltr'>Ξῖ.</span> <span class='ocrx_word' id='word_1_351' title='bbox 822 2824 865 2849; x_wconf 88' lang='grc' dir='ltr'>Α;</span> <span class='ocrx_word' id='word_1_352' title='bbox 894 2823 999 2850; x_wconf 71' lang='lat' dir='ltr'>ultima</span> <span class='ocrx_word' id='word_1_353' title='bbox 1021 2826 1137 2849; x_wconf 45' lang='grc' dir='ltr'>ηομ-[να.</span> <span class='ocrx_word' id='word_1_354' title='bbox 1241 2823 1285 2848; x_wconf 55' lang='lat'>28.</span> <span class='ocrx_word' id='word_1_355' title='bbox 1308 2823 1350 2848; x_wconf 92' lang='grc' dir='ltr'>Λ.·</span> <span class='ocrx_word' id='word_1_356' title='bbox 1379 2830 1469 2857; x_wconf 70' lang='lat' dir='ltr'>quam</span> <span class='ocrx_word' id='word_1_357' title='bbox 1490 2822 1608 2853; x_wconf 81' lang='lat' dir='ltr'>nullus;</span> <span class='ocrx_word' id='word_1_358' title='bbox 1633 2821 1672 2847; x_wconf 85' lang='lat' dir='ltr'>ib.</span> <span class='ocrx_word' id='word_1_359' title='bbox 1696 2820 1737 2848; x_wconf 72' lang='lat' dir='ltr'>D:</span> <span class='ocrx_word' id='word_1_360' title='bbox 1762 2821 1818 2847; x_wconf 75' lang='lat' dir='ltr'>vel.</span> 
     </span>
     <span class='ocr_line' id='line_1_44' title="bbox 508 2855 1817 2891; baseline -0.002 -7"><span class='ocrx_word' id='word_1_361' title='bbox 508 2858 545 2884; x_wconf 74' lang='lat'>31.</span> <span class='ocrx_word' id='word_1_362' title='bbox 569 2859 611 2884; x_wconf 72' lang='lat' dir='ltr'>(ix</span> <span class='ocrx_word' id='word_1_363' title='bbox 638 2860 784 2884; x_wconf 74' lang='lat' dir='ltr'>creatura</span> <span class='ocrx_word' id='word_1_364' title='bbox 805 2860 921 2884; x_wconf 72' lang='lat' dir='ltr'>creata.</span> <span class='ocrx_word' id='word_1_365' title='bbox 1041 2857 1083 2885; x_wconf 72' lang='lat'>32.</span> <span class='ocrx_word' id='word_1_366' title='bbox 1106 2858 1149 2883; x_wconf 86' lang='lat' dir='ltr'>A:</span> <span class='ocrx_word' id='word_1_367' title='bbox 1176 2860 1331 2891; x_wconf 72' lang='lat' dir='ltr'>superam.</span> <span class='ocrx_word' id='word_1_368' title='bbox 1458 2855 1500 2883; x_wconf 74' lang='lat'>33.</span> <span class='ocrx_word' id='word_1_369' title='bbox 1522 2856 1564 2883; x_wconf 85' lang='lat' dir='ltr'>D:</span> <span class='ocrx_word' id='word_1_370' title='bbox 1589 2856 1697 2882; x_wconf 74' lang='lat' dir='ltr'>strall&#39;x</span> <span class='ocrx_word' id='word_1_371' title='bbox 1715 2856 1817 2882; x_wconf 71' lang='lat' dir='ltr'>armis.</span> 
     </span>
     <span class='ocr_line' id='line_1_45' title="bbox 507 2891 1696 2927; baseline -0.002 -8"><span class='ocrx_word' id='word_1_372' title='bbox 507 2892 548 2919; x_wconf 78' lang='lat'>35.</span> <span class='ocrx_word' id='word_1_373' title='bbox 571 2894 613 2919; x_wconf 91' lang='lat' dir='ltr'>A:</span> <span class='ocrx_word' id='word_1_374' title='bbox 643 2893 713 2919; x_wconf 74' lang='lat' dir='ltr'>velit</span> <span class='ocrx_word' id='word_1_375' title='bbox 730 2901 770 2918; x_wconf 69' lang='lat' dir='ltr'>se.</span> <span class='ocrx_word' id='word_1_376' title='bbox 844 2891 887 2927; x_wconf 75' lang='lat'>37.</span> <span class='ocrx_word' id='word_1_377' title='bbox 912 2892 983 2919; x_wconf 74' lang='lat' dir='ltr'>DC:</span> <span class='ocrx_word' id='word_1_378' title='bbox 1012 2892 1090 2919; x_wconf 68' lang='lat' dir='ltr'>illud</span> <span class='ocrx_word' id='word_1_379' title='bbox 1108 2893 1201 2918; x_wconf 69' lang='lat' dir='ltr'>deest.</span> <span class='ocrx_word' id='word_1_380' title='bbox 1275 2891 1321 2925; x_wconf 57' lang='grc' dir='ltr'>ὃς).</span> <span class='ocrx_word' id='word_1_381' title='bbox 1345 2891 1417 2918; x_wconf 65' lang='lat' dir='ltr'>HG:</span> <span class='ocrx_word' id='word_1_382' title='bbox 1448 2891 1496 2918; x_wconf 77' lang='lat' dir='ltr'>illi</span> <span class='ocrx_word' id='word_1_383' title='bbox 1511 2891 1696 2917; x_wconf 68' lang='lat' dir='ltr'>acciderunt.</span> 
     </span>
    </p>
   </div>
  </div>
 </body>
</html>
