2062 3276
231 250 366 279 SERMO
388 240 511 297 XLVI]
711 253 904 292 QUARTA
930 253 1056 285 PARS.

230 359 485 396 iniuriantem
521 360 728 396 restituere
759 359 820 396 vel
852 359 975 396 tercio
999 372 1042 395 ex
1066 359 1221 396 defectu
1254 359 1542 396 satisfacciouis

230 417 425 466 penaliter
467 419 588 454 luere.
635 420 736 455 Cum
783 429 878 465 ergo
922 417 1080 454 iusticia
1120 427 1156 454 et
1190 417 1437 454 sufficiencia
1470 418 1541 454 Dei

230 488 310 512 non
344 485 511 524 possunt
545 476 727 522 deficere,
772 488 852 511 non
891 484 1012 512 restat
1052 475 1127 513 nisi
1166 477 1335 512 alterum
1368 477 1541 512 duorum

228 534 509 582 sequencium:
554 535 614 570 vel
659 536 742 570 Deo
787 533 1016 570 satisfacere
1059 535 1120 570 vel
1163 533 1376 570 tormentis
1419 533 1541 579 luere,

195 594 211 626 5
229 604 320 628 cum
344 593 618 640 subterfugere
640 591 689 628 sit
712 591 970 639 impossibile.
1006 594 1053 627 Et
1074 593 1171 628 tales
1195 591 1542 628 consideraciones

230 652 442 686 movebant
486 659 616 698 patres
656 649 865 698 utriusque
905 650 1130 686 testamenti
1170 662 1312 698 capere
1346 651 1394 686 de
1427 649 1541 686 bonis

228 708 300 744 Dei
333 717 528 756 quantum
569 717 626 744 est
666 707 720 744 eis
759 707 1029 744 necessarium
1064 709 1112 744 ad
1148 708 1219 744 Dei
1258 707 1540 753 ministerium,

227 766 395 803 scientes
439 767 547 815 quod
591 775 748 814 oportet
793 778 860 802 eos
905 767 1000 803 dare
1044 766 1118 802 sibi
1158 767 1206 802 de
1249 775 1334 803 toto
1379 775 1542 815 recepto

227 824 407 861 strictum
456 834 702 872 compotum.
753 826 866 861 Unde
914 824 1072 873 sapiens
1116 825 1308 861 Salomon
1353 826 1540 861 Proverb.

173 897 211 918 10
226 884 365 929 XXX0‚
396 884 438 920 8:
474 883 648 919 Divicias
680 890 715 919 et
748 883 1030 919 mendicitatem
1065 895 1109 918 ne
1142 882 1296 919 dederis
1328 884 1445 919 michi
1474 884 1543 919 sed

225 949 372 978 tantum
408 943 524 978 victui
554 953 636 977 meo
669 941 793 977 tribue
825 941 1053 977 necessaria.
1089 943 1136 977 Et
1160 942 1373 989 Apostolus
1398 943 1409 977 Ι
1433 941 1538 978 Tim.

224 1001 310 1049 V10‚
346 1002 389 1038 8:
429 1000 625 1037 Habentes
663 1011 760 1050 ergo
799 999 979 1036 alimenta
1013 1006 1048 1035 et
1080 999 1213 1048 quibus
1251 1006 1435 1050 tegamur
1467 1000 1538 1037 hiis

223 1060 388 1097 contenti
416 1060 546 1097 simus.

281 1121 362 1155 Nec
401 1117 599 1154 dubitabit
644 1116 865 1153 catholicus
905 1116 1001 1164 quin
1041 1115 1172 1151 omnis
1212 1116 1451 1153 criminosus
1484 1117 1535 1153 sit

172 1184 207 1216 15
223 1177 337 1225 quasi
382 1175 563 1224 proditor
608 1175 788 1223 capitalis
827 1174 979 1210 domini
1018 1187 1097 1210 non
1136 1173 1375 1222 requirentis
1415 1175 1535 1212 aliam

224 1234 526 1272 excusacionem
578 1234 746 1282 legalem
800 1246 872 1281 pro
926 1232 1080 1269 iusticie
1133 1234 1445 1280 complemento,
1499 1233 1538 1269 in

223 1302 418 1341 quantum
453 1292 542 1328 talis
574 1291 718 1328 iniuste
751 1300 923 1339 occupat
955 1292 1061 1327 bona
1084 1290 1169 1327 Dei.
1204 1291 1245 1327 Si
1278 1291 1383 1327 enim
1418 1293 1539 1328 homo

223 1350 426 1388 devenerit
459 1352 509 1386 ad
541 1350 687 1396 lucem,
727 1359 821 1385 tunc
861 1357 1082 1397 patesceret
1120 1349 1342 1397 occupacio
1376 1349 1538 1395 iniusta,

223 1411 290 1446 sed
330 1422 376 1445 eo
414 1408 501 1456 ipso
547 1421 626 1456 quo
672 1407 727 1444 sic
772 1416 962 1455 peccatur
1006 1406 1112 1443 venit
1153 1408 1202 1443 ad
1243 1408 1374 1444 lucem
1416 1418 1452 1444 et
1490 1409 1539 1444 ad

167 1484 207 1505 20
224 1467 294 1504 Dei
327 1466 452 1503 nostri
486 1466 701 1506 iudicium:
748 1465 838 1502 ideo
883 1465 968 1501 sine
1012 1465 1312 1513 interrupcione
1344 1466 1540 1514 temporis

222 1534 331 1574 patet
383 1524 531 1560 iniuria
583 1526 717 1572 quoad
763 1537 866 1560 eum.
922 1524 1014 1559 Ideo
1048 1525 1153 1559 Deus
1198 1523 1293 1560 facit
1337 1525 1384 1560 de
1429 1524 1539 1560 omni

222 1583 369 1620 iniusto
422 1582 652 1619 immediate
704 1581 859 1618 iusticie
913 1582 1269 1630 complementum,
1328 1583 1539 1619 tolerando

222 1651 358 1678 tamen
390 1640 706 1689 occupacionem
740 1639 948 1686 iniustam3
983 1653 1063 1676 non
1092 1649 1261 1688 negatur
1284 1650 1418 1677 tamen
1443 1641 1540 1689 quin

223 1699 415 1747 contingit
448 1698 709 1736 criminosum
744 1699 874 1735 facere
908 1711 998 1734 cum
1033 1697 1146 1734 bonis
1170 1699 1242 1734 Dei
1276 1700 1401 1735 multa
1434 1701 1540 1736 bona

166 1765 205 1797 25
223 1760 270 1794 de
293 1770 437 1806 genere
459 1757 552 1794 licet
576 1758 698 1803 male3
738 1769 810 1793 nec
845 1766 1012 1804 negatur
1048 1756 1146 1805 quin
1178 1756 1270 1793 licet
1303 1759 1448 1794 habere
1481 1770 1538 1794 se-

223 1816 412 1853 culariter
446 1816 591 1851 multas
615 1815 792 1862 divicias,
826 1814 926 1850 sicut
961 1824 1070 1862 patet
1104 1816 1151 1850 de
1174 1816 1394 1861 Abraham,
1421 1817 1537 1862 Loth,

222 1876 308 1920 Job,
355 1873 482 1910 David
516 1882 552 1910 et
592 1873 732 1910 ceteris
777 1873 1037 1921 patriarchis3
1091 1874 1159 1909 sed
1204 1883 1342 1910 caveat
1388 1875 1538 1910 mundo

224 1932 332 1968 dives
377 1933 485 1980 quod
525 1944 664 1968 omnes
703 1944 772 1967 sue
813 1930 954 1967 divicie
993 1931 1070 1967 sint
1109 1931 1183 1966 sibi
1221 1932 1446 1968 necessarie
1478 1932 1539 1968 vel

224 1990 340 2026 utiles
373 1991 422 2026 ad
456 1989 668 2026 servicium
704 1989 881 2025 divinum
918 2001 1139 2037 congruum
1174 2002 1246 2026 suo
1279 1990 1401 2026 statui
1426 2002 1539 2038 pera-

167 2055 209 2087 30
223 2050 412 2096 gendum.
447 2049 595 2085 Caveat
628 2049 805 2084 secundo
839 2049 945 2096 quod
980 2061 1061 2084 non
1084 2057 1255 2096 occupet
1279 2047 1443 2085 divicias
1466 2062 1538 2096 pro

222 2107 326 2143 fastu
350 2106 472 2143 seculi
495 2107 556 2143 vel
579 2106 758 2155 corporis
792 2107 1011 2154 voluptate,
1047 2115 1083 2143 et
1116 2106 1248 2143 videat
1281 2106 1407 2143 tercio
1431 2108 1539 2155 quod

222 2178 295 2202 nec
319 2164 553 2202 diviciarum
578 2165 818 2213 impetracio
842 2177 914 2202 nec
937 2177 1074 2200 earum
1099 2165 1320 2213 occupacio
1344 2164 1539 2202 distrahat

224 2236 246 2260 a
279 2223 447 2260 servicio
481 2225 564 2260 Deo
605 2223 759 2269 debit0;
805 2236 877 2260 nec
910 2231 1089 2259 vertatur
1122 2223 1195 2260 sibi
1229 2223 1268 2260 in
1302 2224 1536 2260 scandalum

224 2282 263 2317 in
296 2283 493 2318 servando
534 2283 769 2318 mandatum
812 2281 1075 2318 dominicum.
1122 2281 1280 2318 Abiciat
1314 2282 1449 2330 itaque
1481 2295 1539 2319 se-

168 2345 207 2378 35
225 2340 371 2376 cularis
405 2341 539 2376 dolum
576 2339 615 2376 in
647 2340 952 2388 impetracione‚
986 2340 1282 2377 solicitudinem
1317 2340 1539 2377 distrahen-

129 2392 208 2450 fol·
225 2407 302 2434 tem
333 2397 338 2447 Ι
367 2411 389 2434 a
413 2399 521 2434 cultu
547 2401 629 2434 Deo
654 2398 789 2435 debito
823 2398 863 2434 in
896 2398 1182 2446 occupacione‚
1218 2408 1255 2435 et
1288 2400 1470 2436 dolorem
1495 2412 1538 2435 ex

224 2469 362 2493 amore
395 2456 626 2493 inordinato
659 2456 699 2492 in
731 2456 1018 2504 temporalium
1054 2457 1300 2503 desercione7
1335 2466 1372 2494 et
1395 2458 1539 2494 babeat

225 2514 421 2562 quotlibet
454 2515 697 2563 temporalia
731 2514 827 2551 satis
859 2527 1009 2551 secure.

295 2691 319 2710 2.
342 2683 382 2710 D:
404 2683 512 2719 igitur.
620 2683 644 2711 5.
669 2684 712 2711 H:
740 2684 788 2711 vel
803 2684 1031 2719 subterfugere.
1141 2685 1168 2710 6.
1190 2683 1234 2711 H:
1261 2683 1426 2711 movebant
1444 2684 1537 2711 deest.

225 2719 252 2745 ὃ.
283 2718 324 2745 D:
359 2718 394 2745 de
426 2721 490 2745 toto
523 2719 616 2745 deest.
760 2726 788 2753 9.
819 2719 861 2745 D:
893 2719 1110 2753 compositum;
1142 2719 1182 2745 ib.
1213 2718 1256 2745 H:
1289 2720 1414 2754 sapiens
1443 2719 1536 2746 deest.

225 2761 253 2787 9,
276 2761 316 2780 10.
340 2752 382 2779 G:
406 2752 494 2780 Prov.
516 2753 566 2780 III.
659 2761 691 2780 11.
716 2753 758 2781 G:
780 2753 924 2781 retribue.
1018 2761 1054 2780 12.
1078 2753 1118 2780 D:
1141 2753 1248 2789 igitur.
1336 2762 1378 2786 14.
1399 2754 1443 2793 A?
1464 2753 1536 2789 quin

225 2788 325 2819 deest:
347 2788 386 2815 ib.
404 2787 507 2815 DGH:
529 2796 594 2815 cum
608 2789 658 2815 sit.
731 2788 767 2816 15.
785 2787 890 2816 DGH:
911 2788 1004 2824 quasi
1021 2788 1114 2815 deest.
1189 2792 1229 2815 10.
1246 2789 1290 2815 A:
1311 2796 1535 2815 execuczonem.

226 2822 265 2850 13.
281 2823 323 2849 D:
340 2822 467 2858 paterit.
524 2831 569 2850 20.
585 2823 688 2850 ADG:
710 2823 753 2850 ad
770 2823 912 2850 divinum.
969 2830 1007 2850 21.
1026 2823 1068 2850 G:
1091 2822 1194 2858 quoad
1206 2823 1312 2850 Deum.
1369 2830 1411 2850 22.
1428 2822 1471 2850 H:
1492 2823 1537 2849 in-

225 2857 305 2884 iusto
326 2860 374 2890 et;
394 2857 434 2884 ib.
457 2857 498 2884 H:
521 2858 666 2885 tollendo.
740 2857 781 2885 25.
804 2857 876 2885 DG:
899 2865 959 2885 non
980 2860 1124 2894 negatur.
1199 2857 1237 2885 31.
1258 2857 1302 2885 H:
1323 2858 1420 2884 tercio
1442 2858 1536 2884 deest.

225 2890 268 2919 33.
289 2891 363 2919 DG:
385 2891 447 2918 Dei
463 2891 538 2920 Deo.
611 2890 652 2919 35.
675 2893 718 2920 H:
739 2893 769 2919 in
791 2892 884 2920 deest.
958 2891 1004 2919 36.
1028 2891 1070 2919 G:
1092 2892 1160 2919 Dei.

1566 1121 1665 1158 Every
1687 1122 1803 1149 wiclted

1553 1164 1622 1183 man
1641 1157 1667 1184 is
1686 1165 1701 1183 a
1719 1157 1827 1184 traitor

1591 1196 1622 1218 to
1644 1192 1714 1219 God
1736 1192 1795 1220 and

1612 1227 1703 1255 holds
1724 1227 1772 1254 his

1597 1262 1796 1297 possessions

1597 1297 1794 1333 wrongfully.

1585 1806 1669 1834 True
1689 1816 1744 1834 use
1764 1807 1798 1834 of

1636 1842 1746 1870 siches.
