2062 3276
215 251 350 281 smnio
372 242 455 299 vu]
694 255 883 294 QUARTA
914 257 1039 288 PARs.

273 361 475 403 Similiter,
501 361 606 398 iuxta
635 361 754 402 dieta,
789 361 890 398 sicut
913 362 1048 398 omnia
1071 375 1192 410 opera
1217 363 1524 400 christianorum

215 421 359 455 debent
392 419 432 454 in
467 419 632 455 caritate
666 419 763 459 fieri,
798 418 852 455 sic
884 419 1006 456 nichil
1040 421 1140 456 valet
1164 434 1265 468 opus
1288 421 1363 457 nisi
1388 435 1526 458 secun-

215 478 309 513 dum
344 476 609 513 intencionem
657 489 733 525 que
779 477 943 514 fundata
990 478 1106 514 fucrit
1151 478 1189 514 in
1235 478 1413 525 caritate,
1459 481 1525 516 sed

215 535 322 571 iuxta
355 534 610 571 condiciones
642 534 814 571 sedecim
855 535 1031 572 caritatis
1070 536 1165 572 illud
1206 549 1306 584 opus
1347 546 1402 573 est
1436 550 1528 574 con-

216 592 382 629 trarium
418 592 589 639 caritati,
624 605 716 640 ergo
750 594 889 629 fratres
922 606 998 629 non
1035 595 1179 630 debent
1208 594 1339 642 ipsum
1364 604 1406 631 ut
1430 596 1527 632 cari-

217 660 339 687 tatem
374 650 565 686 adiuvans
600 659 635 686 et
669 650 779 698 regni
814 651 1070 687 beatitudinis
1103 652 1342 689 lucrativum
1376 654 1527 701 populo

217 708 431 756 publicare.
468 708 573 754 Quid
614 718 740 756 ‹rogo›
775 707 882 745 iuvat
906 710 955 745 ad
980 709 1188 746 caritatem
1214 712 1321 759 quod
1356 712 1527 759 populus

215 766 372 802 occidat
405 779 445 802 se
479 766 683 813 reciproce
715 767 775 802 rel
808 768 915 814 quod
949 780 1021 814 pro
1054 768 1229 816 primatu
1264 768 1455 816 ambiguo
1478 769 1527 806 sit

184 824 483 863 ,contendens'e
537 825 651 860 Unde
699 824 854 860 videtur
903 825 1050 869 multis,
1104 839 1193 862 cum
1244 839 1347 874 papa
1396 837 1527 874 posset

162 897 200 917 Η)

162 1176 197 1208 15

216 882 383 918 faciliter
414 881 497 917 sine
531 895 601 918 sua
634 882 980 930 depauperacione
1012 884 1071 920 vel
1105 884 1207 920 facta
1240 884 1385 921 iniuria
1409 885 1525 922 alicui

214 952 353 976 omnes
386 939 586 975 subiectos
619 952 711 976 suos
745 953 766 976 a
799 953 901 988 pena
935 950 971 976 et
1005 942 1122 989 culpa
1146 943 1364 989 absolvere,
1398 942 1527 980 iniun-

215 999 344 1045 gendo
376 1010 476 1045 opus
508 1006 694 1034 neutrum
728 998 787 1034 vel
821 1000 969 1034 bonum
1009 1000 1056 1036 de
1094 1012 1251 1047 genere,
1297 1002 1404 1049 quod
1443 1014 1527 1037 om-

214 1056 308 1091 nino
342 1055 483 1091 excidit
517 1068 537 1092 a
572 1055 749 1102 caritate,
796 1055 825 1092 si
871 1056 992 1105 aliqui
1033 1059 1081 1094 de
1126 1058 1205 1094 suis
1245 1058 1414 1095 subditis
1448 1059 1526 1096 sint

215 1112 447 1161 dampnati:
488 1115 553 1149 sed
591 1114 895 1150 fundamentum
939 1124 995 1151 est
1028 1115 1210 1152 frivolum
1246 1118 1353 1164 quod
1388 1117 1527 1154 fratres

215 1171 516 1208 infundabiliter
550 1171 603 1208 sic
638 1173 823 1208 exaltant.

272 1228 475 1271 Similiter,
509 1242 598 1265 cum
632 1239 787 1266 tantum
813 1231 917 1278 leges
942 1231 1116 1268 humane
1139 1240 1355 1281 utrumque
1379 1246 1524 1281 papam

216 1288 432 1324 fundarunt
465 1286 505 1323 in
538 1300 608 1323 suo
632 1287 731 1324 solio
755 1297 790 1324 et
815 1288 879 1324 ille
902 1301 982 1325 non
1013 1290 1143 1326 valent
1181 1290 1254 1326 nisi
1288 1290 1364 1327 sint
1397 1304 1526 1328 corre-

213 1345 458 1393 spondencia
505 1347 555 1381 ad
598 1345 717 1382 vitam
763 1345 802 1382 in
846 1346 1076 1384 imitacione
1109 1348 1255 1384 Christi
1296 1348 1382 1385 illas
1422 1350 1526 1397 leges

215 1404 406 1440 excellens
439 1405 572 1451 quoad
606 1405 748 1446 Deum,
782 1404 938 1441 videtur
972 1418 1055 1441 esse
1088 1406 1256 1442 fratrum
1291 1406 1447 1444 insania
1472 1407 1525 1444 sic

214 1474 444 1498 assecurare
477 1462 671 1509 populum
705 1475 776 1509 pro
809 1462 973 1499 incerto.
1019 1465 1107 1499 Non
1142 1464 1245 1500 enim
1281 1467 1527 1502 contendunt

214 1520 354 1556 fratres
407 1519 495 1568 quis
548 1532 685 1556 eorum
739 1521 826 1568 plus
875 1521 1077 1557 Christum
1131 1522 1322 1571 sequitur,
1369 1532 1411 1559 ut
1456 1536 1527 1561 nec

215 1586 356 1614 curant
389 1578 483 1613 dum
517 1590 588 1614 sua
621 1577 758 1615 innata
791 1578 989 1626 cupiditas
1022 1579 1208 1618 sacietur.

272 1635 475 1682 Similiter,
510 1645 718 1683 peccatum
754 1636 989 1684 precipuum
1024 1638 1124 1674 foret
1158 1638 1196 1674 in
1231 1638 1393 1675 homine
1424 1653 1528 1676 asse-

215 1706 355 1730 curare
388 1694 549 1730 fratrem
584 1707 700 1730 suum
735 1696 783 1730 de
816 1704 1084 1732 concernente
1107 1697 1276 1732 salutem
1302 1697 1435 1734 anime
1459 1710 1527 1734 sue

158 1783 172 1787 -
215 1751 287 1787 nisi
322 1751 439 1788 fuerit
473 1764 515 1788 ex
549 1752 809 1799 revelacione,
844 1766 887 1790 ex
920 1754 1283 1800 demonstracione‚
1319 1767 1361 1791 ex
1394 1768 1527 1792 sensa-

214 1809 327 1846 cione
365 1811 424 1846 vel
464 1810 540 1846 fide
573 1810 770 1858 scripture
803 1811 966 1847 tollente
999 1811 1232 1860 ambiguum
1258 1814 1305 1849 de
1339 1814 1413 1850 hoc
1445 1827 1526 1851 cer-

214 1877 294 1909 tus;
329 1869 396 1904 sed
429 1868 570 1904 fratres
604 1868 903 1915 preconizantes
928 1869 1208 1907 certitudinem
1236 1870 1364 1907 meriti
1390 1871 1427 1907 in
1453 1874 1526 1909 hoc

214 1938 306 1962 casu
332 1939 411 1961 non
434 1926 619 1962 laborant
642 1926 778 1976 aliquo
802 1926 966 1963 istorum
994 1928 1232 1971 mediorum,
1258 1928 1347 1965 ideo
1371 1929 1526 1966 videtur

215 1996 280 2019 eos
333 1993 541 2032 tamquam
587 1997 668 2020 non
717 1994 902 2021 curantes
951 1987 998 2022 de
1047 1988 1129 2022 Deo
1179 2000 1263 2022 esse
1316 1996 1523 2035 tamquam

213 2042 395 2088 graculos
429 2041 668 2089 garrientes:
703 2052 739 2079 et
772 2042 875 2079 inter
905 2043 1041 2080 onmia
1075 2054 1239 2092 peccata
1268 2045 1434 2081 fratrum
1459 2048 1526 2082 ab-

213 2100 394 2136 scondita
419 2101 493 2136 hoc
517 2100 671 2137 videtur
703 2114 827 2137 unum
862 2101 1097 2149 precipuum
1132 2104 1239 2151 quod
1272 2116 1352 2139 non
1386 2114 1526 2141 curant

213 2159 417 2206 quomodo
462 2158 698 2195 defraudent
738 2160 931 2207 populum
972 2159 1011 2195 in
1052 2169 1317 2197 concernente
1356 2162 1524 2198 salutem

213 2216 346 2252 anime
390 2229 472 2262 sue,
518 2217 613 2252 dum
661 2226 795 2254 tamen
841 2218 1063 2265 temporale
1097 2220 1355 2256 commodum
1390 2233 1526 2256 conse-

214 2283 401 2322 quantur.
436 2276 484 2310 Et
509 2284 661 2311 certum
688 2284 744 2312 est
778 2277 884 2324 quod
918 2276 1006 2323 plus
1040 2276 1147 2324 digni
1183 2286 1274 2313 sunt
1297 2278 1429 2325 puniri
1455 2291 1526 2326 pro

157 2337 188 2368 Y.
213 2331 281 2368 tali
315 2332 481 2368 crimine
515 2346 635 2381 quam
671 2333 853 2369 homines
886 2334 1088 2370 sufficiunt
1122 2348 1187 2371 eos
1221 2335 1375 2383 punire.
1425 2339 1523 2373 Num

214 2390 244 2426 si
292 2399 453 2438 possent
501 2391 639 2434 fraude
686 2405 757 2428 sua
801 2393 995 2428 absconsa
1033 2394 1199 2429 evadere
1237 2402 1317 2430 tam
1358 2394 1527 2431 libenter

214 2448 392 2484 dicerent
425 2450 532 2497 quod
569 2450 714 2486 habent
748 2459 987 2498 potestatem
1021 2451 1251 2488 absolvendi
1291 2465 1312 2488 a
1353 2465 1456 2500 pena
1490 2462 1525 2488 et

213 2507 331 2553 culpa
375 2520 447 2554 pro
493 2520 734 2556 quocunque
779 2521 852 2556 pro
892 2522 970 2557 quo
1011 2508 1064 2544 eis
1109 2509 1263 2546 lucrum
1306 2511 1526 2558 temporale

212 2564 440 2601 accreverit.

281 2684 301 2703 1.
329 2676 370 2702 AI
398 2676 427 2702 in
456 2684 568 2711 marg:
599 2683 636 2710 9,·
662 2677 701 2704 ib.
724 2676 792 2704 DE:
821 2676 861 2704 Et
882 2678 1032 2704 similiter.
1148 2687 1174 2714 7.
1202 2679 1226 2705 l)
1255 2679 1283 2706 in
1313 2687 1409 2714 marg.
1439 2688 1523 2714 sup:

209 2708 302 2745 Nota,
328 2711 405 2737 nihil
429 2711 508 2737 valet
532 2707 607 2746 opusc
632 2711 692 2738 nis-1·
714 2712 878 2739 Secundum
905 2713 1108 2740 intencionem
1129 2721 1188 2749 que
1203 2714 1345 2748 fundata
1362 2714 1469 2749 fueri!
1495 2715 1524 2741 in

211 2746 350 2772 caritate.
413 2745 439 2772 8.
461 2745 560 2773 AIOE:
581 2747 628 2774 vel
642 2754 724 2781 pro:
749 2746 789 2773 ib.
810 2748 856 2774 A:
874 2755 934 2782 pro
951 2750 1078 2782 papatu.
1142 2757 1174 2775 11.
1198 2748 1265 2775 DE:
1286 2757 1304 2775 a
1324 2750 1432 2783 culpa:
1452 2749 1475 2775 E
1495 2749 1524 2775 iu

212 2787 325 2815 marg:
352 2778 443 2807 Nota.
561 2780 599 2815 13,
621 2789 662 2814 ¹4-
684 2781 752 2808 DE:
778 2785 849 2809 sunt
867 2782 1032 2817 dmnpnati.
1147 2784 1186 2810 16.
1209 2783 1264 2810 ΑΕ
1285 2783 1314 2810 111
1336 2791 1449 2818 marg:
1478 2791 1524 2810 ιο.

212 2822 250 2848 ¹7·
272 2817 315 2842 A:
333 2815 521 2850 fundarent.
638 2823 681 2843 22.
703 2815 785 2843 DEI:
813 2817 919 2844 innata
941 2817 1035 2844 deest.
1151 2817 1194 2845 23.
1216 2818 1270 2845 ΑΕ
1291 2818 1319 2845 in
1343 2826 1457 2852 marg:
1486 2825 1524 2844 11.

211 2848 255 2883 23,
276 2857 322 2883 24.
343 2849 444 2877 ADE:
465 2853 669 2877 assecurante.
742 2851 783 2878 25.
805 2852 904 2879 Abli:
927 2852 1057 2887 1'nfm't;
1075 2851 1104 2879 I:
1125 2853 1318 2880 revelacione
1336 2852 1525 2879 demonum-

212 2883 308 2911 cione.
383 2884 423 2912 35.
444 2885 473 2912 I:
495 2885 548 2911 hos
563 2885 685 2920 punire.

1764 252 1812 287 63

1547 372 1614 399 The
1637 373 1720 399 work
1742 372 1811 408 they

1583 407 1730 434 advocate
1752 407 1778 434 is

1550 441 1670 475 against
1689 441 1818 478 churity.

1555 834 1621 861 The
1642 835 1802 870 nucharily

1576 869 1610 896 of
1627 870 1676 896 the
1699 870 1789 905 l'opc.

1582 1240 1648 1268 The
1670 1241 1779 1275 Pope's

1598 1276 1694 1311 rights
1715 1284 1764 1302 are

1577 1311 1728 1343 doubtful,
1751 1318 1783 1336 us

1561 1345 1649 1380 being
1669 1345 1803 1373 founded

1549 1381 1619 1416 (1111)·
1640 1389 1678 1407 on
1702 1381 1814 1407 hunum

1648 1416 1714 1442 law.

1572 1635 1675 1663 Friars
1697 1642 1793 1663 asscrt

1595 1671 1675 1698 what
1698 1672 1766 1707 they

1543 1711 1652 1733 cannot
1676 1707 1766 1733 know
1786 1716 1818 1733 :is

1606 1745 1636 1767 10
1659 1742 1755 1767 meu's

1567 1776 1714 1803 salvation
1739 1777 1797 1803 aud

1553 1818 1586 1835 so
1608 1810 1734 1837 det'raud
1758 1812 1807 1837 1111·

1619 1846 1738 1880 people.
