2062 3276
202 264 275 297 140
776 267 999 298 JOHANNIS
1019 268 1202 299 WYCLIF
1221 268 1476 299 SERMONUM
1523 251 1674 309 [SERMO
1695 261 1791 289 XVII·

482 372 683 409 Minorum
717 385 790 410 nec
824 374 963 410 habuit
997 387 1167 422 cappam
1188 386 1274 419 >nee
1309 374 1490 410 cuculam
1530 373 1791 422 superfluam,

482 439 523 466 ut
557 432 704 467 habent
738 431 855 468 hodie
879 433 1020 468 fratres
1045 432 1111 468 alii
1136 432 1201 481 qui
1227 441 1435 480 tamquam
1462 433 1508 467 de
1531 431 1793 467 observancia

481 489 633 525 ordinis
669 489 827 525 curiosa
861 490 1135 527 sollieitudine
1167 499 1258 526 sunt
1292 489 1497 526 succincti.
1544 492 1592 525 Et
1633 502 1676 526 ex
1709 489 1792 525 istis

480 547 636 583 videtur
669 549 777 596 quod
811 547 923 584 licuit
957 548 1150 596 apostolis
1184 550 1331 585 habere
1365 547 1527 595 caligas,
1561 560 1651 584 cum
1685 546 1793 595 prin-

481 617 572 653 ceps
606 606 883 653 apostolorum
918 606 1053 642 statim
1089 615 1179 654 post
1204 606 1433 642 missionem
1460 605 1631 653 Spiritus
1656 604 1826 641 Sancti5

481 676 573 699 usus
604 664 676 699 fuit
705 663 854 711 caligis.
891 665 1008 709 Quod
1032 664 1063 700 si
1087 664 1261 700 dicatur:
1296 666 1384 700 Hoc
1408 672 1465 700 est
1487 662 1791 710 intelligendum

482 721 638 758 mistice
671 722 717 757 de
744 723 1030 771 preparacione
1061 723 1277 771 qffeccionis
1314 723 1365 758 ad
1405 722 1647 771 evangelium
1682 721 1793 770 pacis

479 785 536 824 (ut
569 779 748 828 loquitur
770 780 987 827 Apostolus
1021 782 1121 828 Eph.
1146 782 1245 826 VIO),
1280 792 1416 816 revera
1440 779 1664 816 coloracius
1688 778 1792 814 dice-

481 846 588 873 retur
621 839 728 885 quod
762 837 898 874 omnia
932 837 1218 874 ceremonialia
1251 846 1441 886 precepta
1471 836 1791 885 predicatoribus

483 897 640 940 (Matth.
687 896 756 939 XO)
803 895 1060 944 intelligenda
1105 896 1234 932 forent
1278 895 1539 944 spiritualiter
1584 899 1639 940 (ut
1683 902 1850 943 patetio

482 955 586 989 Luce
620 955 689 989 ΙΧΟ
724 962 760 989 et
793 955 879 990 Act.
914 955 1032 1000 XXO).
1085 957 1132 990 Et
1166 964 1260 991 tunc
1293 955 1518 1002 rumpenda
1563 954 1664 989 foret
1707 961 1792 988 tota

482 1011 736 1059 dispensacio
776 1012 944 1048 fratrum
992 1025 1080 1048 cum
1128 1012 1207 1048 suis
1253 1012 1373 1060 signis
1417 1011 1671 1048 sensibilibus
1717 1023 1791 1058 que

210 1071 370 1132 {lssslsswffl
390 1076 442 1120 ¹10t
481 1069 565 1106 sine
598 1082 717 1106 causa
751 1070 812 1106 vel
844 1070 1087 1107 fundacione
1131 1070 1205 1106 sibi
1249 1070 1470 1107 stabiliunt.
1517 1071 1593 1105 Sed
1639 1077 1791 1105 certum

191 1114 466 1168 tlicxil1iililqqusxeii'se
481 1127 637 1164 videtur
671 1129 832 1163 Petrum
867 1128 1053 1164 habuisse
1088 1128 1151 1165 hic
1185 1129 1346 1176 caligas,
1388 1141 1477 1164 cum
1518 1127 1621 1163 inter
1653 1139 1791 1163 omnes

218 1178 247 1202 ⁰¹
269 1178 438 1211 semmuro.
481 1186 604 1222 libros
639 1185 758 1221 biblie
791 1185 864 1222 iste
898 1195 955 1222 est
989 1186 1116 1234 magis
1151 1199 1332 1234 expresse
1367 1185 1620 1231 historiacus‚
1654 1197 1790 1232 ymmo
1813 1187 1848 1219 15

482 1257 552 1292 per
583 1243 689 1280 idem
724 1252 857 1291 posset
891 1244 969 1280 dici
1002 1246 1111 1292 quod
1144 1244 1267 1280 nichil
1297 1244 1359 1280 hic
1381 1253 1588 1281 narratum
1612 1243 1673 1279 vel
1696 1242 1791 1278 alibi

482 1302 521 1338 in
563 1301 764 1349 scriptura
803 1301 877 1338 fuit
916 1315 976 1338 res
1015 1311 1138 1349 gesta,
1179 1304 1246 1339 sed
1291 1303 1352 1339 vel
1394 1301 1495 1339 visio
1538 1302 1599 1338 vel
1643 1300 1791 1336 ficticia

482 1372 555 1408 pro
588 1372 705 1396 sensu
739 1359 899 1396 mistico
933 1360 1128 1408 capiendo
1162 1362 1269 1409 quod
1310 1369 1366 1396 est
1400 1359 1548 1396 heresis
1580 1368 1790 1407 septuage-

481 1418 582 1454 sima
606 1417 1002 1454 Priscillianistarum
1036 1419 1076 1454 in
1108 1419 1244 1455 libello
1267 1418 1478 1466 Augustini
1502 1419 1548 1454 de
1573 1416 1790 1455 heresibus

482 1475 548 1524 qui
593 1475 856 1524 allegorizant
899 1476 1141 1524 scripturam
1189 1489 1345 1513 sacram
1400 1476 1441 1513 in
1494 1488 1586 1511 suos
1638 1487 1789 1517 sensus,
1809 1487 1850 1507 20

482 1533 722 1570 dimittendo
755 1547 913 1570 sensum
956 1535 1193 1571 historicum
1239 1536 1345 1583 quod
1391 1535 1429 1570 in
1474 1534 1551 1570 fide
1596 1533 1792 1581 scripture

483 1593 582 1629 foret
615 1592 733 1628 nimis
766 1592 1053 1640 periculosum,
1088 1606 1177 1629 cum
1213 1593 1382 1640 proinde
1415 1601 1522 1628 totus
1547 1591 1630 1628 eius
1654 1603 1792 1627 sensus

482 1650 648 1687 literalis
681 1659 802 1699 atque
836 1650 1051 1687 historicus
1084 1652 1306 1687 tolleretur.
1341 1652 1434 1686 Ideo
1459 1650 1677 1698 requiritur
1701 1649 1792 1684 sub-

482 1708 560 1745 tilis
593 1708 812 1757 prudencia
848 1710 898 1745 ad
931 1710 1109 1757 regulam
1140 1722 1213 1757 pro
1239 1708 1434 1757 capiendo
1459 1720 1574 1744 sensu
1599 1706 1791 1743 historico

483 1776 520 1803 et
552 1779 669 1803 sensu
703 1766 861 1803 mistico
893 1768 1102 1804 servando.
1807 1766 1846 1799 25

224 1826 385 1888 Mffjssiqgs,
403 1826 436 1852 0f
541 1827 622 1861 Nec
656 1833 789 1861 movet
834 1826 941 1873 quod
974 1827 1081 1861 Beda
1127 1824 1222 1861 dicit
1267 1825 1343 1861 hoc
1387 1823 1524 1860 haberi
1569 1823 1607 1859 in
1642 1824 1789 1859 Greco:

269 1869 363 1888 rana
391 1882 397 1888 ’
487 1883 617 1918 (ΙαΙεῐα
651 1890 686 1918 te
717 1883 918 1927 sandaliis,
964 1883 1056 1931 quia
1096 1882 1320 1919 sandalium
1358 1883 1601 1918 descendens
1634 1882 1682 1917 ab
1716 1881 1791 1917 hoc

482 1941 634 1977 ‘sandix
667 1940 769 1977 talis'
817 1945 908 1989 (que
949 1950 1005 1977 est
1051 1942 1174 1977 herba
1219 1953 1295 1989 qua
1334 1940 1524 1976 tinctores
1558 1938 1792 1975 rubrificant

482 1999 717 2046 coloranda)
755 2007 811 2035 est
845 1999 1083 2047 equivocum
1118 2001 1166 2035 ad
1199 1999 1289 2044 tria,
1335 1998 1487 2034 scilicet
1526 1999 1575 2034 ad
1610 1996 1791 2045 cooperi-

482 2065 660 2093 mentum
697 2069 890 2105 equorum
925 2057 1134 2097 nobilium,
1170 2058 1218 2093 ad
1246 2064 1478 2104 tegumenta
1502 2056 1643 2103 quibus
1667 2055 1850 2090 invol-Ro

480 2123 626 2151 vuntur
660 2127 831 2162 corpora
866 2124 1120 2151 mortuorum
1157 2124 1192 2151 et
1227 2116 1274 2150 ad
1310 2114 1574 2150 calciamenta
1607 2113 1791 2161 qualibus

481 2181 646 2209 utuntur
699 2172 842 2220 prelati
895 2174 989 2208 dum
1037 2174 1252 2209 celebrant.
1306 2175 1387 2208 Nec
1440 2173 1553 2208 obest
1605 2171 1789 2218 angelum

481 2230 689 2279 precipere
722 2233 839 2267 Petro
874 2233 981 2278 quod
1016 2230 1205 2267 calciaret
1249 2229 1432 2266 sandalia
1477 2242 1553 2278 que
1597 2237 1790 2265 vocantur

481 2301 650 2337 perones
682 2289 743 2325 vel
775 2289 901 2334 soleess,
940 2301 1012 2325 nec
1046 2298 1205 2336 oportet
1239 2288 1407 2324 multum
1443 2286 1650 2323 sollicitari
1684 2286 1789 2322 circa

482 2346 749 2396 quantitatem
782 2347 844 2382 vel
878 2347 1113 2395 qualitatem
1148 2346 1287 2383 talium
1313 2345 1598 2391 artificialium7
1633 2345 1725 2393 quia
1749 2344 1788 2380 in
1805 2348 1844 2381 35

482 2405 646 2442 diversis
679 2404 820 2453 patriis
854 2413 890 2441 et
923 2404 1173 2452 temporibus
1206 2404 1424 2449 variantur,
1460 2404 1551 2439 ideo
1584 2415 1664 2439 non
1697 2410 1788 2438 sunt

482 2473 523 2499 ut
557 2463 805 2510 evangelium
839 2462 879 2498 in
918 2463 999 2498 suis
1044 2462 1239 2498 limitibus
1284 2463 1545 2498 observanda.
1591 2462 1639 2496 Et
1683 2459 1786 2496 istud

481 2521 620 2557 vellem
658 2522 765 2569 quod
796 2521 938 2557 fratres
972 2522 1236 2557 attenderent.

549 2620 576 2645 (ι.
599 2619 623 2646 E
644 2619 671 2646 iu
696 2627 809 2653 marg:
837 2619 921 2646 Licet
939 2620 1052 2646 habere
1071 2619 1202 2655 caliga&
1284 2627 1325 2652 ¹4·
1346 2619 1391 2646 A:
1418 2618 1463 2645 sic
1482 2617 1612 2653 caligas.
1686 2624 1724 2644 21.
1746 2617 1786 2644 E:

479 2654 689 2682 llis-loriacum.
797 2655 845 2681 26.
865 2653 890 2680 E
909 2655 939 2681 iu
961 2663 1074 2689 marg:
1100 2653 1190 2681 Nota.
1299 2660 1343 2688 27.
1365 2653 1389 2680 E
1408 2652 1438 2680 in
1461 2660 1572 2687 marg.:
1600 2650 1788 2684 Sandalium,-

478 2690 518 2716 ib.
541 2689 579 2716 li:
602 2689 759 2719 madalis,-
782 2689 823 2716 ib.
844 2690 888 2716 A:
909 2689 952 2716 ad
968 2689 1034 2716 hoc.
1090 2688 1134 2716 28.
1156 2688 1247 2715 talz's:
1272 2689 1315 2715 A:
1338 2687 1424 2715 dicis.
1481 2694 1527 2722 29,
1548 2685 1593 2713 30.
1614 2687 1659 2714 A:
1680 2694 1786 2721 coope-

480 2725 618 2752 rinwnm.
675 2724 712 2751 31.
729 2724 888 2758 qualibus;
902 2725 943 2751 A:
959 2723 1110 2759 qualibess·
1130 2723 1168 2750 E:
1185 2723 1302 2758 quibus.
1358 2721 1404 2755 31.
1420 2722 1487 2749 DE:
1501 2723 1629 2757 petones
1642 2721 1690 2748 vel
1701 2721 1785 2748 solte.

549 2806 579 2838 7.
615 2795 775 2837 EphA‘l,
807 2794 854 2827 ιδ.
1027 2805 1073 2838 19.
1107 2795 1140 2826 S.
1172 2795 1355 2836 Augustini
1390 2794 1481 2836 Opp.
1513 2800 1597 2827 tom.
1617 2793 1702 2832 VIII,
1732 2803 1784 2825 22.

478 2844 551 2875 Act.
578 2843 711 2884 Apost„
738 2852 810 2883 cap.
836 2841 906 2872 XII.
1032 2851 1084 2882 27.
1113 2841 1210 2879 Quae
1237 2851 1339 2882 supra
1365 2846 1603 2872 memorantur
1629 2840 1662 2871 in
1688 2840 1782 2871 Beda

480 2889 568 2925 [Act.
595 2890 727 2930 Apost„
755 2898 827 2929 cap.
853 2888 927 2925 ΧΠ)
956 2898 1024 2919 uon
1049 2887 1231 2918 habentur.
