2062 3276
239 598 255 630 5

218 898 256 918 10

219 1178 255 1209 15

272 252 407 282 SERMO
430 243 524 301 1,v1.]
747 257 939 296 QUARTA
966 256 1092 288 PARS.
1790 250 1871 297 437

272 363 321 399 ad
355 375 581 411 expressam
621 362 866 399 sentenciam
902 375 982 398 non
1016 371 1074 398 est
1108 362 1185 399 alia
1218 362 1304 410 ipsa
1338 362 1506 408 brevior,
1548 372 1584 399 et

271 430 416 469 quarto
450 420 490 457 in
523 420 744 457 subtilitate
788 419 882 469 quia
927 429 1094 468 propter
1135 420 1217 457 eius
1258 420 1505 457 fertilitatem
1546 421 1585 457 in

271 490 388 515 sensu
421 488 458 515 ct
496 478 637 515 ordine
674 491 756 515 non
795 487 852 515 est
890 477 1055 515 viatoris
1093 477 1315 527 quamlibet
1352 478 1507 526 longevi
1548 487 1585 515 et

271 536 384 573 scioli
430 536 640 574 minimam
687 535 768 573 eius
814 545 969 584 partem
1015 535 1055 572 in
1100 544 1186 572 tota
1225 535 1304 572 vita
1349 535 1424 572 ista
1470 537 1584 584 plene

272 594 483 631 discutere.
530 593 731 631 Dividitur
771 603 905 631 autem
944 593 984 630 in
1023 593 1118 631 tria:
1165 593 1299 630 Prima
1338 607 1430 642 pars
1470 593 1584 642 quasi
1622 601 1851 627 ltsdiwsmns:

272 652 527 701 prohemium
583 653 698 688 docet
752 651 966 701 disponere
1015 652 1223 688 hominem
1269 652 1319 688 ad
1363 653 1582 688 orandum:
1626 635 1731 697 1ζῖιᾷζῆ
1753 643 1853 697 'ssffsfn

272 711 390 746 Pater
428 718 559 747 noster
597 710 661 759 qui
691 723 730 747 es
762 710 798 746 in
832 711 933 746 celis.
981 711 1166 746 Secunda
1205 722 1297 758 pars
1337 708 1584 745 trimembris
1600 704 1873 767 231¹¹ssr¹¹ffisseffi¹j

272 769 388 805 docet
426 769 633 817 quomodo
671 767 900 816 obligamur
932 769 982 804 ad
1017 769 1212 805 honorem
1245 766 1457 804 Trinitatis
1497 780 1584 815 pre-
1617 748 1859 812 lioiiyouppfthe

271 826 498 863 ferendum:
546 827 817 876 Sanctificetur
860 839 995 863 nomen
1039 834 1162 872 tuum,
1200 825 1381 861 adveniat
1419 808 1874 879 regnum&Tffemssffssi'fions

271 892 391 931 tuum,
412 885 490 935 fiat
525 885 700 921 voluntas
732 892 811 932 tua,
842 885 939 920 sicut
971 884 1006 920 in
1039 885 1119 920 celo
1153 891 1186 920 et
1219 884 1254 919 in
1286 891 1407 919 terra.
1441 878 1877 947 Tereiamg‘gfrgstssgcgzgggrv

272 955 363 991 pars
387 944 504 979 docet
538 955 608 991 per
641 942 823 979 ordinem
859 955 932 990 pro
967 942 1110 990 quibus
1144 950 1318 990 quatuor
1351 941 1585 978 necessariis
1671 952 1701 975 to
1723 956 1804 975 man.
1859 942 1867 948 ⁴

272 1000 425 1037 homini
460 1009 517 1037 est
556 1002 793 1048 petendum:
840 1001 983 1036 Panem
1023 1008 1198 1036 nostrum
1239 999 1502 1048 quotidianum
1537 1000 1585 1035 da

272 1059 377 1095 nobis
416 1059 529 1095 hodie
568 1067 642 1095 etc.
688 1060 860 1107 Oportet
900 1071 993 1106 ergo
1032 1067 1215 1095 orantem
1263 1057 1395 1094 debite
1441 1059 1586 1094 habere

273 1119 401 1153 Deum
448 1126 603 1165 patrem
650 1130 764 1153 suum
806 1126 843 1153 et
882 1129 952 1164 per
991 1129 1241 1165 consequens
1286 1128 1371 1152 esse
1410 1115 1450 1151 in
1496 1115 1586 1160 fide,

272 1188 341 1223 spe
380 1184 417 1211 et
456 1175 635 1212 caritate.
681 1177 810 1211 Nemo
855 1174 1018 1223 quidem
1059 1184 1116 1211 est
1156 1173 1260 1210 filius
1293 1173 1365 1210 Dei
1404 1172 1479 1209 nisi
1519 1173 1586 1221 qui

273 1234 311 1269 in
345 1233 514 1270 caritate
547 1242 655 1269 amat
690 1242 846 1281 patrem
879 1246 995 1269 suum
1020 1242 1057 1269 et
1080 1246 1150 1281 per
1175 1244 1422 1280 consequens
1445 1240 1588 1279 operat

272 1304 315 1329 ex
360 1291 581 1327 dileccione
627 1300 795 1339 paterna
834 1293 941 1340 quod
991 1291 1208 1327 constituet
1258 1303 1347 1327 eum
1397 1291 1586 1326 heredem

271 1363 390 1398 super
423 1349 560 1385 omnia
594 1350 699 1386 bona
733 1362 815 1386 sua.
851 1349 1005 1395 Quibus
1030 1349 1126 1385 fides
1159 1347 1474 1385 fundamentalis
1506 1361 1587 1384 non

273 1417 405 1457 potest
439 1407 623 1443 deficere.

329 1468 410 1502 Nec
443 1464 590 1501 sufficit
614 1467 741 1501 Deum
777 1464 942 1513 diligere
974 1464 1050 1501 nisi
1084 1463 1274 1512 diligatur
1307 1473 1344 1501 et
1368 1463 1587 1512 proximus,
1638 1469 1705 1496 The
1724 1469 1845 1496 words:

273 1526 380 1572 quod
413 1532 578 1560 notatur
611 1536 680 1571 per
715 1524 791 1560 hoc
830 1524 939 1572 quod
979 1522 1125 1559 dicitur
1164 1535 1245 1559 non
1283 1523 1398 1558 Pater
1431 1522 1483 1557 mi
1521 1522 1587 1557 sed
1604 1503 1878 1566 tessflsulgffihffive

272 1583 390 1618 Pater
419 1589 560 1618 noster.
596 1584 651 1617 Ex
674 1595 753 1629 quo
788 1590 910 1629 patet,
946 1594 1035 1618 cum
1069 1580 1193 1617 simus
1227 1580 1395 1617 invicem
1432 1580 1587 1625 fratres,
1611 1582 1668 1601 our
1688 1573 1870 1609 neighbour.

273 1642 464 1677 debemus
497 1641 735 1676 alterutrum
771 1639 956 1688 diligere3
991 1648 1027 1675 et
1060 1640 1131 1675 hec
1166 1638 1274 1675 racio
1301 1651 1425 1686 quare
1449 1637 1588 1686 pocius

273 1698 420 1735 dicitur
466 1699 584 1734 Pater
628 1705 759 1734 noster
802 1711 922 1746 quam
963 1696 1134 1734 Domine
1178 1698 1285 1733 Deus
1329 1697 1391 1732 vel
1436 1695 1587 1744 aliquid

239 1760 421 1793 Znomen
455 1756 526 1792 Dei
573 1769 653 1792 non
698 1764 854 1792 tantum
901 1755 1146 1800 allectivum‚
1200 1756 1269 1791 sed
1317 1767 1407 1791 cum
1454 1754 1503 1790 sit
1550 1753 1587 1789 in

273 1815 367 1852 celis
413 1824 494 1851 tam
541 1813 777 1862 corporibus
819 1814 1030 1850 celestibus
1075 1826 1196 1861 quam
1245 1812 1393 1849 sanctis
1438 1811 1588 1859 angelis

273 1873 448 1909 insidens
487 1872 593 1909 iuxta
634 1872 732 1908 illud
766 1872 863 1908 lsaie
904 1873 1057 1917 LXVls‘,
1091 1885 1126 1907 1:
1178 1871 1310 1906 Celum
1350 1870 1445 1906 mihi
1479 1871 1589 1906 sedes

273 1939 327 1967 est
371 1939 405 1967 et
450 1939 558 1966 terra
603 1931 811 1966 scabellum
852 1931 996 1979 pedum
1042 1942 1231 1976 meorum,
1285 1937 1393 1976 patet
1437 1937 1586 1976 quanta

273 1988 501 2025 reverencia
526 1998 582 2025 est
617 1988 720 2037 patri
753 1997 892 2024 nostro
926 1987 1150 2032 tribuenda,
1186 1995 1221 2023 et
1247 1999 1315 2034 per
1338 1998 1588 2034 consequens

274 2049 490 2084 avertendo
514 2060 535 2083 a
560 2046 853 2094 temporalibus
877 2054 934 2082 est
958 2048 1007 2083 ad
1031 2046 1162 2093 ipsum
1189 2054 1273 2081 toto
1308 2046 1428 2081 corde
1452 2043 1587 2081 anima

274 2115 310 2142 et
345 2114 476 2142 mente
521 2106 852 2141 convertendum.
898 2104 970 2141 Cui
1012 2116 1107 2151 ergo
1153 2102 1345 2139 deficiunt
1393 2102 1466 2138 iste
1511 2102 1588 2138 dis-

273 2163 499 2212 posiciones
540 2173 596 2199 est
630 2162 892 2211 indispositus
926 2163 974 2199 ad
1008 2163 1221 2207 orandum,
1256 2160 1350 2209 quia
1385 2160 1423 2196 in
1458 2159 1588 2208 capite

273 2221 476 2259 oracionis
529 2221 711 2269 implicat
764 2220 1020 2257 mendacium
1067 2228 1104 2256 et
1152 2219 1208 2256 sic
1255 2220 1411 2256 orando
1459 2221 1585 2254 Deum

273 2292 453 2316 veracem
479 2279 681 2316 odientem
708 2278 962 2315 mendacium
996 2286 1188 2326 provocat
1212 2279 1262 2314 ad
1285 2276 1583 2313 vindicandum.

331 2340 489 2374 Moveat
513 2351 585 2374 nos
604 2337 741 2386 itaque
762 2336 964 2385 simplices
983 2337 1091 2384 quod
1116 2335 1302 2372 dominus
1327 2335 1585 2371 dominorum
1620 2339 1697 2383 How
1721 2338 1790 2366 God
1813 2339 1866 2377 lia-s

275 2395 459 2443 dignatus
500 2405 557 2432 est
596 2397 791 2443 adoptare
831 2408 904 2432 nos
943 2394 982 2430 in
1023 2394 1138 2440 filios,
1185 2407 1274 2430 cum
1320 2393 1418 2429 illud
1464 2405 1587 2441 genus
1611 2374 1876 2444 ssssssffflgffisssffif?

274 2454 444 2490 electum
491 2463 527 2490 et
572 2454 702 2501 regale
747 2453 1024 2490 sacerdocium
1071 2452 1120 2488 sit
1165 2451 1367 2488 infinitum
1412 2450 1587 2487 nobilius
1699 2452 1782 2470 δωδ-

274 2525 395 2561 quam
420 2524 503 2548 esse
532 2511 658 2548 filium
693 2512 894 2548 carnalem
929 2509 1187 2559 imperatoris
1219 2510 1280 2546 vel
1312 2509 1413 2557 regis
1433 2508 1586 2556 Anglie.

344 2665 362 2683 ι.
385 2657 426 2683 [);
448 2656 592 2684 breviori.
648 2664 673 2683 2.
688 2657 732 2683 A:
775 2656 807 2683 ιιί
820 2658 961 2691 propter.
1019 2655 1043 2681 3.
1063 2663 1169 2687 senxzu
1188 2656 1232 2682 A:
1253 2663 1325 2683 sen:
1344 2654 1384 2681 ib.
1402 2654 1476 2681 DG:
1497 2662 1588 2689 quam

272 2692 344 2718 licet
362 2692 470 2727 legem.
559 2691 595 2722 ιδ,
618 2691 658 2719 16.
681 2693 725 2718 A:
747 2665 841 2719 g'emo
862 2707 894 2710 —
914 2693 1048 2718 carnale
1068 2690 1163 2716 deest.
1253 2698 1292 2724 17.
1310 2691 1357 2726 A:
1379 2689 1570 2716 hereditarie
1579 2699 1588 2716 :

274 2726 315 2752 1³:
342 2725 484 2753 heredem
503 2725 702 2754 hereditarie.
804 2733 843 2753 21.
864 2727 908 2753 A:
937 2724 1020 2760 quod
1038 2724 1133 2752 deest.
1235 2732 1277 2752 22.
1300 2724 1373 2751 DG:
1403 2723 1449 2751 Ex
1469 2724 1586 2759 quibus.

271 2760 310 2788 31.
321 2760 401 2823 ngr·
423 2761 533 2800 igigur.
607 2759 650 2795 33,
665 2759 711 2794 34.
727 2760 771 2787 G:
793 2763 823 2788 et
839 2761 884 2788 sic
900 2776 930 2780 -
944 2759 1131 2787 mendacium
1152 2759 1246 2786 deest.
1320 2758 1366 2786 38.
1382 2759 1455 2786 DG:
1478 2758 1588 2794 Anglie

271 2803 312 2824 ve
383 2803 512 2823 oemte.

342 2890 362 2922 7
388 2886 421 2911 et
445 2889 544 2922 seqq.
570 2878 689 2911 Matth.
707 2879 765 2920 Vl,
791 2889 916 2922 9—11.
