2062 3276
221 243 302 290 476

288 990 367 1018 Here
388 990 437 1017 tlie

227 1026 375 1063 kingdom
397 1033 501 1052 means

226 1061 275 1088 the
291 1060 451 1087 multitude
472 1060 506 1086 ot'

288 1095 338 1122 the
359 1095 442 1122 elect.

238 1570 339 1598 Three
360 1570 450 1598 kinds
471 1570 505 1597 01·

285 1606 449 1641 purcliase:

259 1696 278 1715 ι.
301 1688 335 1715 ot'
354 1687 482 1723 worldly

318 1723 425 1751 rienes,

254 1870 278 1889 2.
300 1862 334 1889 of
351 1861 497 1888 heavenlv

318 1896 428 1931 riches,
480 1894 486 1897 ”

260 1975 286 2005 3.
307 1978 341 2005 os
358 1982 493 2005 treasure

315 2013 350 2040 of
366 2013 434 2040 hell.

263 2326 440 2354 Excellence
460 2325 495 2352 of

269 2361 319 2388 the
340 2360 488 2394 heavenly

251 2395 417 2430 purchase;
438 2394 460 2422 it
481 2394 506 2421 is

337 2438 419 2463 easy,

803 245 1025 279 JOHANNIS
1044 245 1228 277 WYCLIF
1248 243 1502 276 SERMONUM
1571 230 1722 287 [SERMO
1744 238 1820 267 LXI-

512 356 722 399 Pacientes,
745 353 886 402 inquit,
911 353 1192 403 estotefratres
1213 364 1329 400 usqne
1351 352 1402 387 ad
1423 351 1629 387 adventum
1646 349 1822 394 Domini3

514 426 597 451 ecce
624 412 802 464 agricola
832 418 1009 461 expectat
1036 410 1256 461 preciosum
1277 410 1459 458 fructum
1491 416 1596 445 terre
1625 407 1824 457 pacienter

502 473 643 522 ferens
659 472 777 507 donec
792 470 955 520 accipiat
969 477 1258 519 temporaneum
1275 475 1309 504 et
1325 467 1549 503 serotinum.
1575 464 1824 514 Impossibile

513 529 676 579 quidem
710 537 767 565 est
799 527 932 566 venire
965 528 1015 564 ad
1048 535 1207 575 pastum
1250 537 1347 562 cene
1380 523 1607 569 novissime,
1647 522 1722 559 nisi
1755 535 1825 570 per

513 587 800 625 tribulaciones
839 595 875 623 et
914 585 1165 634 penalitates,
1200 583 1293 632 quia
1333 592 1461 619 totum
1501 592 1660 629 tempus
1691 580 1823 617 viandi

515 655 572 684 est
605 645 738 694 vigilia
771 646 821 682 ad
854 653 1035 682 sanetum
1070 645 1281 680 sabbatum
1318 651 1405 690 post
1440 640 1545 677 diem
1580 638 1729 676 iudicii.

1001 768 1199 808 SERMO
1235 768 1339 808 LXI.

574 867 706 903 Simile
742 873 795 903 est
826 877 990 915 regnum
1019 864 1189 900 celorum
1220 863 1364 899 homini
1384 862 1635 913 negociatori.
1661 859 1826 897 Matthei

516 927 636 972 X1110‚
669 925 738 971 45.

576 983 686 1020 Licet
719 994 885 1031 regnum
926 988 1111 1016 sumatur
1145 977 1420 1027 multipliciter
1454 977 1493 1014 in
1526 976 1738 1025 scriptura,
1779 977 1829 1012 ad

518 1041 770 1091 propositum
811 1049 946 1076 tamen
986 1037 1156 1074 sumitur
1196 1050 1268 1085 pro
1303 1035 1558 1072 multitudine
1597 1036 1827 1072 electorum.

519 1099 595 1148 Ipsi
630 1099 735 1136 enim
769 1097 1002 1146 imperfecte
1042 1096 1081 1132 in
1113 1095 1175 1132 via
1216 1104 1252 1131 et
1284 1095 1460 1143 perfecte
1500 1094 1537 1129 in
1578 1092 1706 1141 patria
1739 1101 1830 1129 sunt

518 1171 684 1206 regnum
726 1157 903 1193 celorum
950 1154 1044 1204 quia
1090 1153 1265 1191 celicole.
1320 1153 1384 1189 Sic
1429 1151 1590 1201 quidem
1632 1150 1830 1198 accipitur

518 1229 685 1265 regnum
728 1213 958 1262 vulgariter,
1011 1225 1101 1249 cum
1148 1211 1293 1248 dicitur
1338 1212 1443 1259 quod
1489 1222 1657 1257 regnum
1690 1208 1831 1255 Anglie

520 1284 555 1311 et
589 1286 754 1322 regnum
789 1271 955 1309 Francie
988 1272 1262 1307 adversantur.
1309 1269 1372 1305 Sic
1414 1277 1547 1305 autem
1594 1266 1830 1315 accipiendo

520 1345 686 1380 regnum
722 1331 899 1368 celorum
934 1338 1043 1378 patet
1083 1330 1189 1377 quod
1230 1328 1378 1364 dictum
1417 1339 1581 1375 regnum
1618 1326 1733 1361 debet
1773 1337 1830 1360 se-

520 1391 696 1428 cundum
731 1401 771 1426 se
803 1397 932 1425 totum
967 1396 1004 1424 et
1028 1386 1249 1435 quamlibet
1283 1385 1365 1422 eius
1395 1397 1607 1433 personam
1644 1395 1727 1419 esse
1758 1396 1831 1430 pro

520 1458 626 1486 statu
658 1447 718 1485 vie
752 1448 874 1483 homo
906 1446 1134 1497 negociator
1157 1446 1206 1481 ad
1230 1444 1402 1490 literam,
1437 1456 1526 1479 cum
1553 1441 1696 1491 quibus
1730 1440 1832 1477 chri-

521 1506 672 1543 stianus
706 1507 821 1542 debet
854 1518 875 1541 a
910 1507 993 1541 Deo
1026 1515 1158 1540 emere
1191 1504 1355 1538 ductum
1391 1513 1568 1549 regnum.

582 1567 649 1601 Est
682 1573 813 1600 autem
850 1562 989 1610 triplex
1023 1560 1255 1609 negociacio
1279 1562 1326 1596 ad
1352 1559 1618 1608 propositum,
1652 1557 1753 1594 sicut
1777 1565 1832 1593 est

523 1623 663 1671 triplex
697 1623 807 1658 locus
847 1619 1128 1665 habitacionis,
1175 1618 1326 1655 scilicet
1360 1619 1435 1654 hoc
1468 1618 1661 1658 seculum,
1702 1616 1831 1652 celum

524 1691 560 1718 et
590 1681 779 1717 infernus.
815 1679 947 1715 Prima
981 1676 1212 1725 negociacio
1237 1685 1292 1713 est
1316 1674 1548 1724 temporalis
1581 1674 1686 1711 circa
1722 1686 1835 1709 mun-

524 1738 662 1785 dicias,
696 1747 733 1774 et
766 1738 832 1774 illa
866 1746 922 1774 est
956 1735 1051 1772 satis
1085 1734 1265 1782 cognita3
1300 1736 1347 1770 de
1381 1747 1458 1782 qua
1493 1732 1587 1769 dicit
1618 1732 1836 1780 Apostolus

524 1799 533 1833 l
559 1798 696 1833 Thess
721 1797 805 1843 IV0,
831 1797 874 1832 6:
910 1796 967 1830 Ne
995 1794 1077 1843 quis
1109 1794 1144 1829 in
1175 1793 1333 1843 negocio
1363 1790 1636 1828 circumveniat
1658 1791 1835 1840 fratrem

523 1868 647 1895 suum,
682 1854 864 1891 Secunda
897 1850 1116 1900 spiritualis
1148 1850 1254 1887 circa
1278 1851 1442 1887 celestes
1472 1848 1654 1893 divicias3
1689 1849 1737 1884 de
1760 1849 1891 1895 qua-T

526 1913 621 1950 dicit
655 1911 836 1950 Christus
876 1912 980 1947 Luce
1019 1911 1141 1955 Xlx0‚
1184 1909 1249 1945 13:
1290 1907 1562 1958 Negociamini
1593 1907 1682 1942 dum
1718 1905 1836 1942 venio.

526 1973 574 2007 Et
619 1970 743 2007 tercia
789 1968 988 2006 diabolica
1028 1967 1133 2004 circa
1178 1968 1411 2003 thesaurum
1458 1964 1624 2010 inferni3
1671 1965 1718 2000 de
1760 1975 1838 2012 qua

527 2037 657 2077 potest
689 2027 886 2065 verificari
927 2026 1024 2062 illud
1059 2025 1205 2062 Psalmi
1236 2026 1338 2071 XC0‚
1373 2024 1406 2071 5,
1441 2026 1482 2060 6:
1518 2023 1604 2058 Non
1638 2022 1785 2058 timebis
1817 2033 1838 2056 a

528 2088 665 2123 timore
697 2094 897 2130 nocturno,
931 2098 952 2120 α
985 2084 1130 2134 sagitta
1165 2084 1317 2119 volante
1348 2082 1384 2118 in
1418 2082 1490 2124 a'z'e,
1524 2094 1544 2116 a
1569 2080 1727 2131 negocio
1745 2091 1837 2129 per—

527 2145 747 2181 ambulante
789 2144 825 2179 in
870 2143 1048 2179 tenebris.
1096 2141 1229 2177 Prima
1267 2139 1501 2188 negociacio
1535 2147 1591 2174 est
1624 2146 1767 2174 neutra
1800 2136 1839 2172 in

529 2202 720 2248 bonitate,
767 2214 812 2238 eo
853 2201 961 2249 quod
1005 2212 1086 2236 non
1125 2207 1182 2235 est
1223 2197 1429 2234 meritoria
1474 2196 1550 2232 nisi
1596 2197 1643 2232 de
1687 2203 1840 2243 quanto

530 2260 705 2309 disponit
750 2261 799 2296 ad
845 2259 1083 2301 secundam;
1128 2257 1235 2305 quod
1282 2255 1312 2292 si
1359 2254 1535 2303 disponit
1580 2255 1629 2290 ad
1673 2252 1839 2289 terciam

529 2318 646 2365 (sicut
686 2317 781 2354 facit
820 2315 1105 2363 communiter>
1147 2323 1204 2350 est
1243 2313 1397 2350 nociva.
1438 2314 1538 2349 Cum
1573 2311 1676 2347 enim
1711 2309 1841 2346 omnis

531 2376 656 2413 fidelis
692 2377 808 2412 debet
843 2386 974 2411 emere
999 2374 1149 2409 dictum
1175 2385 1339 2419 regnum
1375 2383 1447 2419 pro
1473 2370 1630 2416 merito,
1665 2369 1841 2405 notanda

532 2443 588 2471 est
622 2433 762 2480 facilis,
796 2431 1003 2481 placabilis
1038 2440 1073 2467 et
1105 2430 1214 2466 utilis
1247 2428 1432 2466 condicio
1451 2428 1567 2464 huius
1601 2425 1841 2463 mercandie.

532 2494 599 2528 Est
635 2491 741 2528 enim
775 2490 917 2536 facilis,
963 2502 1054 2526 cum
1087 2488 1268 2537 precium
1308 2487 1358 2523 sit
1402 2488 1506 2523 bona
1543 2486 1728 2522 voluntas
1764 2496 1843 2532 qua

532 2549 655 2587 nichil
689 2558 746 2586 est
780 2548 935 2585 facilius
958 2548 1018 2584 vel
1046 2548 1134 2595 plus
1158 2546 1197 2582 in
1220 2545 1394 2581 hominis
1427 2552 1638 2592 potestate.
1673 2542 1712 2579 Si
1737 2541 1841 2578 enim

534 2607 751 2657 quicquam
798 2606 906 2643 aliud
952 2605 1175 2653 temporale
1209 2606 1315 2640 Deus
1361 2611 1525 2651 poneret
1573 2614 1645 2649 pro
1690 2612 1760 2648 per
1803 2610 1843 2634 se

602 2730 628 2757 ὁ.
652 2730 694 2756 G:
722 2728 832 2756 iudicii
849 2729 952 2755 Amen.
1043 2728 1069 2754 ὃ.
1092 2727 1135 2754 A:
1163 2726 1271 2753 Maltlz.
1294 2723 1398 2752 XXIV.
1484 2732 1525 2758 ¹9-
1548 2724 1591 2750 G:
1619 2724 1657 2750 ab
1678 2730 1713 2750 eo
1733 2728 1842 2749 emere.

531 2771 580 2798 29,
601 2763 644 2791 30.
666 2765 710 2791 A:
734 2763 966 2799 perambulante
984 2778 1016 2781 —
1036 2761 1169 2788 tenebris
1189 2761 1282 2788 deest.
1355 2758 1396 2786 Ὦ.
1420 2758 1461 2786 G:
1483 2758 1661 2793 indisponit.
1734 2755 1777 2792 37.
1799 2757 1842 2782 A:

531 2798 595 2827 Sed
614 2799 703 2826 enim.
778 2797 821 2826 33.
843 2799 887 2825 A:
905 2805 965 2833 pro
981 2804 1087 2832 parce.

603 2881 633 2912 7.
662 2870 791 2911 (jospel
818 2869 870 2900 1⁴01·
895 2870 1066 2900 Commo„
1093 2868 1132 2898 of
1154 2878 1171 2898 a
1193 2867 1307 2908 Vir-gin
1336 2867 1402 2898 ami
1430 2867 1567 2907 Mau—tyr.

1850 990 1887 1010 10

1852 1269 1887 1301 15

1850 1570 1891 1591 Ἕω

1857 2140 1899 2172 '30
