2062 3276
184 298 231 335 72

182 410 237 438 Let
252 419 287 437 us
304 410 393 436 make
407 409 459 436 the

184 445 266 472 devil
288 453 383 483 pro-ve
404 444 451 470 his

214 483 419 514 suggestions.
437 513 443 517 ²

208 986 276 1013 (jod
297 986 371 1013 does
392 990 445 1013 not

206 1021 272 1047 lake
295 1022 357 1047 him
379 1021 443 1048 into

259 1056 391 1084 council.

214 1854 317 1881 When
339 1861 354 1879 a
376 1860 446 1879 man

209 1889 234 1916 is
254 1893 314 1915 tem
328 1890 401 1917 wted,
423 1887 460 1913 lie

216 1923 303 1950 shoul
348 1931 386 1957 go
406 1930 445 1948 on

234 1958 356 1992 serving
377 1956 436 1983 and

199 1992 333 2027 trusting
346 1992 376 2019 in
390 1990 471 2018 God.

210 2316 277 2344 The
297 2316 377 2343 devil
399 2324 470 2342 uses

213 2360 228 2378 a
250 2351 348 2377 man‘s
371 2350 417 2377 sin
438 2355 468 2377 to

246 2390 343 2421 tcmpt
364 2386 437 2420 him,

768 294 991 326 JOHANNIS
1009 293 1193 325 WYCLIF
1214 291 1469 324 SERMONUM
1532 277 1683 335 [SERMO
1703 287 1784 315 VIII·

533 402 691 437 Stemus
725 413 819 447 ergo
852 399 892 435 in
925 400 1012 435 luce
1046 398 1222 435 caritatis
1255 406 1292 434 et
1325 397 1456 445 gracie
1500 405 1537 432 et
1579 396 1785 433 videamus

473 471 593 506 quem
639 459 813 495 colorem
859 458 977 493 habet
1020 456 1245 504 predictum
1285 463 1566 503 argumentum
1612 453 1784 501 dyaboli.

473 519 575 553 Cum
610 516 714 552 enim
748 515 895 551 scimus
929 516 1037 562 quod
1069 514 1119 550 sit
1151 526 1301 562 pronus
1334 514 1383 549 ad
1417 512 1645 548 hominibus
1678 523 1786 547 men-

474 574 674 619 ciendum,
703 573 793 622 quis
827 572 952 608 fidelis
986 574 1163 608 crederet
1196 572 1304 619 quod
1327 584 1349 607 a
1372 569 1545 606 Domino
1570 571 1619 606 ad
1648 571 1786 617 damp-

472 632 682 668 nacionem
717 640 952 679 perpetuam
986 630 1035 666 sit
1067 629 1283 677 prescitus?
1328 628 1435 674 Quid
1479 640 1572 675 ergo
1611 635 1789 663 moveret

474 690 632 725 fidelem
666 691 715 725 ad
749 702 828 724 non
861 689 1118 724 asserendum
1153 688 1344 723 audacter
1387 687 1557 734 dyabolo
1602 686 1710 733 quod
1749 684 1789 720 in

475 749 550 783 hoc
582 746 891 795 presumpcione
924 745 1132 793 dyabolica
1166 753 1222 781 est
1257 744 1469 780 mentitus?
1521 746 1661 779 Nonne
1694 742 1789 778 dicit

475 808 585 841 Jcsus
617 814 753 841 noster
785 805 893 852 quod
938 803 1034 839 talia
1077 812 1228 839 secreta
1273 803 1407 838 futura
1451 801 1553 837 sicut
1596 802 1789 837 adventus

476 863 553 898 diei
585 862 721 899 iudicii
754 871 846 898 sunt
878 874 900 897 a
922 861 1070 897 sanctis
1093 860 1242 908 angelis
1265 873 1401 908 ymmo
1425 873 1446 896 a
1469 859 1627 896 Christo
1652 860 1790 894 huma-

477 920 582 956 nitus
615 920 799 968 ignorata
834 926 889 963 (ut
912 928 1021 967 patet
1044 918 1209 955 Matthei
1232 919 1383 964 XXIV).
1418 920 1507 963 Quo
1531 930 1624 965 ergo
1659 917 1790 953 colore

477 988 532 1015 est
566 979 759 1026 dyabolus
791 978 831 1014 in
864 978 938 1013 isto
972 977 1042 1013 Dei
1075 976 1339 1022 consiliarum,
1373 985 1416 1012 ut
1448 975 1546 1012 sciat
1579 976 1687 1023 quod
1720 974 1791 1010 iste

477 1050 596 1084 quem
621 1045 790 1084 temptat
814 1037 864 1072 ad
888 1035 1223 1083 dampnacionem
1248 1043 1484 1082 perpetuam
1508 1033 1556 1069 sit
1572 1032 1791 1081 prescitus?

477 1096 673 1131 Ostendat
718 1107 811 1141 ergo
855 1093 894 1129 in
938 1095 1058 1129 verbo
1092 1092 1163 1128 Dei
1205 1094 1369 1128 verbum
1405 1092 1512 1139 quod
1545 1091 1724 1139 loquitur
1756 1098 1793 1126 et

478 1162 573 1188 tunc
605 1154 780 1188 credam.
827 1153 940 1187 Unde
974 1151 1077 1187 inter
1121 1150 1197 1186 alia
1242 1163 1319 1198 que
1353 1152 1458 1185 Deus
1501 1150 1583 1185 vult
1628 1162 1710 1184 esse
1743 1149 1792 1184 ab

479 1210 640 1246 homine
673 1210 857 1257 ignorata
890 1210 964 1245 hoc
998 1219 1055 1245 est
1087 1222 1213 1244 unum
1253 1208 1489 1256 precipuum
1530 1209 1639 1255 quod
1672 1207 1793 1242 homo

479 1269 634 1316 ignoret
668 1267 1004 1315 dampnacionem
1038 1266 1258 1314 propriam,
1304 1266 1344 1301 in
1389 1274 1546 1301 tantum
1591 1266 1699 1312 quod
1735 1265 1794 1310 (ut

481 1326 619 1362 dicunt
652 1325 851 1372 catholici)
888 1327 992 1360 Deus
1036 1338 1115 1360 non
1160 1333 1289 1372 potest
1329 1323 1664 1371 dampnacionem
1705 1334 1795 1370 pro-

480 1384 608 1432 priam
644 1385 818 1419 revelare
852 1382 1018 1424 homini,
1053 1382 1147 1429 quia
1182 1392 1276 1418 tunc
1310 1383 1421 1417 daret
1455 1380 1706 1429 culpabiliter
1728 1392 1792 1415 Oc-

481 1442 681 1478 casionem
717 1441 869 1477 homini
902 1450 944 1476 ut
978 1442 1172 1488 desperet,
1219 1449 1255 1475 et
1295 1452 1365 1487 per
1397 1439 1503 1475 idem
1537 1439 1567 1475 si
1601 1439 1793 1474 revelaret

482 1501 652 1547 dyabolo
705 1498 1007 1535 ordinacionem
1063 1497 1368 1546 dampnacionis
1421 1497 1593 1533 hominis
1644 1505 1687 1532 ut
1739 1495 1792 1531 sic

482 1567 661 1605 temptet.
698 1557 796 1602 Quis
830 1570 922 1604 ergo
957 1558 1135 1592 crederet
1168 1556 1236 1592 tali
1269 1556 1390 1591 stulto
1424 1555 1594 1602 dyabolo
1618 1554 1658 1590 in
1681 1562 1794 1589 tanto

483 1615 693 1651 mendacio
727 1616 835 1662 quod
875 1614 1081 1662 presumit,
1116 1614 1209 1662 quia
1249 1626 1292 1649 ex
1330 1613 1461 1660 primo
1496 1612 1704 1648 mendacio
1738 1620 1795 1647 est

483 1675 725 1721 dampnatus
749 1682 785 1708 et
808 1674 938 1708 adhuc
962 1685 1041 1708 non
1066 1671 1261 1708 erubescit
1286 1670 1459 1709 mentiri.
1492 1680 1535 1706 ut
1559 1683 1630 1706 sua
1653 1671 1792 1717 damp-

484 1731 599 1767 nacio
633 1731 701 1767 fiat
734 1730 869 1778 peior?
903 1731 968 1766 Ille
1002 1742 1096 1777 ergo
1129 1739 1185 1765 est
1208 1729 1358 1765 infideli
1383 1728 1556 1764 deterior
1579 1727 1646 1776 qui
1670 1727 1794 1763 credit

484 1791 592 1825 nudo
624 1790 745 1825 verbo
779 1788 937 1836 dyaboli
970 1788 1009 1823 in
1044 1789 1116 1824 bac
1149 1797 1272 1835 parte.

543 1848 698 1883 Habeat
731 1859 824 1894 ergo
856 1855 1074 1893 temptatus
1106 1855 1286 1881 sanctum
1321 1844 1570 1892 propositum
1601 1842 1796 1879 serviendi

487 1907 569 1941 Deo
602 1905 641 1940 in
674 1904 839 1940 caritate
873 1903 1060 1940 continue
1105 1913 1141 1939 et
1186 1903 1363 1939 excuciat
1407 1915 1428 1938 a
1466 1914 1505 1937 se
1539 1900 1796 1937 adhesionem

487 1975 566 2010 qua
599 1962 723 1998 credit
756 1962 809 1997 illi
845 1971 1026 2009 apostate
1059 1961 1225 1997 infideli.
1279 1960 1320 1996 Si
1359 1969 1492 1996 autem
1526 1959 1615 2007 quis
1654 1960 1798 1994 habeat

487 2021 564 2056 tale
610 2020 771 2055 firmum
816 2019 1080 2067 propositum,
1112 2028 1148 2055 et
1192 2031 1301 2066 spem
1346 2017 1645 2065 perseverancie
1698 2015 1799 2052 sicut

488 2079 616 2119 debet,
642 2078 729 2125 quis
753 2078 908 2113 dubitat
931 2077 1027 2125 quin
1050 2085 1245 2124 repugnat
1267 2076 1350 2112 istis
1374 2074 1675 2111 condicionibus
1691 2075 1799 2121 quod

489 2136 755 2183 dampnetur?
788 2145 825 2171 et
849 2135 1074 2171 evidencius
1099 2144 1155 2170 est
1187 2135 1294 2170 salva
1326 2132 1607 2181 implicacione
1641 2131 1800 2178 dyaboli

490 2195 598 2241 quod
622 2194 743 2228 homo
772 2193 946 2228 confidat
970 2194 1016 2227 de
1041 2202 1129 2228 actu
1155 2191 1317 2239 proprio
1342 2201 1377 2226 et
1401 2204 1469 2238 spe
1493 2189 1641 2227 Christi
1675 2202 1796 2237 quam

494 2252 541 2287 de
575 2250 786 2287 mendacio
819 2250 1123 2286 infundabiliter
1155 2249 1355 2285 simulato.

552 2309 736 2344 Secundo
789 2308 920 2356 arguit
972 2308 1164 2355 dyabolus
1209 2307 1412 2343 hominem
1457 2318 1499 2342 ex
1543 2314 1799 2353 peccatorum

493 2366 707 2414 gravedine
740 2379 817 2414 que
850 2365 1067 2402 commisit:
1103 2368 1208 2402 Deus
1244 2365 1404 2412 (inquit)
1436 2377 1516 2400 non
1539 2372 1668 2411 potest
1691 2362 1801 2398 iusti-

492 2424 595 2461 ciam
628 2437 741 2461 suam
775 2426 968 2469 deserere,
1002 2425 1070 2459 sed
1102 2423 1258 2459 iusticia
1288 2422 1359 2458 Dei
1391 2421 1557 2469 requirit
1589 2421 1697 2469 quod
1729 2433 1802 2468 pro

582 2592 588 2597 .
610 2569 662 2596 DE
683 2570 711 2596 in
734 2577 847 2604 marg:
868 2567 948 2596 Nota
969 2569 1051 2596 bene.
1126 2576 1153 2602 o.
1174 2568 1202 2595 I:
1222 2571 1292 2595 sunt
1308 2567 1438 2596 sanctis:
1458 2567 1497 2594 ib.
1513 2568 1557 2594 A:
1573 2574 1647 2600 ymo
1672 2565 1802 2593 Christo.

494 2613 534 2632 ιο.
577 2615 583 2631 :
605 2612 665 2639 quo
686 2605 794 2640 igitur.
893 2612 926 2631 11.
949 2604 1017 2631 DE:
1037 2604 1114 2630 scial
1133 2603 1217 2638 quod
1234 2603 1327 2629 deest.
1420 2600 1456 2629 13.
1477 2602 1505 2629 I:
1528 2600 1674 2628 Ostendat
1694 2601 1801 2636 igitur.

493 2648 535 2673 41.
558 2639 581 2666 E
602 2639 631 2665 in
653 2647 766 2673 marg:
1015 2673 1019 2677 Ι

847 2673 1067 2740 ἷᾷέἑῗῇξῖἷῖὧΐῗ
1089 2690 1271 2726 angelorum
1293 2692 1323 2716 et
1343 2688 1467 2716 Clu-isti.

496 2743 536 2769 16.
565 2742 587 2767 E
615 2742 643 2768 in
675 2750 787 2776 marg:
819 2742 1075 2776 Dampnacionem
1103 2740 1234 2767 lzomim's
1260 2741 1318 2767 ,vibi
1344 2741 1482 2767 revelare
1508 2740 1590 2767 Deus
1617 2747 1677 2765 non
1703 2741 1806 2773 potest

493 2776 656 2804 secundum
676 2776 851 2803 catholicos.
920 2785 960 2810 ¹9-
983 2778 1026 2803 A:
1048 2784 1086 2802 ne
1105 2777 1252 2809 uespera.
1320 2783 1359 2802 21.
1384 2776 1408 2801 l:
1430 2775 1497 2810 quis
1515 2774 1633 2809 ι’,ρίίιιηι
1652 2774 1692 2799 ib.
1707 2774 1750 2800 A:
1771 2773 1802 2799 in

495 2814 604 2843 cat1t0;
628 2811 655 2837 I:
684 2811 713 2837 in
734 2813 829 2837 tanto.
909 2818 950 2837 22.
973 2810 1055 2837 Dlzl:
1083 2810 1167 2845 quod
1180 2810 1331 2844 presumit
1347 2810 1438 2835 stulto
1460 2809 1602 2839 diabolo:
1626 2807 1653 2834 1:
1682 2807 1804 2834 diabolo

496 2845 643 2877 cor1·exit;
665 2845 744 2872 dico.
833 2846 878 2871 26.
899 2846 926 2872 I:
948 2845 1073 2872 Habeat
1090 2844 1199 2879 igitar.
1286 2843 1329 2870 1⁴0.
1353 2844 1420 2870 DE:
1441 2844 1513 2878 quin
1534 2845 1691 2878 repugnat
1709 2842 1803 2868 deest.

495 2880 540 2911 34.
564 2879 679 2907 Codd.:
701 2880 835 2908 ltonn'm':
855 2880 894 2906 ib.
916 2881 943 2906 A
965 2880 993 2905 in
1017 2887 1130 2913 marga
1152 2878 1323 2905 Secundum
1342 2881 1576 2912 argumentum;
1594 2878 1619 2904 E
1639 2877 1668 2903 in
1691 2884 1803 2911 marg:

495 2916 714 2950 Argumenlmn
735 2914 852 2941 diaboli
866 2914 1039 2941 secundum.

1805 628 1821 661 5

1811 928 1849 949 10
