2062 3276
168 251 245 288 368
746 258 970 290 JOHANNIS
988 258 1174 289 WYCLIF
1194 258 1450 290 SERMONUM
1497 245 1648 302 [SERMO
1670 256 1762 283 XLV.

511 367 559 401 Et
598 364 654 401 sic
692 363 822 400 omnis
861 365 982 400 homo
1022 366 1137 401 debet
1177 364 1321 412 iugiter
1361 365 1574 401 memorari
1615 364 1761 401 Christi

452 423 694 471 passionem,
735 421 998 459 effectualiter
1030 422 1181 459 imitari
1216 435 1302 459 eam
1338 431 1375 459 et
1407 424 1547 459 devote
1580 422 1761 459 venerari

453 480 662 516 dominum
698 481 1008 528 redemptorem.
1052 483 1094 516 In
1128 481 1202 517 hiis
1242 480 1346 517 enim
1381 479 1562 516 consistit
1600 480 1762 528 sequela

451 538 710 587 vestigiorum
745 537 907 585 Christi,
947 540 995 575 ad
1029 551 1149 586 quam
1184 547 1343 575 tenetur
1381 538 1548 586 quilibet
1582 537 1648 587 qui
1680 539 1763 574 vult

455 610 614 634 manere
647 596 686 632 in
715 596 888 643 Christo,
922 598 1029 645 quod
1054 606 1111 633 est
1145 598 1191 633 de
1223 595 1459 633 necessitate
1483 595 1638 641 salutis;
1673 599 1797 632 cum5

451 654 644 692 Johannis
677 655 781 701 XV0‚
827 654 924 690 dicit
964 654 1160 702 Christus,
1206 655 1303 691 sicut
1336 655 1488 704 palmes
1532 667 1604 690 non
1637 661 1765 703 potest

442 714 561 762 ferre
586 714 769 762 fructum
803 712 877 748 nisi
908 713 1093 749 manserit
1132 713 1167 748 in
1201 713 1287 759 vite,
1327 713 1381 749 sic
1412 725 1479 748 nec
1518 724 1585 748 vos
1617 712 1692 747 nisi
1728 712 1763 747 in

454 784 513 807 me
551 770 781 807 manseritis.
823 771 992 818 Oportet
1031 770 1136 807 enim
1171 770 1317 807 Christi
1353 770 1594 818 discipulum
1628 770 1766 805 tollere

454 841 606 866 crucem
630 841 739 865 suam
763 835 798 864 et
819 829 928 877 sequi
948 828 1146 865 Christum
1171 830 1228 874 (ut
1252 827 1399 864 dicitur
1422 830 1526 864 Luce
1541 829 1663 874 X1V0,
1682 832 1763 875 27),

454 887 548 935 quia
581 895 739 935 oportet
772 899 843 922 nos
877 886 1011 923 dolere
1045 887 1092 922 de
1125 886 1298 934 peccatis
1321 886 1482 932 nostris,
1515 899 1587 934 pro
1620 885 1765 934 quibus
1786 900 1824 920 ιι»

455 944 635 981 Christus
675 944 731 981 sic
770 953 827 980 est
865 957 1017 992 passus.
1058 946 1202 980 Iterum
1242 953 1401 992 oportet
1439 957 1511 980 nos
1545 944 1678 980 dolere
1718 945 1765 979 de

453 1002 809 1051 ingratitudinibus
833 1002 977 1050 quibus
1001 1002 1225 1038 omittimus
1248 1002 1330 1050 pati
1346 1001 1496 1050 aliquid
1520 1015 1591 1049 pro
1607 1001 1766 1038 Christo

455 1061 522 1110 qui
563 1073 635 1109 pro
675 1060 791 1096 nobis
828 1069 886 1096 tot
925 1060 1103 1108 pertulit.
1149 1063 1197 1096 Et
1236 1060 1361 1096 tercio
1401 1061 1593 1096 debemus
1633 1059 1766 1096 subire

454 1132 576 1168 penas
597 1119 824 1166 corporales
843 1131 914 1167 pro
931 1118 1104 1165 Christo,
1124 1127 1165 1154 ut
1190 1117 1337 1154 ieiunia
1362 1127 1397 1154 et
1422 1118 1519 1154 alias
1541 1117 1767 1166 paciencias

455 1178 523 1213 sed
555 1176 720 1213 omnino
754 1189 892 1213 cavere
924 1189 945 1212 a
978 1176 1124 1224 triplici
1156 1185 1336 1225 peccato.
1370 1178 1498 1212 Nemo
1532 1175 1636 1212 enim
1661 1175 1768 1211 dives
1788 1178 1823 1210 ιζ’)

453 1236 515 1272 vel
543 1247 697 1283 pauper
730 1243 940 1270 excusatur
962 1247 983 1271 a
1007 1235 1168 1283 sequela
1191 1235 1277 1279 ista,
1313 1243 1349 1270 et
1372 1234 1427 1270 sic
1450 1243 1633 1270 tenemur
1656 1233 1767 1282 sequi

456 1292 659 1330 Christum
676 1292 716 1328 in
732 1292 991 1329 observancia
1002 1294 1301 1338 mandatorum,
1313 1292 1406 1341 quia
1417 1292 1530 1328 aliter
1540 1305 1621 1328 non
1631 1303 1768 1327 sumus

456 1351 594 1387 fideles
627 1350 727 1387 servi
762 1350 834 1387 Dei
868 1350 975 1387 iuxta
1007 1351 1104 1386 illud
1139 1350 1285 1387 Psalmi
1317 1352 1471 1396 XV1110‚
1509 1360 1574 1386 12:
1614 1350 1767 1385 Etenim

455 1421 593 1446 servus
611 1416 696 1445 tuus
714 1409 879 1445 custodit
897 1421 952 1447 ea,
971 1409 1006 1444 in
1026 1409 1284 1445 custodiendis
1307 1408 1383 1444 illis
1407 1408 1614 1444 retribucio
1637 1408 1769 1445 multa.

196 1475 362 1510 Summary
382 1474 413 1500 of
514 1469 563 1503 Et
596 1467 688 1503 hinc
722 1467 883 1515 exposui
906 1466 1017 1503 vobis
1050 1476 1131 1503 tam
1160 1466 1307 1503 seriose
1340 1466 1577 1514 decalogum
1605 1466 1769 1502 manda-
1784 1478 1826 1499 20

179 1511 228 1537 ΗΝ
249 1508 430 1571 ᾖξέῐζῗξῗῃά
456 1534 603 1571 torum,
639 1534 675 1561 et
699 1525 818 1561 hodie
850 1533 893 1561 ut
917 1524 1060 1561 melius
1085 1524 1364 1561 memoremini
1399 1524 1555 1572 epilogo
1579 1524 1769 1560 mandata

456 1583 665 1631 utriusque
697 1583 845 1629 tabule,
880 1584 1043 1619 hortans
1068 1585 1117 1619 ad
1152 1584 1435 1619 mandatorum
1466 1580 1767 1618 observanciam

457 1650 622 1690 propter
653 1640 741 1687 tria,
776 1640 907 1688 primo
930 1641 1024 1689 quia
1056 1650 1214 1688 oportet
1242 1653 1314 1676 nos
1347 1652 1438 1676 oves
1462 1639 1625 1676 Domini
1658 1638 1769 1687 sequi

458 1708 661 1748 pastorem
696 1711 898 1735 summum
931 1698 971 1734 in
995 1700 1152 1735 deserto
1185 1698 1322 1744 seculi,
1356 1697 1386 1734 si
1409 1699 1592 1734 volumus
1625 1695 1769 1733 salvari

460 1771 482 1794 a
504 1757 737 1794 latronibus.
764 1758 850 1806 Ipse
873 1756 976 1793 enim
1001 1765 1056 1793 est
1080 1758 1152 1803 νῐα,
1176 1757 1319 1792 veritas
1341 1764 1376 1792 et
1400 1756 1475 1791 vita
1497 1757 1584 1792 Joh.
1608 1756 1706 1801 XIV,
1732 1756 1769 1800 6,
1786 1758 1825 1788 25

461 1824 497 1852 et
530 1824 700 1852 testatur
721 1816 808 1851 Joh.
832 1816 877 1861 X,
905 1816 950 1851 16
986 1824 1023 1851 et
1056 1815 1095 1850 in
1119 1814 1322 1862 evangelio
1347 1813 1540 1850 hodierno
1564 1814 1770 1862 quomodo

461 1886 550 1910 oves
580 1886 646 1909 sue
677 1885 748 1921 per
779 1874 854 1909 hoc
878 1872 1160 1909 discernuntur
1193 1874 1242 1908 ab
1275 1872 1375 1918 aliis⁷
1409 1873 1517 1920 quod
1542 1884 1669 1907 vocem
1694 1870 1772 1907 eius

461 1932 634 1978 audiunt,
667 1932 871 1980 sequendo
904 1940 1119 1979 pastorem.
1155 1932 1255 1967 Cum
1280 1942 1373 1978 ergo
1405 1929 1641 1966 naturaliter
1663 1928 1772 1965 volu-

463 2003 551 2027 mus
595 1989 863 2026 salvacionem
909 2002 984 2037 que
1036 2002 1117 2025 non
1163 1990 1332 2025 habetur
1384 1988 1468 2024 sine
1513 1985 1773 2024 observancia

464 2049 766 2094 mandatorum,
801 2048 993 2083 debemus
1026 2047 1121 2095 ipsis
1154 2046 1372 2083 intendere.
1789 2047 1830 2080 30

523 2107 709 2143 Secundo
744 2107 934 2141 debemus
968 2104 1222 2141 considerare
1255 2105 1362 2152 quod
1397 2104 1588 2140 mandata
1611 2100 1773 2138 Domini

464 2164 608 2212 quibus
641 2172 798 2200 tantum
823 2163 1052 2211 obligamur
1084 2171 1175 2199 sunt
1197 2162 1310 2201 levia,
1344 2175 1423 2197 non
1457 2161 1531 2197 sibi
1564 2162 1632 2197 sed
1661 2159 1775 2196 nobis

464 2221 590 2268 utilia,
625 2230 661 2258 et
694 2222 741 2257 de
774 2229 923 2269 quanto
957 2220 1183 2256 diuturnius
1216 2222 1426 2256 observata
1460 2221 1507 2254 de
1539 2227 1651 2254 tanto
1685 2226 1776 2253 sunt

464 2280 627 2324 leviora,
649 2278 903 2327 placenciora
926 2287 963 2314 et
986 2278 1179 2315 validiora
1217 2278 1270 2313 Ex
1294 2290 1373 2326 quo
1398 2276 1647 2313 convincitur
1669 2276 1775 2323 quod

466 2347 558 2374 sunt
589 2337 791 2374 naturalia
825 2346 861 2373 et
895 2345 1026 2373 motus
1060 2336 1114 2372 eis
1146 2335 1354 2384 oppositus
1386 2335 1594 2371 violentus.
1790 2335 1829 2368 35

523 2395 667 2432 Tercio
700 2397 890 2432 debemus
923 2394 1177 2431 considerare
1210 2393 1444 2430 brevitatem
1474 2391 1669 2441 presentis
1700 2390 1777 2427 vite

468 2466 545 2502 qua
579 2455 769 2490 debemus
807 2454 945 2489 ludere
983 2452 1243 2488 interludium
1282 2451 1436 2497 larvati,
1477 2459 1514 2486 et
1545 2459 1629 2486 tota
1660 2461 1777 2485 occu-

470 2511 586 2559 pacio
625 2520 762 2548 nostra
795 2511 899 2547 circa
939 2510 1180 2558 temporalia
1214 2518 1270 2546 est
1308 2508 1422 2557 quasi
1455 2508 1632 2544 nundine
1673 2518 1778 2542 cere-

469 2582 604 2605 sorum
653 2571 711 2616 (ut
749 2578 859 2617 patet
902 2569 942 2604 in
982 2569 1137 2605 duobus
1181 2567 1434 2604 sermonibus
1472 2564 1691 2614 proximis).
1738 2563 1777 2600 Si

540 2702 568 2729 6.
589 2702 632 2729 H:
658 2701 727 2729 Jolz.
747 2701 798 2729 III.
900 2710 925 2737 7.
946 2702 974 2728 A
996 2701 1023 2728 in
1046 2708 1159 2735 marg:
1188 2699 1270 2727 Nota
1291 2700 1364 2727 tria.
1463 2698 1489 2727 S.
1511 2700 1539 2726 A
1559 2699 1588 2726 in
1611 2706 1724 2736 marty:
1755 2706 1778 2724 l.

471 2745 505 2764 ιι.
535 2738 563 2764 A
592 2736 622 2763 in
653 2744 766 2769 marg:
799 2743 825 2763 2.
946 2735 983 2763 13.
1013 2736 1041 2762 Α
1070 2736 1099 2762 in
1131 2743 1245 2770 marg:
1274 2743 1307 2769 3.
1427 2742 1470 2768 17.
1499 2733 1544 2761 H:
1573 2733 1648 2760 dicit
1675 2733 1778 2771 alites.

472 2780 513 2806 ις).
535 2772 577 2798 D:
600 2771 751 2799 custudit:
776 2771 816 2798 ib.
837 2771 878 2798 D:
902 2771 932 2798 in
954 2773 1048 2797 custo.
1122 2769 1164 2797 23.
1186 2771 1214 2797 A
1234 2770 1264 2796 in
1288 2777 1403 2804 marg:
1431 2768 1512 2796 Nota
1531 2768 1614 2799 tritu
1639 2768 1679 2794 ib.
1701 2768 1730 2794 A
1749 2774 1778 2793 in

472 2814 586 2840 marg:
604 2814 624 2832 ι.
680 2804 724 2832 28.
738 2805 809 2832 DG:
828 2805 936 2841 igitur.
998 2804 1036 2832 ¹31.
1049 2805 1093 2832 A:
1110 2804 1253 2831 mandata
1269 2804 1326 2831 cui.
1382 2803 1428 2839 39.
1442 2803 1484 2830 H:
1501 2806 1531 2830 ut
1541 2805 1629 2837 patet
1641 2802 1670 2828 1⁸12
1687 2801 1780 2828 deest.

543 2877 596 2908 25.
624 2877 755 2918 Gospel
782 2877 836 2907 for
860 2876 928 2908 this
955 2877 1096 2918 Sunday
1124 2877 1151 2907 is
1176 2875 1265 2907 John
1290 2876 1330 2915 X,
1355 2873 1498 2906 11—-1()‚
