<?xml version="1.0" encoding="UTF-8"?>
<!DOCTYPE html PUBLIC "-//W3C//DTD XHTML 1.0 Transitional//EN"
    "http://www.w3.org/TR/xhtml1/DTD/xhtml1-transitional.dtd">
<html xmlns="http://www.w3.org/1999/xhtml" xml:lang="en" lang="en">
 <head>
  <title>
</title>
<meta http-equiv="Content-Type" content="text/html;charset=utf-8" />
  <meta name='ocr-system' content='tesseract 3.04.00' />
  <meta name='ocr-capabilities' content='ocr_page ocr_carea ocr_par ocr_line ocrx_word'/>
</head>
<body>
  <div class='ocr_page' id='page_1' title='image "./iohanniswyclifse0704wycl_0183.png"; bbox 0 0 2062 3276; ppageno 0'>
   <div class='ocr_carea' id='block_1_1' title="bbox 247 227 1844 284">
    <p class='ocr_par' dir='ltr' id='par_1_1' title="bbox 247 227 1844 284">
     <span class='ocr_line' id='line_1_1' title="bbox 247 227 1844 284; baseline 0.011 -19"><span class='ocrx_word' id='word_1_1' title='bbox 247 236 382 266; x_wconf 79' lang='lat' dir='ltr'>SERMO</span> <span class='ocrx_word' id='word_1_2' title='bbox 404 227 500 284; x_wconf 73' lang='lat' dir='ltr'>xlx]</span> <span class='ocrx_word' id='word_1_3' title='bbox 733 241 922 281; x_wconf 70' lang='lat' dir='ltr'><strong>QUARTA</strong></span> <span class='ocrx_word' id='word_1_4' title='bbox 952 242 1078 274; x_wconf 79' lang='lat' dir='ltr'>PARS.</span> <span class='ocrx_word' id='word_1_5' title='bbox 1773 238 1844 274; x_wconf 77' lang='lat'>¹63</span> 
     </span>
    </p>
   </div>
   <div class='ocr_carea' id='block_1_2' title="bbox 175 346 1845 2488">
    <p class='ocr_par' dir='ltr' id='par_1_2' title="bbox 247 346 1558 442">
     <span class='ocr_line' id='line_1_2' title="bbox 247 346 1558 398; baseline 0.004 -16"><span class='ocrx_word' id='word_1_6' title='bbox 247 346 414 383; x_wconf 85' lang='lat' dir='ltr'>caritate</span> <span class='ocrx_word' id='word_1_7' title='bbox 457 346 541 384; x_wconf 87' lang='lat' dir='ltr'>sine</span> <span class='ocrx_word' id='word_1_8' title='bbox 586 360 722 384; x_wconf 85' lang='lat' dir='ltr'>errore</span> <span class='ocrx_word' id='word_1_9' title='bbox 767 348 873 385; x_wconf 85' lang='lat' dir='ltr'>circa</span> <span class='ocrx_word' id='word_1_10' title='bbox 920 350 1069 385; x_wconf 90' lang='lat' dir='ltr'>bonum</span> <span class='ocrx_word' id='word_1_11' title='bbox 1116 349 1300 397; x_wconf 77' lang='lat' dir='ltr'>eligibile‚</span> <span class='ocrx_word' id='word_1_12' title='bbox 1348 352 1455 398; x_wconf 88' lang='lat' dir='ltr'>quod</span> <span class='ocrx_word' id='word_1_13' title='bbox 1503 351 1558 387; x_wconf 87' lang='lat' dir='ltr'>sic</span> 
     </span>
     <span class='ocr_line' id='line_1_3' title="bbox 247 405 1000 442; baseline 0.001 -2"><span class='ocrx_word' id='word_1_14' title='bbox 247 406 364 440; x_wconf 89' lang='lat' dir='ltr'>debet</span> <span class='ocrx_word' id='word_1_15' title='bbox 398 417 480 441; x_wconf 88' lang='lat' dir='ltr'>esse</span> <span class='ocrx_word' id='word_1_16' title='bbox 514 405 553 442; x_wconf 92' lang='lat' dir='ltr'>in</span> <span class='ocrx_word' id='word_1_17' title='bbox 587 405 754 442; x_wconf 87' lang='lat' dir='ltr'>ecclesia</span> <span class='ocrx_word' id='word_1_18' title='bbox 789 405 1000 442; x_wconf 81' lang='lat' dir='ltr'>militante.</span> 
     </span>
    </p>

    <p class='ocr_par' dir='ltr' id='par_1_3' title="bbox 245 463 1842 580">
     <span class='ocr_line' id='line_1_4' title="bbox 303 463 1822 515; baseline 0.003 -17"><span class='ocrx_word' id='word_1_19' title='bbox 303 464 358 498; x_wconf 80' lang='lat' dir='ltr'>Ex</span> <span class='ocrx_word' id='word_1_20' title='bbox 391 476 469 511; x_wconf 84' lang='lat' dir='ltr'>quo</span> <span class='ocrx_word' id='word_1_21' title='bbox 503 463 671 499; x_wconf 84' lang='lat' dir='ltr'>infertur</span> <span class='ocrx_word' id='word_1_22' title='bbox 704 463 871 500; x_wconf 84' lang='lat' dir='ltr'>ulterius</span> <span class='ocrx_word' id='word_1_23' title='bbox 902 466 1008 512; x_wconf 89' lang='lat' dir='ltr'>quod</span> <span class='ocrx_word' id='word_1_24' title='bbox 1033 477 1136 512; x_wconf 86' lang='lat' dir='ltr'>pape</span> <span class='ocrx_word' id='word_1_25' title='bbox 1158 465 1284 500; x_wconf 86' lang='lat' dir='ltr'>nostri</span> <span class='ocrx_word' id='word_1_26' title='bbox 1308 478 1389 501; x_wconf 86' lang='lat' dir='ltr'>non</span> <span class='ocrx_word' id='word_1_27' title='bbox 1414 466 1558 502; x_wconf 84' lang='lat' dir='ltr'>debent</span> <span class='ocrx_word' id='word_1_28' title='bbox 1617 474 1684 502; x_wconf 75' lang='lat' dir='ltr'>Tne</span> <span class='ocrx_word' id='word_1_29' title='bbox 1706 483 1822 515; x_wconf 70' lang='lat' dir='ltr'>popes¹</span> 
     </span>
     <span class='ocr_line' id='line_1_5' title="bbox 245 510 1842 580; baseline 0.009 -24"><span class='ocrx_word' id='word_1_30' title='bbox 245 519 483 557; x_wconf 85' lang='lat' dir='ltr'>altrinsecus</span> <span class='ocrx_word' id='word_1_31' title='bbox 529 522 631 558; x_wconf 86' lang='lat' dir='ltr'>bella</span> <span class='ocrx_word' id='word_1_32' title='bbox 678 535 750 570; x_wconf 83' lang='lat' dir='ltr'>pro</span> <span class='ocrx_word' id='word_1_33' title='bbox 795 534 866 557; x_wconf 83' lang='lat' dir='ltr'>sua</span> <span class='ocrx_word' id='word_1_34' title='bbox 912 521 1118 570; x_wconf 75' lang='lat' dir='ltr'>dignitate,</span> <span class='ocrx_word' id='word_1_35' title='bbox 1166 522 1320 559; x_wconf 79' lang='lat' dir='ltr'>diviciis</span> <span class='ocrx_word' id='word_1_36' title='bbox 1366 531 1432 559; x_wconf 86' lang='lat' dir='ltr'>aut</span> <span class='ocrx_word' id='word_1_37' title='bbox 1477 523 1556 560; x_wconf 76' lang='lat' dir='ltr'>vita</span> <span class='ocrx_word' id='word_1_38' title='bbox 1580 510 1842 580; x_wconf 32' lang='lat' dir='ltr'>slioglssixffitstn‘</span> 
     </span>
    </p>

    <p class='ocr_par' dir='ltr' id='par_1_4' title="bbox 212 578 1560 861">
     <span class='ocr_line' id='line_1_6' title="bbox 212 578 1557 618; baseline 0.002 -4"><span class='ocrx_word' id='word_1_39' title='bbox 212 578 378 615; x_wconf 66' lang='lat' dir='ltr'>§taliter</span> <span class='ocrx_word' id='word_1_40' title='bbox 412 591 681 616; x_wconf 88' lang='lat' dir='ltr'>commovere.</span> <span class='ocrx_word' id='word_1_41' title='bbox 730 581 865 616; x_wconf 83' lang='lat' dir='ltr'>Potest</span> <span class='ocrx_word' id='word_1_42' title='bbox 904 589 1039 616; x_wconf 85' lang='lat' dir='ltr'>autem</span> <span class='ocrx_word' id='word_1_43' title='bbox 1079 593 1122 616; x_wconf 85' lang='lat' dir='ltr'>ex</span> <span class='ocrx_word' id='word_1_44' title='bbox 1161 580 1336 617; x_wconf 82' lang='lat' dir='ltr'><strong>sedecim</strong></span> <span class='ocrx_word' id='word_1_45' title='bbox 1377 581 1557 618; x_wconf 86' lang='lat' dir='ltr'>caritatis</span> 
     </span>
     <span class='ocr_line' id='line_1_7' title="bbox 245 636 1559 687; baseline 0.002 -15"><span class='ocrx_word' id='word_1_46' title='bbox 245 636 551 673; x_wconf 80' lang='lat' dir='ltr'>condicionibus</span> <span class='ocrx_word' id='word_1_47' title='bbox 585 637 767 674; x_wconf 81' lang='lat' dir='ltr'>convinci</span> <span class='ocrx_word' id='word_1_48' title='bbox 813 639 922 686; x_wconf 89' lang='lat' dir='ltr'>quod</span> <span class='ocrx_word' id='word_1_49' title='bbox 961 639 1082 674; x_wconf 86' lang='lat' dir='ltr'>ambo</span> <span class='ocrx_word' id='word_1_50' title='bbox 1124 638 1187 674; x_wconf 88' lang='lat' dir='ltr'>isti</span> <span class='ocrx_word' id='word_1_51' title='bbox 1228 651 1331 687; x_wconf 83' lang='lat' dir='ltr'>pape</span> <span class='ocrx_word' id='word_1_52' title='bbox 1365 641 1559 675; x_wconf 86' lang='lat' dir='ltr'>excedunt</span> 
     </span>
     <span class='ocr_line' id='line_1_8' title="bbox 243 694 1559 746; baseline 0.002 -16"><span class='ocrx_word' id='word_1_53' title='bbox 243 694 391 731; x_wconf 86' lang='lat' dir='ltr'>limites</span> <span class='ocrx_word' id='word_1_54' title='bbox 425 695 623 741; x_wconf 79' lang='lat' dir='ltr'>caritatis3</span> <span class='ocrx_word' id='word_1_55' title='bbox 658 708 747 732; x_wconf 89' lang='lat' dir='ltr'>cum</span> <span class='ocrx_word' id='word_1_56' title='bbox 780 696 925 731; x_wconf 70' lang='lat' dir='ltr'>caritas</span> <span class='ocrx_word' id='word_1_57' title='bbox 952 696 1111 746; x_wconf 72' lang='lat' dir='ltr'>paciens</span> <span class='ocrx_word' id='word_1_58' title='bbox 1142 704 1209 742; x_wconf 77' lang='lat' dir='ltr'>est,</span> <span class='ocrx_word' id='word_1_59' title='bbox 1245 696 1309 732; x_wconf 87' lang='lat' dir='ltr'>isti</span> <span class='ocrx_word' id='word_1_60' title='bbox 1343 706 1476 733; x_wconf 86' lang='lat' dir='ltr'>autem</span> <span class='ocrx_word' id='word_1_61' title='bbox 1502 697 1559 733; x_wconf 87' lang='lat' dir='ltr'>in-</span> 
     </span>
     <span class='ocr_line' id='line_1_9' title="bbox 247 752 1559 803; baseline 0.002 -15"><span class='ocrx_word' id='word_1_62' title='bbox 247 752 380 801; x_wconf 85' lang='lat' dir='ltr'>quiete</span> <span class='ocrx_word' id='word_1_63' title='bbox 413 761 580 801; x_wconf 89' lang='lat' dir='ltr'>propter</span> <span class='ocrx_word' id='word_1_64' title='bbox 612 766 774 790; x_wconf 87' lang='lat' dir='ltr'>causam</span> <span class='ocrx_word' id='word_1_65' title='bbox 810 754 935 790; x_wconf 83' lang='lat' dir='ltr'>levem</span> <span class='ocrx_word' id='word_1_66' title='bbox 970 754 1281 803; x_wconf 76' lang='lat' dir='ltr'>improbabilem</span> <span class='ocrx_word' id='word_1_67' title='bbox 1323 755 1559 792; x_wconf 84' lang='lat' dir='ltr'>altrinsecus</span> 
     </span>
     <span class='ocr_line' id='line_1_10' title="bbox 244 810 1560 861; baseline 0.002 -15"><span class='ocrx_word' id='word_1_68' title='bbox 244 823 284 847; x_wconf 91' lang='lat' dir='ltr'>se</span> <span class='ocrx_word' id='word_1_69' title='bbox 318 810 568 859; x_wconf 81' lang='lat' dir='ltr'>impugnant.</span> <span class='ocrx_word' id='word_1_70' title='bbox 616 813 741 848; x_wconf 80' lang='lat' dir='ltr'>Debet</span> <span class='ocrx_word' id='word_1_71' title='bbox 782 811 887 848; x_wconf 87' lang='lat' dir='ltr'>enim</span> <span class='ocrx_word' id='word_1_72' title='bbox 921 814 1005 848; x_wconf 93' lang='lat' dir='ltr'>Deo</span> <span class='ocrx_word' id='word_1_73' title='bbox 1045 825 1129 849; x_wconf 88' lang='lat' dir='ltr'>esse</span> <span class='ocrx_word' id='word_1_74' title='bbox 1162 812 1372 861; x_wconf 90' lang='lat' dir='ltr'>proprium</span> <span class='ocrx_word' id='word_1_75' title='bbox 1407 826 1448 850; x_wconf 84' lang='lat' dir='ltr'>se</span> <span class='ocrx_word' id='word_1_76' title='bbox 1480 826 1560 850; x_wconf 90' lang='lat' dir='ltr'>non</span> 
     </span>
    </p>

    <p class='ocr_par' dir='ltr' id='par_1_5' title="bbox 190 870 1839 1152">
     <span class='ocr_line' id='line_1_11' title="bbox 190 870 1558 919; baseline 0.003 -16"><span class='ocrx_word' id='word_1_77' title='bbox 190 877 399 905; x_wconf 74' lang='lat' dir='ltr'>iotantum</span> <span class='ocrx_word' id='word_1_78' title='bbox 433 882 506 917; x_wconf 84' lang='lat' dir='ltr'>pro</span> <span class='ocrx_word' id='word_1_79' title='bbox 541 882 661 906; x_wconf 88' lang='lat' dir='ltr'>causa</span> <span class='ocrx_word' id='word_1_80' title='bbox 693 879 775 906; x_wconf 87' lang='lat' dir='ltr'>tam</span> <span class='ocrx_word' id='word_1_81' title='bbox 810 870 951 906; x_wconf 83' lang='lat' dir='ltr'>frivola</span> <span class='ocrx_word' id='word_1_82' title='bbox 984 871 1053 907; x_wconf 84' lang='lat' dir='ltr'>sed</span> <span class='ocrx_word' id='word_1_83' title='bbox 1086 870 1307 907; x_wconf 89' lang='lat' dir='ltr'>iustissima</span> <span class='ocrx_word' id='word_1_84' title='bbox 1339 871 1558 919; x_wconf 83' lang='lat' dir='ltr'>vindicare,</span> 
     </span>
     <span class='ocr_line' id='line_1_12' title="bbox 244 926 1788 978; baseline 0.003 -16"><span class='ocrx_word' id='word_1_85' title='bbox 244 926 421 963; x_wconf 88' lang='lat' dir='ltr'>medium</span> <span class='ocrx_word' id='word_1_86' title='bbox 455 935 588 964; x_wconf 92' lang='lat' dir='ltr'>autem</span> <span class='ocrx_word' id='word_1_87' title='bbox 622 927 854 964; x_wconf 86' lang='lat' dir='ltr'>vindicandi</span> <span class='ocrx_word' id='word_1_88' title='bbox 887 928 1044 964; x_wconf 86' lang='lat' dir='ltr'>videtur</span> <span class='ocrx_word' id='word_1_89' title='bbox 1088 941 1229 977; x_wconf 82' lang='lat' dir='ltr'>sapere</span> <span class='ocrx_word' id='word_1_90' title='bbox 1278 929 1556 977; x_wconf 77' lang='lat' dir='ltr'>blasphemam</span> <span class='ocrx_word' id='word_1_91' title='bbox 1650 939 1788 978; x_wconf 26' lang='lat' dir='ltr'>Neither&#39;</span> 
     </span>
     <span class='ocr_line' id='line_1_13' title="bbox 243 975 1839 1046; baseline 0.003 -26"><span class='ocrx_word' id='word_1_92' title='bbox 243 985 415 1021; x_wconf 87' lang='lat' dir='ltr'>heresim</span> <span class='ocrx_word' id='word_1_93' title='bbox 452 985 588 1022; x_wconf 89' lang='lat' dir='ltr'>multis</span> <span class='ocrx_word' id='word_1_94' title='bbox 623 986 766 1023; x_wconf 89' lang='lat' dir='ltr'>modis.</span> <span class='ocrx_word' id='word_1_95' title='bbox 811 987 912 1023; x_wconf 90' lang='lat' dir='ltr'>Cum</span> <span class='ocrx_word' id='word_1_96' title='bbox 947 995 1081 1023; x_wconf 86' lang='lat' dir='ltr'>autem</span> <span class='ocrx_word' id='word_1_97' title='bbox 1116 987 1223 1023; x_wconf 86' lang='lat' dir='ltr'>solus</span> <span class='ocrx_word' id='word_1_98' title='bbox 1257 987 1348 1023; x_wconf 84' lang='lat' dir='ltr'>talis</span> <span class='ocrx_word' id='word_1_99' title='bbox 1383 1000 1425 1023; x_wconf 86' lang='lat' dir='ltr'>ex</span> <span class='ocrx_word' id='word_1_100' title='bbox 1459 988 1559 1024; x_wconf 89' lang='lat' dir='ltr'>elec-</span> <span class='ocrx_word' id='word_1_101' title='bbox 1581 975 1839 1046; x_wconf 42' lang='lat' dir='ltr'>poesissnffssmffiggvg</span> 
     </span>
     <span class='ocr_line' id='line_1_14' title="bbox 244 1042 1769 1094; baseline 0.003 -15"><span class='ocrx_word' id='word_1_102' title='bbox 244 1042 358 1079; x_wconf 88' lang='lat' dir='ltr'>cione</span> <span class='ocrx_word' id='word_1_103' title='bbox 393 1042 478 1089; x_wconf 79' lang='lat' dir='ltr'>Dei,</span> <span class='ocrx_word' id='word_1_104' title='bbox 513 1043 595 1080; x_wconf 86' lang='lat' dir='ltr'>sine</span> <span class='ocrx_word' id='word_1_105' title='bbox 629 1057 707 1093; x_wconf 88' lang='lat' dir='ltr'>qua</span> <span class='ocrx_word' id='word_1_106' title='bbox 739 1045 848 1080; x_wconf 86' lang='lat' dir='ltr'>nulla</span> <span class='ocrx_word' id='word_1_107' title='bbox 881 1045 1058 1081; x_wconf 87' lang='lat' dir='ltr'>humana</span> <span class='ocrx_word' id='word_1_108' title='bbox 1092 1054 1148 1081; x_wconf 92' lang='lat' dir='ltr'>est</span> <span class='ocrx_word' id='word_1_109' title='bbox 1181 1045 1325 1091; x_wconf 78' lang='lat' dir='ltr'>valida,</span> <span class='ocrx_word' id='word_1_110' title='bbox 1373 1045 1421 1081; x_wconf 88' lang='lat' dir='ltr'>sit</span> <span class='ocrx_word' id='word_1_111' title='bbox 1454 1059 1559 1094; x_wconf 84' lang='lat' dir='ltr'>papa</span> <span class='ocrx_word' id='word_1_112' title='bbox 1653 1042 1769 1072; x_wconf 62' lang='lat' dir='ltr'>Chffloe·</span> 
     </span>
     <span class='ocr_line' id='line_1_15' title="bbox 242 1100 1559 1152; baseline 0.003 -16"><span class='ocrx_word' id='word_1_113' title='bbox 242 1100 283 1137; x_wconf 87' lang='lat' dir='ltr'>in</span> <span class='ocrx_word' id='word_1_114' title='bbox 336 1101 452 1137; x_wconf 87' lang='lat' dir='ltr'>terris</span> <span class='ocrx_word' id='word_1_115' title='bbox 507 1101 573 1150; x_wconf 86' lang='lat' dir='ltr'>qui</span> <span class='ocrx_word' id='word_1_116' title='bbox 627 1111 684 1139; x_wconf 85' lang='lat' dir='ltr'>est</span> <span class='ocrx_word' id='word_1_117' title='bbox 746 1102 996 1139; x_wconf 84' lang='lat' dir='ltr'>humillimus</span> <span class='ocrx_word' id='word_1_118' title='bbox 1057 1102 1161 1139; x_wconf 88' lang='lat' dir='ltr'>inter</span> <span class='ocrx_word' id='word_1_119' title='bbox 1223 1104 1368 1140; x_wconf 84' lang='lat' dir='ltr'>fratres</span> <span class='ocrx_word' id='word_1_120' title='bbox 1433 1105 1559 1152; x_wconf 75' lang='lat' dir='ltr'>(patet</span> 
     </span>
    </p>

    <p class='ocr_par' dir='ltr' id='par_1_6' title="bbox 190 1159 1558 1268">
     <span class='ocr_line' id='line_1_16' title="bbox 190 1159 1558 1209; baseline 0.004 -15"><span class='ocrx_word' id='word_1_121' title='bbox 190 1159 384 1195; x_wconf 77' lang='lat' dir='ltr'>15Matth.</span> <span class='ocrx_word' id='word_1_122' title='bbox 409 1160 558 1205; x_wconf 83' lang='lat' dir='ltr'>XVIII),</span> <span class='ocrx_word' id='word_1_123' title='bbox 593 1160 751 1197; x_wconf 86' lang='lat' dir='ltr'>videtur</span> <span class='ocrx_word' id='word_1_124' title='bbox 783 1161 891 1209; x_wconf 85' lang='lat' dir='ltr'>quod</span> <span class='ocrx_word' id='word_1_125' title='bbox 923 1169 1065 1197; x_wconf 85' lang='lat' dir='ltr'>neuter</span> <span class='ocrx_word' id='word_1_126' title='bbox 1098 1161 1266 1197; x_wconf 86' lang='lat' dir='ltr'>istorum</span> <span class='ocrx_word' id='word_1_127' title='bbox 1291 1174 1334 1198; x_wconf 89' lang='lat' dir='ltr'>ex</span> <span class='ocrx_word' id='word_1_128' title='bbox 1357 1161 1558 1199; x_wconf 85' lang='lat' dir='ltr'>eleccione</span> 
     </span>
     <span class='ocr_line' id='line_1_17' title="bbox 243 1216 1558 1268; baseline 0.002 -15"><span class='ocrx_word' id='word_1_129' title='bbox 243 1216 314 1253; x_wconf 91' lang='lat' dir='ltr'>Dei</span> <span class='ocrx_word' id='word_1_130' title='bbox 348 1217 397 1253; x_wconf 90' lang='lat' dir='ltr'>sit</span> <span class='ocrx_word' id='word_1_131' title='bbox 430 1230 549 1266; x_wconf 91' lang='lat' dir='ltr'>papa,</span> <span class='ocrx_word' id='word_1_132' title='bbox 584 1230 674 1254; x_wconf 91' lang='lat' dir='ltr'>cum</span> <span class='ocrx_word' id='word_1_133' title='bbox 708 1218 758 1255; x_wconf 88' lang='lat' dir='ltr'>sit</span> <span class='ocrx_word' id='word_1_134' title='bbox 790 1227 946 1255; x_wconf 83' lang='lat' dir='ltr'>tantum</span> <span class='ocrx_word' id='word_1_135' title='bbox 981 1218 1126 1255; x_wconf 85' lang='lat' dir='ltr'>iniurie</span> <span class='ocrx_word' id='word_1_136' title='bbox 1149 1219 1313 1268; x_wconf 87' lang='lat' dir='ltr'>proprie</span> <span class='ocrx_word' id='word_1_137' title='bbox 1336 1219 1558 1257; x_wconf 84' lang='lat' dir='ltr'>vindicans.</span> 
     </span>
    </p>

    <p class='ocr_par' dir='ltr' id='par_1_7' title="bbox 242 1275 1558 1442">
     <span class='ocr_line' id='line_1_18' title="bbox 243 1275 1557 1326; baseline 0.003 -15"><span class='ocrx_word' id='word_1_138' title='bbox 243 1276 320 1311; x_wconf 85' lang='lat' dir='ltr'>Sed</span> <span class='ocrx_word' id='word_1_139' title='bbox 354 1275 416 1312; x_wconf 91' lang='lat' dir='ltr'>hic</span> <span class='ocrx_word' id='word_1_140' title='bbox 450 1276 736 1324; x_wconf 80' lang='lat' dir='ltr'>sophisticatus</span> <span class='ocrx_word' id='word_1_141' title='bbox 771 1278 878 1325; x_wconf 87' lang='lat' dir='ltr'>quod</span> <span class='ocrx_word' id='word_1_142' title='bbox 912 1277 968 1313; x_wconf 87' lang='lat' dir='ltr'>sic</span> <span class='ocrx_word' id='word_1_143' title='bbox 1002 1276 1147 1313; x_wconf 88' lang='lat' dir='ltr'>siciunt</span> <span class='ocrx_word' id='word_1_144' title='bbox 1172 1287 1338 1326; x_wconf 75' lang='lat' dir='ltr'>propter</span> <span class='ocrx_word' id='word_1_145' title='bbox 1363 1279 1557 1315; x_wconf 91' lang='lat' dir='ltr'>honorem</span> 
     </span>
     <span class='ocr_line' id='line_1_19' title="bbox 243 1333 1558 1384; baseline 0.002 -15"><span class='ocrx_word' id='word_1_146' title='bbox 243 1333 314 1369; x_wconf 91' lang='lat' dir='ltr'>Dei</span> <span class='ocrx_word' id='word_1_147' title='bbox 349 1342 385 1369; x_wconf 87' lang='lat' dir='ltr'>et</span> <span class='ocrx_word' id='word_1_148' title='bbox 417 1334 633 1370; x_wconf 81' lang='lat' dir='ltr'>utilitatem</span> <span class='ocrx_word' id='word_1_149' title='bbox 667 1335 833 1371; x_wconf 88' lang='lat' dir='ltr'>ecclesie</span> <span class='ocrx_word' id='word_1_150' title='bbox 866 1347 944 1384; x_wconf 88' lang='lat' dir='ltr'>que</span> <span class='ocrx_word' id='word_1_151' title='bbox 977 1334 1127 1371; x_wconf 87' lang='lat' dir='ltr'>faciunt</span> <span class='ocrx_word' id='word_1_152' title='bbox 1173 1335 1306 1384; x_wconf 88' lang='lat' dir='ltr'>primo</span> <span class='ocrx_word' id='word_1_153' title='bbox 1353 1336 1558 1383; x_wconf 88' lang='lat' dir='ltr'>omnium;</span> 
     </span>
     <span class='ocr_line' id='line_1_20' title="bbox 242 1390 1558 1442; baseline 0.003 -16"><span class='ocrx_word' id='word_1_154' title='bbox 242 1390 456 1428; x_wconf 87' lang='lat' dir='ltr'>falsissima</span> <span class='ocrx_word' id='word_1_155' title='bbox 489 1392 651 1441; x_wconf 86' lang='lat' dir='ltr'>quidem</span> <span class='ocrx_word' id='word_1_156' title='bbox 687 1402 743 1429; x_wconf 88' lang='lat' dir='ltr'>est</span> <span class='ocrx_word' id='word_1_157' title='bbox 777 1394 848 1429; x_wconf 91' lang='lat' dir='ltr'>hec</span> <span class='ocrx_word' id='word_1_158' title='bbox 894 1393 1102 1430; x_wconf 79' lang='lat' dir='ltr'>excusacio</span> <span class='ocrx_word' id='word_1_159' title='bbox 1148 1393 1187 1430; x_wconf 85' lang='lat' dir='ltr'>in</span> <span class='ocrx_word' id='word_1_160' title='bbox 1232 1394 1421 1442; x_wconf 87' lang='lat' dir='ltr'>peccatis,</span> <span class='ocrx_word' id='word_1_161' title='bbox 1469 1407 1558 1431; x_wconf 91' lang='lat' dir='ltr'>cum</span> 
     </span>
    </p>

    <p class='ocr_par' dir='ltr' id='par_1_8' title="bbox 185 1450 1560 1732">
     <span class='ocr_line' id='line_1_21' title="bbox 185 1450 1560 1501; baseline 0.004 -18"><span class='ocrx_word' id='word_1_162' title='bbox 185 1461 226 1482; x_wconf 82' lang='lat'>20</span> <span class='ocrx_word' id='word_1_163' title='bbox 242 1461 344 1485; x_wconf 84' lang='lat' dir='ltr'>unus</span> <span class='ocrx_word' id='word_1_164' title='bbox 379 1450 476 1486; x_wconf 88' lang='lat' dir='ltr'>dicit</span> <span class='ocrx_word' id='word_1_165' title='bbox 509 1452 617 1499; x_wconf 82' lang='lat' dir='ltr'>quod</span> <span class='ocrx_word' id='word_1_166' title='bbox 651 1451 830 1499; x_wconf 83' lang='lat' dir='ltr'>reliquus</span> <span class='ocrx_word' id='word_1_167' title='bbox 863 1460 1004 1499; x_wconf 87' lang='lat' dir='ltr'>peccat</span> <span class='ocrx_word' id='word_1_168' title='bbox 1036 1451 1222 1499; x_wconf 70' lang='lat' dir='ltr'>graviter,</span> <span class='ocrx_word' id='word_1_169' title='bbox 1258 1461 1295 1488; x_wconf 90' lang='lat' dir='ltr'>et</span> <span class='ocrx_word' id='word_1_170' title='bbox 1327 1453 1427 1488; x_wconf 87' lang='lat' dir='ltr'>alter</span> <span class='ocrx_word' id='word_1_171' title='bbox 1451 1455 1560 1501; x_wconf 84' lang='lat' dir='ltr'>quod</span> 
     </span>
     <span class='ocr_line' id='line_1_22' title="bbox 241 1507 1558 1559; baseline 0.003 -16"><span class='ocrx_word' id='word_1_172' title='bbox 241 1520 321 1543; x_wconf 89' lang='lat' dir='ltr'>non</span> <span class='ocrx_word' id='word_1_173' title='bbox 354 1507 437 1556; x_wconf 89' lang='lat' dir='ltr'>ipse</span> <span class='ocrx_word' id='word_1_174' title='bbox 470 1510 537 1545; x_wconf 92' lang='lat' dir='ltr'>sed</span> <span class='ocrx_word' id='word_1_175' title='bbox 572 1521 664 1545; x_wconf 87' lang='lat' dir='ltr'>suus</span> <span class='ocrx_word' id='word_1_176' title='bbox 687 1509 940 1545; x_wconf 79' lang='lat' dir='ltr'>adversarius</span> <span class='ocrx_word' id='word_1_177' title='bbox 963 1509 1018 1546; x_wconf 87' lang='lat' dir='ltr'>ita</span> <span class='ocrx_word' id='word_1_178' title='bbox 1042 1519 1194 1557; x_wconf 79' lang='lat' dir='ltr'>peccat.</span> <span class='ocrx_word' id='word_1_179' title='bbox 1232 1511 1372 1547; x_wconf 87' lang='lat' dir='ltr'>Honor</span> <span class='ocrx_word' id='word_1_180' title='bbox 1396 1511 1558 1559; x_wconf 88' lang='lat' dir='ltr'>quidem</span> 
     </span>
     <span class='ocr_line' id='line_1_23' title="bbox 242 1566 1560 1616; baseline 0.003 -15"><span class='ocrx_word' id='word_1_181' title='bbox 242 1566 314 1602; x_wconf 93' lang='lat' dir='ltr'>Dei</span> <span class='ocrx_word' id='word_1_182' title='bbox 362 1567 463 1603; x_wconf 82' lang='lat' dir='ltr'>foret</span> <span class='ocrx_word' id='word_1_183' title='bbox 508 1576 545 1603; x_wconf 92' lang='lat' dir='ltr'>et</span> <span class='ocrx_word' id='word_1_184' title='bbox 590 1566 743 1603; x_wconf 82' lang='lat' dir='ltr'>utilitas</span> <span class='ocrx_word' id='word_1_185' title='bbox 789 1567 955 1604; x_wconf 88' lang='lat' dir='ltr'>ecclesie</span> <span class='ocrx_word' id='word_1_186' title='bbox 1000 1569 1108 1616; x_wconf 88' lang='lat' dir='ltr'>quod</span> <span class='ocrx_word' id='word_1_187' title='bbox 1153 1576 1321 1616; x_wconf 88' lang='lat' dir='ltr'>uterque</span> <span class='ocrx_word' id='word_1_188' title='bbox 1355 1577 1560 1616; x_wconf 86' lang='lat' dir='ltr'>pateretur</span> 
     </span>
     <span class='ocr_line' id='line_1_24' title="bbox 241 1623 1559 1674; baseline 0.002 -14"><span class='ocrx_word' id='word_1_189' title='bbox 241 1623 407 1661; x_wconf 89' lang='lat' dir='ltr'>iniurias</span> <span class='ocrx_word' id='word_1_190' title='bbox 441 1626 662 1661; x_wconf 89' lang='lat' dir='ltr'>secundum</span> <span class='ocrx_word' id='word_1_191' title='bbox 698 1625 868 1662; x_wconf 87' lang='lat' dir='ltr'>formam</span> <span class='ocrx_word' id='word_1_192' title='bbox 905 1639 982 1674; x_wconf 89' lang='lat' dir='ltr'>qua</span> <span class='ocrx_word' id='word_1_193' title='bbox 1016 1626 1197 1662; x_wconf 85' lang='lat' dir='ltr'>Christus</span> <span class='ocrx_word' id='word_1_194' title='bbox 1232 1639 1372 1674; x_wconf 83' lang='lat' dir='ltr'>passus</span> <span class='ocrx_word' id='word_1_195' title='bbox 1406 1636 1476 1672; x_wconf 85' lang='lat' dir='ltr'>est,</span> <span class='ocrx_word' id='word_1_196' title='bbox 1517 1635 1559 1663; x_wconf 94' lang='lat' dir='ltr'>ut</span> 
     </span>
     <span class='ocr_line' id='line_1_25' title="bbox 240 1682 1344 1732; baseline 0.003 -14"><span class='ocrx_word' id='word_1_197' title='bbox 240 1694 334 1730; x_wconf 86' lang='lat' dir='ltr'>sepe</span> <span class='ocrx_word' id='word_1_198' title='bbox 366 1683 639 1720; x_wconf 83' lang='lat' dir='ltr'>sentenciatur</span> <span class='ocrx_word' id='word_1_199' title='bbox 672 1682 713 1718; x_wconf 92' lang='lat' dir='ltr'>in</span> <span class='ocrx_word' id='word_1_200' title='bbox 748 1684 882 1720; x_wconf 87' lang='lat' dir='ltr'>multis</span> <span class='ocrx_word' id='word_1_201' title='bbox 916 1684 1097 1732; x_wconf 81' lang='lat' dir='ltr'>partibus</span> <span class='ocrx_word' id='word_1_202' title='bbox 1132 1684 1228 1732; x_wconf 77' lang='lat' dir='ltr'>legis</span> <span class='ocrx_word' id='word_1_203' title='bbox 1261 1697 1344 1721; x_wconf 87' lang='lat' dir='ltr'>sue.</span> 
     </span>
    </p>

    <p class='ocr_par' dir='ltr' id='par_1_9' title="bbox 185 1740 1845 2023">
     <span class='ocr_line' id='line_1_26' title="bbox 185 1740 1845 1791; baseline 0.003 -18"><span class='ocrx_word' id='word_1_204' title='bbox 185 1742 224 1774; x_wconf 78' lang='lat'>25</span> <span class='ocrx_word' id='word_1_205' title='bbox 300 1740 512 1790; x_wconf 86' lang='lat' dir='ltr'>Relinquat</span> <span class='ocrx_word' id='word_1_206' title='bbox 537 1754 630 1789; x_wconf 74' lang='lat' dir='ltr'>ergo</span> <span class='ocrx_word' id='word_1_207' title='bbox 655 1751 822 1790; x_wconf 84' lang='lat' dir='ltr'>uterque</span> <span class='ocrx_word' id='word_1_208' title='bbox 839 1742 1007 1778; x_wconf 81' lang='lat' dir='ltr'>istorum</span> <span class='ocrx_word' id='word_1_209' title='bbox 1025 1755 1222 1791; x_wconf 85' lang='lat' dir='ltr'>paparum</span> <span class='ocrx_word' id='word_1_210' title='bbox 1240 1756 1353 1778; x_wconf 87' lang='lat' dir='ltr'>suum</span> <span class='ocrx_word' id='word_1_211' title='bbox 1380 1743 1558 1779; x_wconf 83' lang='lat' dir='ltr'>seculare</span> <span class='ocrx_word' id='word_1_212' title='bbox 1574 1751 1845 1791; x_wconf 32' lang='lat' dir='ltr'>1„01,b0t11&#39;resig11</span> 
     </span>
     <span class='ocr_line' id='line_1_27' title="bbox 242 1787 1844 1849; baseline 0.002 -15"><span class='ocrx_word' id='word_1_213' title='bbox 242 1799 467 1835; x_wconf 89' lang='lat' dir='ltr'>dominium</span> <span class='ocrx_word' id='word_1_214' title='bbox 503 1808 539 1836; x_wconf 89' lang='lat' dir='ltr'>et</span> <span class='ocrx_word' id='word_1_215' title='bbox 573 1800 767 1836; x_wconf 88' lang='lat' dir='ltr'>honorem</span> <span class='ocrx_word' id='word_1_216' title='bbox 804 1801 1051 1836; x_wconf 86' lang='lat' dir='ltr'>mundanum</span> <span class='ocrx_word' id='word_1_217' title='bbox 1085 1814 1155 1837; x_wconf 87' lang='lat' dir='ltr'>suo</span> <span class='ocrx_word' id='word_1_218' title='bbox 1180 1801 1300 1837; x_wconf 83' lang='lat' dir='ltr'>statui</span> <span class='ocrx_word' id='word_1_219' title='bbox 1326 1814 1396 1849; x_wconf 85' lang='lat' dir='ltr'>per</span> <span class='ocrx_word' id='word_1_220' title='bbox 1420 1801 1558 1837; x_wconf 86' lang='lat' dir='ltr'>diabo-</span> <span class='ocrx_word' id='word_1_221' title='bbox 1574 1787 1844 1849; x_wconf 44' lang='grc' dir='ltr'>ἑὲᾮιιξμῗιέζῗζζῐξῧ</span> 
     </span>
     <span class='ocr_line' id='line_1_28' title="bbox 239 1853 1829 1919; baseline 0.003 -27"><span class='ocrx_word' id='word_1_222' title='bbox 239 1857 321 1892; x_wconf 88' lang='lat' dir='ltr'>lum</span> <span class='ocrx_word' id='word_1_223' title='bbox 356 1858 605 1894; x_wconf 88' lang='lat' dir='ltr'>cumulatum</span> <span class='ocrx_word' id='word_1_224' title='bbox 641 1867 678 1894; x_wconf 88' lang='lat' dir='ltr'>et</span> <span class='ocrx_word' id='word_1_225' title='bbox 711 1858 845 1894; x_wconf 80' lang='lat' dir='ltr'>statim</span> <span class='ocrx_word' id='word_1_226' title='bbox 881 1858 955 1894; x_wconf 84' lang='lat' dir='ltr'>ista</span> <span class='ocrx_word' id='word_1_227' title='bbox 990 1858 1183 1895; x_wconf 84' lang='lat' dir='ltr'>dissensio</span> <span class='ocrx_word' id='word_1_228' title='bbox 1216 1861 1435 1895; x_wconf 85' lang='lat' dir='ltr'>sedaretur.</span> <span class='ocrx_word' id='word_1_229' title='bbox 1473 1861 1558 1895; x_wconf 90' lang='lat' dir='ltr'>Hoc</span> <span class='ocrx_word' id='word_1_230' title='bbox 1598 1853 1773 1919; x_wconf 44' lang='grc' dir='ltr'>Ρῡῗξξῐέἶέἓ</span> <span class='ocrx_word' id='word_1_231' title='bbox 1795 1856 1829 1882; x_wconf 55' lang='lat' dir='ltr'>be</span> 
     </span>
     <span class='ocr_line' id='line_1_29' title="bbox 241 1913 1784 1965; baseline 0.002 -14"><span class='ocrx_word' id='word_1_232' title='bbox 241 1915 343 1951; x_wconf 82' lang='lat' dir='ltr'>enim</span> <span class='ocrx_word' id='word_1_233' title='bbox 381 1915 562 1952; x_wconf 86' lang='lat' dir='ltr'>Christus</span> <span class='ocrx_word' id='word_1_234' title='bbox 597 1916 767 1964; x_wconf 84' lang='lat' dir='ltr'>precipit</span> <span class='ocrx_word' id='word_1_235' title='bbox 800 1916 839 1952; x_wconf 88' lang='lat' dir='ltr'>in</span> <span class='ocrx_word' id='word_1_236' title='bbox 874 1916 1088 1964; x_wconf 86' lang='lat' dir='ltr'>multiplici</span> <span class='ocrx_word' id='word_1_237' title='bbox 1121 1918 1207 1964; x_wconf 81' lang='lat' dir='ltr'>lege</span> <span class='ocrx_word' id='word_1_238' title='bbox 1240 1930 1323 1962; x_wconf 85' lang='lat' dir='ltr'>sua,</span> <span class='ocrx_word' id='word_1_239' title='bbox 1366 1926 1408 1953; x_wconf 84' lang='lat' dir='ltr'>ut</span> <span class='ocrx_word' id='word_1_240' title='bbox 1449 1926 1559 1965; x_wconf 84' lang='lat' dir='ltr'>patet</span> <span class='ocrx_word' id='word_1_241' title='bbox 1780 1913 1784 1918; x_wconf 50' lang='lat'>⁵</span> 
     </span>
     <span class='ocr_line' id='line_1_30' title="bbox 243 1973 1558 2023; baseline 0.002 -15"><span class='ocrx_word' id='word_1_242' title='bbox 243 1974 290 2008; x_wconf 91' lang='lat' dir='ltr'>de</span> <span class='ocrx_word' id='word_1_243' title='bbox 325 1973 539 2010; x_wconf 81' lang='lat' dir='ltr'>duodecim</span> <span class='ocrx_word' id='word_1_244' title='bbox 573 1974 727 2021; x_wconf 75' lang='lat' dir='ltr'>legibus</span> <span class='ocrx_word' id='word_1_245' title='bbox 760 1988 833 2022; x_wconf 90' lang='lat' dir='ltr'>pro</span> <span class='ocrx_word' id='word_1_246' title='bbox 866 1974 946 2011; x_wconf 85' lang='lat' dir='ltr'>vita</span> <span class='ocrx_word' id='word_1_247' title='bbox 981 1974 1075 2010; x_wconf 87' lang='lat' dir='ltr'>cleri</span> <span class='ocrx_word' id='word_1_248' title='bbox 1110 1975 1428 2023; x_wconf 82' lang='lat' dir='ltr'>exproprietaria</span> <span class='ocrx_word' id='word_1_249' title='bbox 1462 1974 1558 2011; x_wconf 87' lang='lat' dir='ltr'>alibi</span> 
     </span>
    </p>

    <p class='ocr_par' dir='ltr' id='par_1_10' title="bbox 175 2030 1558 2314">
     <span class='ocr_line' id='line_1_31' title="bbox 175 2030 1558 2080; baseline 0.002 -14"><span class='ocrx_word' id='word_1_250' title='bbox 175 2034 224 2079; x_wconf 19' lang='lat'>⁷30</span> <span class='ocrx_word' id='word_1_251' title='bbox 240 2031 432 2079; x_wconf 82' lang='lat' dir='ltr'>allegatis.</span> <span class='ocrx_word' id='word_1_252' title='bbox 468 2033 685 2077; x_wconf 86' lang='lat' dir='ltr'>Quomodo</span> <span class='ocrx_word' id='word_1_253' title='bbox 719 2030 817 2080; x_wconf 75' lang='lat' dir='ltr'>rogo</span> <span class='ocrx_word' id='word_1_254' title='bbox 851 2041 983 2080; x_wconf 83' lang='lat' dir='ltr'>posset</span> <span class='ocrx_word' id='word_1_255' title='bbox 1016 2033 1229 2069; x_wconf 88' lang='lat' dir='ltr'>vendicare</span> <span class='ocrx_word' id='word_1_256' title='bbox 1262 2045 1302 2069; x_wconf 91' lang='lat' dir='ltr'>se</span> <span class='ocrx_word' id='word_1_257' title='bbox 1337 2045 1420 2069; x_wconf 87' lang='lat' dir='ltr'>esse</span> <span class='ocrx_word' id='word_1_258' title='bbox 1445 2033 1558 2069; x_wconf 88' lang='lat' dir='ltr'>cleri-</span> 
     </span>
     <span class='ocr_line' id='line_1_32' title="bbox 241 2090 1555 2139; baseline 0.002 -14"><span class='ocrx_word' id='word_1_259' title='bbox 241 2101 330 2125; x_wconf 89' lang='lat' dir='ltr'>cum</span> <span class='ocrx_word' id='word_1_260' title='bbox 364 2090 424 2126; x_wconf 84' lang='lat' dir='ltr'>vel</span> <span class='ocrx_word' id='word_1_261' title='bbox 451 2091 701 2126; x_wconf 83' lang='lat' dir='ltr'>sacerdotem</span> <span class='ocrx_word' id='word_1_262' title='bbox 729 2090 876 2127; x_wconf 84' lang='lat' dir='ltr'>Christi</span> <span class='ocrx_word' id='word_1_263' title='bbox 911 2090 975 2139; x_wconf 90' lang='lat' dir='ltr'>qui</span> <span class='ocrx_word' id='word_1_264' title='bbox 1010 2091 1141 2128; x_wconf 85' lang='lat' dir='ltr'>vivere</span> <span class='ocrx_word' id='word_1_265' title='bbox 1173 2091 1296 2127; x_wconf 87' lang='lat' dir='ltr'>vitam</span> <span class='ocrx_word' id='word_1_266' title='bbox 1322 2104 1555 2139; x_wconf 82' lang='lat' dir='ltr'>pauperem,</span> 
     </span>
     <span class='ocr_line' id='line_1_33' title="bbox 239 2147 1558 2198; baseline 0.002 -15"><span class='ocrx_word' id='word_1_267' title='bbox 239 2147 341 2183; x_wconf 86' lang='lat' dir='ltr'>sicut</span> <span class='ocrx_word' id='word_1_268' title='bbox 374 2147 466 2184; x_wconf 87' lang='lat' dir='ltr'>fecit</span> <span class='ocrx_word' id='word_1_269' title='bbox 489 2148 670 2184; x_wconf 74' lang='lat' dir='ltr'>Christus</span> <span class='ocrx_word' id='word_1_270' title='bbox 704 2161 795 2185; x_wconf 88' lang='lat' dir='ltr'>cum</span> <span class='ocrx_word' id='word_1_271' title='bbox 819 2149 900 2185; x_wconf 84' lang='lat' dir='ltr'>suis</span> <span class='ocrx_word' id='word_1_272' title='bbox 925 2149 1118 2196; x_wconf 81' lang='lat' dir='ltr'>apostolis</span> <span class='ocrx_word' id='word_1_273' title='bbox 1144 2149 1410 2198; x_wconf 79' lang='lat' dir='ltr'>dedignatur?</span> <span class='ocrx_word' id='word_1_274' title='bbox 1445 2151 1558 2186; x_wconf 87' lang='lat' dir='ltr'>Unde</span> 
     </span>
     <span class='ocr_line' id='line_1_34' title="bbox 241 2205 1557 2255; baseline 0.002 -14"><span class='ocrx_word' id='word_1_275' title='bbox 241 2213 410 2254; x_wconf 85' lang='lat' dir='ltr'>uterque</span> <span class='ocrx_word' id='word_1_276' title='bbox 464 2205 633 2242; x_wconf 86' lang='lat' dir='ltr'>istorum</span> <span class='ocrx_word' id='word_1_277' title='bbox 688 2219 885 2255; x_wconf 83' lang='lat' dir='ltr'>paparum</span> <span class='ocrx_word' id='word_1_278' title='bbox 941 2207 1097 2243; x_wconf 84' lang='lat' dir='ltr'>videtur</span> <span class='ocrx_word' id='word_1_279' title='bbox 1149 2207 1421 2244; x_wconf 89' lang='lat' dir='ltr'>insolubiliter</span> <span class='ocrx_word' id='word_1_280' title='bbox 1474 2220 1557 2244; x_wconf 88' lang='lat' dir='ltr'>esse</span> 
     </span>
     <span class='ocr_line' id='line_1_35' title="bbox 240 2263 1558 2314; baseline 0.002 -14"><span class='ocrx_word' id='word_1_281' title='bbox 240 2263 580 2301; x_wconf 86' lang='lat' dir='ltr'>contradictorius</span> <span class='ocrx_word' id='word_1_282' title='bbox 613 2264 687 2301; x_wconf 89' lang='lat' dir='ltr'>sibi</span> <span class='ocrx_word' id='word_1_283' title='bbox 722 2265 815 2313; x_wconf 83' lang='lat' dir='ltr'>ipsi:</span> <span class='ocrx_word' id='word_1_284' title='bbox 862 2274 1031 2313; x_wconf 86' lang='lat' dir='ltr'>uterque</span> <span class='ocrx_word' id='word_1_285' title='bbox 1077 2265 1182 2302; x_wconf 87' lang='lat' dir='ltr'>enim</span> <span class='ocrx_word' id='word_1_286' title='bbox 1218 2266 1451 2314; x_wconf 87' lang='lat' dir='ltr'>blaspheme</span> <span class='ocrx_word' id='word_1_287' title='bbox 1485 2265 1558 2301; x_wconf 88' lang='lat' dir='ltr'>im—</span> 
     </span>
    </p>

    <p class='ocr_par' dir='ltr' id='par_1_11' title="bbox 183 2321 1558 2488">
     <span class='ocr_line' id='line_1_36' title="bbox 183 2321 1557 2372; baseline 0.003 -16"><span class='ocrx_word' id='word_1_288' title='bbox 183 2322 223 2356; x_wconf 76' lang='lat'>35</span> <span class='ocrx_word' id='word_1_289' title='bbox 239 2321 354 2369; x_wconf 87' lang='lat' dir='ltr'>ponit</span> <span class='ocrx_word' id='word_1_290' title='bbox 387 2323 503 2358; x_wconf 88' lang='lat' dir='ltr'>alteri</span> <span class='ocrx_word' id='word_1_291' title='bbox 529 2324 636 2371; x_wconf 88' lang='lat' dir='ltr'>quod</span> <span class='ocrx_word' id='word_1_292' title='bbox 660 2332 802 2371; x_wconf 85' lang='lat' dir='ltr'>peccat</span> <span class='ocrx_word' id='word_1_293' title='bbox 825 2323 1094 2360; x_wconf 88' lang='lat' dir='ltr'>indelebiliter</span> <span class='ocrx_word' id='word_1_294' title='bbox 1117 2333 1258 2360; x_wconf 86' lang='lat' dir='ltr'>contra</span> <span class='ocrx_word' id='word_1_295' title='bbox 1282 2323 1428 2372; x_wconf 77' lang='lat' dir='ltr'>ipsum,</span> <span class='ocrx_word' id='word_1_296' title='bbox 1464 2323 1557 2372; x_wconf 83' lang='lat' dir='ltr'>quia</span> 
     </span>
     <span class='ocr_line' id='line_1_37' title="bbox 243 2379 1558 2429; baseline 0.002 -13"><span class='ocrx_word' id='word_1_297' title='bbox 243 2381 301 2423; x_wconf 85' lang='lat' dir='ltr'>(ut</span> <span class='ocrx_word' id='word_1_298' title='bbox 333 2379 478 2429; x_wconf 72' lang='lat' dir='ltr'>inquit)</span> <span class='ocrx_word' id='word_1_299' title='bbox 514 2394 595 2417; x_wconf 90' lang='lat' dir='ltr'>non</span> <span class='ocrx_word' id='word_1_300' title='bbox 629 2390 762 2429; x_wconf 89' lang='lat' dir='ltr'>posset</span> <span class='ocrx_word' id='word_1_301' title='bbox 795 2381 947 2418; x_wconf 84' lang='lat' dir='ltr'>absolvi</span> <span class='ocrx_word' id='word_1_302' title='bbox 982 2395 1002 2418; x_wconf 88' lang='lat' dir='ltr'>a</span> <span class='ocrx_word' id='word_1_303' title='bbox 1028 2384 1111 2418; x_wconf 91' lang='lat' dir='ltr'>Deo</span> <span class='ocrx_word' id='word_1_304' title='bbox 1144 2381 1219 2418; x_wconf 84' lang='lat' dir='ltr'>nisi</span> <span class='ocrx_word' id='word_1_305' title='bbox 1253 2381 1486 2427; x_wconf 80' lang='lat' dir='ltr'>satisfaciat,</span> <span class='ocrx_word' id='word_1_306' title='bbox 1521 2390 1558 2418; x_wconf 89' lang='lat' dir='ltr'>et</span> 
     </span>
     <span class='ocr_line' id='line_1_38' title="bbox 238 2439 1556 2488; baseline 0.002 -14"><span class='ocrx_word' id='word_1_307' title='bbox 238 2451 309 2486; x_wconf 90' lang='lat' dir='ltr'>per</span> <span class='ocrx_word' id='word_1_308' title='bbox 354 2451 602 2487; x_wconf 86' lang='lat' dir='ltr'>consequens</span> <span class='ocrx_word' id='word_1_309' title='bbox 646 2439 722 2475; x_wconf 86' lang='lat' dir='ltr'>nisi</span> <span class='ocrx_word' id='word_1_310' title='bbox 767 2440 973 2476; x_wconf 90' lang='lat' dir='ltr'>renunciet</span> <span class='ocrx_word' id='word_1_311' title='bbox 1017 2440 1285 2488; x_wconf 85' lang='lat' dir='ltr'>usurpacione</span> <span class='ocrx_word' id='word_1_312' title='bbox 1329 2439 1433 2476; x_wconf 85' lang='lat' dir='ltr'>tituli</span> <span class='ocrx_word' id='word_1_313' title='bbox 1478 2452 1556 2488; x_wconf 90' lang='lat' dir='ltr'>quo</span> 
     </span>
    </p>
   </div>
   <div class='ocr_carea' id='block_1_3' title="bbox 240 2496 1552 2546">
    <p class='ocr_par' dir='ltr' id='par_1_12' title="bbox 240 2496 1552 2546">
     <span class='ocr_line' id='line_1_39' title="bbox 240 2496 1552 2546; baseline 0.002 -14"><span class='ocrx_word' id='word_1_314' title='bbox 240 2504 380 2533; x_wconf 86' lang='lat' dir='ltr'>contra</span> <span class='ocrx_word' id='word_1_315' title='bbox 414 2496 611 2546; x_wconf 82' lang='lat' dir='ltr'>reliquum</span> <span class='ocrx_word' id='word_1_316' title='bbox 647 2506 683 2533; x_wconf 95' lang='lat' dir='ltr'>et</span> <span class='ocrx_word' id='word_1_317' title='bbox 718 2506 857 2534; x_wconf 85' lang='lat' dir='ltr'>contra</span> <span class='ocrx_word' id='word_1_318' title='bbox 891 2497 1090 2535; x_wconf 85' lang='lat' dir='ltr'>iusticiam</span> <span class='ocrx_word' id='word_1_319' title='bbox 1116 2498 1301 2535; x_wconf 80' lang='lat' dir='ltr'>vendicat</span> <span class='ocrx_word' id='word_1_320' title='bbox 1326 2510 1410 2535; x_wconf 90' lang='lat' dir='ltr'>esse</span> <span class='ocrx_word' id='word_1_321' title='bbox 1433 2511 1552 2546; x_wconf 82' lang='lat' dir='ltr'>papa.</span> 
     </span>
    </p>
   </div>
   <div class='ocr_carea' id='block_1_4' title="bbox 239 2629 1559 2770">
    <p class='ocr_par' dir='ltr' id='par_1_13' title="bbox 239 2629 1559 2770">
     <span class='ocr_line' id='line_1_40' title="bbox 308 2629 1559 2674; baseline 0.002 -17"><span class='ocrx_word' id='word_1_322' title='bbox 308 2629 333 2657; x_wconf 88' lang='lat'>5.</span> <span class='ocrx_word' id='word_1_323' title='bbox 355 2630 399 2668; x_wconf 65' lang='lat' dir='ltr'>A:</span> <span class='ocrx_word' id='word_1_324' title='bbox 420 2631 563 2658; x_wconf 73' lang='lat' dir='ltr'>carimlis</span> <span class='ocrx_word' id='word_1_325' title='bbox 577 2631 672 2659; x_wconf 73' lang='lat' dir='ltr'>deest.</span> <span class='ocrx_word' id='word_1_326' title='bbox 728 2640 753 2666; x_wconf 84' lang='lat'>7.</span> <span class='ocrx_word' id='word_1_327' title='bbox 776 2632 821 2659; x_wconf 82' lang='lat' dir='ltr'>A:</span> <span class='ocrx_word' id='word_1_328' title='bbox 841 2635 942 2659; x_wconf 79' lang='lat' dir='ltr'>autem</span> <span class='ocrx_word' id='word_1_329' title='bbox 957 2632 1051 2659; x_wconf 72' lang='lat' dir='ltr'>deest.</span> <span class='ocrx_word' id='word_1_330' title='bbox 1109 2640 1146 2660; x_wconf 83' lang='lat'>12.</span> <span class='ocrx_word' id='word_1_331' title='bbox 1169 2631 1192 2659; x_wconf 86' lang='lat' dir='ltr'>E</span> <span class='ocrx_word' id='word_1_332' title='bbox 1207 2632 1236 2659; x_wconf 84' lang='lat' dir='ltr'>in</span> <span class='ocrx_word' id='word_1_333' title='bbox 1254 2641 1368 2668; x_wconf 67' lang='lat' dir='ltr'>marg:</span> <span class='ocrx_word' id='word_1_334' title='bbox 1391 2632 1473 2668; x_wconf 69' lang='lat' dir='ltr'>Papa</span> <span class='ocrx_word' id='word_1_335' title='bbox 1490 2633 1559 2674; x_wconf 68' lang='lat' dir='ltr'>quis</span> 
     </span>
     <span class='ocr_line' id='line_1_41' title="bbox 239 2665 1557 2703; baseline 0.003 -12"><span class='ocrx_word' id='word_1_336' title='bbox 239 2665 287 2692; x_wconf 82' lang='lat' dir='ltr'>sit.</span> <span class='ocrx_word' id='word_1_337' title='bbox 345 2672 386 2693; x_wconf 79' lang='lat'>10.</span> <span class='ocrx_word' id='word_1_338' title='bbox 408 2666 451 2692; x_wconf 89' lang='lat' dir='ltr'>A:</span> <span class='ocrx_word' id='word_1_339' title='bbox 478 2666 519 2692; x_wconf 78' lang='lat' dir='ltr'>sit</span> <span class='ocrx_word' id='word_1_340' title='bbox 534 2673 615 2701; x_wconf 74' lang='lat' dir='ltr'>papa</span> <span class='ocrx_word' id='word_1_341' title='bbox 637 2682 666 2685; x_wconf 78' lang='lat'>—</span> <span class='ocrx_word' id='word_1_342' title='bbox 684 2666 842 2694; x_wconf 75' lang='lat' dir='ltr'>vindicans</span> <span class='ocrx_word' id='word_1_343' title='bbox 862 2667 955 2694; x_wconf 77' lang='lat' dir='ltr'>deest.</span> <span class='ocrx_word' id='word_1_344' title='bbox 1014 2668 1053 2694; x_wconf 68' lang='lat'>18.</span> <span class='ocrx_word' id='word_1_345' title='bbox 1076 2667 1144 2694; x_wconf 86' lang='lat' dir='ltr'>DE:</span> <span class='ocrx_word' id='word_1_346' title='bbox 1166 2675 1225 2703; x_wconf 75' lang='lat' dir='ltr'>que</span> <span class='ocrx_word' id='word_1_347' title='bbox 1242 2667 1365 2695; x_wconf 81' lang='lat' dir='ltr'>siciunt.</span> <span class='ocrx_word' id='word_1_348' title='bbox 1421 2675 1460 2695; x_wconf 83' lang='lat'>21.</span> <span class='ocrx_word' id='word_1_349' title='bbox 1483 2668 1507 2695; x_wconf 77' lang='lat' dir='ltr'>h</span> <span class='ocrx_word' id='word_1_350' title='bbox 1527 2668 1557 2695; x_wconf 87' lang='lat' dir='ltr'>in</span> 
     </span>
     <span class='ocr_line' id='line_1_42' title="bbox 241 2699 1555 2737; baseline 0.002 -11"><span class='ocrx_word' id='word_1_351' title='bbox 241 2707 354 2733; x_wconf 55' lang='lat' dir='ltr'>marg:</span> <span class='ocrx_word' id='word_1_352' title='bbox 377 2699 468 2728; x_wconf 75' lang='lat' dir='ltr'>Nota.</span> <span class='ocrx_word' id='word_1_353' title='bbox 533 2708 579 2735; x_wconf 78' lang='lat'>29.</span> <span class='ocrx_word' id='word_1_354' title='bbox 603 2701 640 2727; x_wconf 76' lang='lat' dir='ltr'>E:</span> <span class='ocrx_word' id='word_1_355' title='bbox 663 2702 723 2728; x_wconf 69' lang='lat' dir='ltr'>vita</span> <span class='ocrx_word' id='word_1_356' title='bbox 745 2702 841 2729; x_wconf 77' lang='lat' dir='ltr'>electi.</span> <span class='ocrx_word' id='word_1_357' title='bbox 906 2701 949 2729; x_wconf 81' lang='lat'>32.</span> <span class='ocrx_word' id='word_1_358' title='bbox 973 2701 1041 2728; x_wconf 63' lang='lat' dir='ltr'>mi:</span> <span class='ocrx_word' id='word_1_359' title='bbox 1064 2702 1232 2737; x_wconf 75' lang='lat' dir='ltr'>discipulis.</span> <span class='ocrx_word' id='word_1_360' title='bbox 1296 2701 1343 2736; x_wconf 78' lang='lat'>34.</span> <span class='ocrx_word' id='word_1_361' title='bbox 1365 2703 1410 2730; x_wconf 88' lang='lat' dir='ltr'>A:</span> <span class='ocrx_word' id='word_1_362' title='bbox 1433 2706 1555 2730; x_wconf 80' lang='lat' dir='ltr'>contra-</span> 
     </span>
     <span class='ocr_line' id='line_1_43' title="bbox 241 2733 855 2770; baseline 0.005 -10"><span class='ocrx_word' id='word_1_363' title='bbox 241 2733 390 2767; x_wconf 79' lang='lat' dir='ltr'>dicti2¹us;</span> <span class='ocrx_word' id='word_1_364' title='bbox 415 2735 454 2762; x_wconf 86' lang='lat' dir='ltr'>ib.</span> <span class='ocrx_word' id='word_1_365' title='bbox 479 2734 546 2762; x_wconf 87' lang='lat' dir='ltr'>DE:</span> <span class='ocrx_word' id='word_1_366' title='bbox 569 2735 741 2770; x_wconf 67' lang='lat' dir='ltr'>blaspheme</span> <span class='ocrx_word' id='word_1_367' title='bbox 760 2737 855 2763; x_wconf 79' lang='lat' dir='ltr'>deest.</span> 
     </span>
    </p>
   </div>
   <div class='ocr_carea' id='block_1_5' title="bbox 241 2817 1556 2908">
    <p class='ocr_par' dir='ltr' id='par_1_14' title="bbox 241 2817 1556 2908">
     <span class='ocr_line' id='line_1_44' title="bbox 313 2817 1556 2861; baseline 0.002 -12"><span class='ocrx_word' id='word_1_368' title='bbox 313 2817 342 2850; x_wconf 83' lang='lat'>5.</span> <span class='ocrx_word' id='word_1_369' title='bbox 370 2818 422 2850; x_wconf 85' lang='lat' dir='ltr'>Cf.</span> <span class='ocrx_word' id='word_1_370' title='bbox 442 2818 648 2858; x_wconf 57' lang='lat' dir='ltr'>efficiamini,</span> <span class='ocrx_word' id='word_1_371' title='bbox 676 2829 749 2861; x_wconf 85' lang='lat' dir='ltr'>cap.</span> <span class='ocrx_word' id='word_1_372' title='bbox 769 2820 949 2852; x_wconf 68' lang='lat' dir='ltr'>VI—VIII.</span> <span class='ocrx_word' id='word_1_373' title='bbox 976 2821 1025 2851; x_wconf 75' lang='lat' dir='ltr'>De</span> <span class='ocrx_word' id='word_1_374' title='bbox 1046 2819 1183 2851; x_wconf 84' lang='lat' dir='ltr'>Christo</span> <span class='ocrx_word' id='word_1_375' title='bbox 1211 2827 1243 2851; x_wconf 83' lang='lat' dir='ltr'>et</span> <span class='ocrx_word' id='word_1_376' title='bbox 1269 2830 1333 2851; x_wconf 86' lang='lat' dir='ltr'>suo</span> <span class='ocrx_word' id='word_1_377' title='bbox 1359 2821 1556 2852; x_wconf 75' lang='lat' dir='ltr'>adversario</span> 
     </span>
     <span class='ocr_line' id='line_1_45' title="bbox 241 2864 1432 2908; baseline 0.002 -13"><span class='ocrx_word' id='word_1_378' title='bbox 241 2864 466 2904; x_wconf 83' lang='lat' dir='ltr'>Antichristo,</span> <span class='ocrx_word' id='word_1_379' title='bbox 494 2865 722 2905; x_wconf 69' lang='lat' dir='ltr'>POLVVOrks7</span> <span class='ocrx_word' id='word_1_380' title='bbox 750 2876 827 2908; x_wconf 83' lang='lat' dir='ltr'>pag.</span> <span class='ocrx_word' id='word_1_381' title='bbox 854 2865 930 2898; x_wconf 69' lang='lat'><em>(381.</em></span> <span class='ocrx_word' id='word_1_382' title='bbox 1035 2866 1082 2898; x_wconf 77' lang='lat'>15.</span> <span class='ocrx_word' id='word_1_383' title='bbox 1110 2866 1229 2898; x_wconf 74' lang='lat' dir='ltr'>Matth.</span> <span class='ocrx_word' id='word_1_384' title='bbox 1256 2867 1374 2906; x_wconf 78' lang='lat' dir='ltr'>XVIII,</span> <span class='ocrx_word' id='word_1_385' title='bbox 1399 2877 1432 2908; x_wconf 84' lang='lat'>4.</span> 
     </span>
    </p>
   </div>
   <div class='ocr_carea' id='block_1_6' title="bbox 1357 2929 1418 2957">
    <p class='ocr_par' dir='ltr' id='par_1_15' title="bbox 1357 2929 1418 2957">
     <span class='ocr_line' id='line_1_46' title="bbox 1357 2929 1418 2957; baseline 0 0"><span class='ocrx_word' id='word_1_386' title='bbox 1357 2929 1418 2957; x_wconf 69' lang='lat'>11³?-</span> 
     </span>
    </p>
   </div>
  </div>
 </body>
</html>
