2062 3276
187 522 245 545 311

190 465 266 497 Fol.

226 904 264 924 10

226 1183 261 1217 15

220 1765 260 1798 25

220 2058 262 2090 30

219 2348 258 2382 35

283 260 418 289 smnio
441 249 551 308 xx11-]
764 265 956 305 QUARTA
984 266 1110 298 PARS.

1812 263 1887 309 189

281 382 374 407 vero
398 370 602 418 generavit
626 383 669 407 ex
694 372 846 408 Helena
865 371 1177 409 Constantinum
1203 372 1270 420 qui
1296 382 1456 410 mortuo
1481 382 1594 422 patre
1611 381 1678 410 Tne
1697 382 1766 410 four
1787 385 1891 419 anguls

283 428 499 476 assumpsit
525 428 564 465 in
588 429 843 465 consorcium
868 429 1029 478 imperii
1054 429 1265 466 Licinium.
1301 432 1476 467 Fuerunt
1500 444 1595 479 ergo

256 495 377 527 ..tunc
411 495 585 535 quatuor
619 496 896 535 persecutores
930 487 1095 524 ecclesie
1125 487 1277 525 scilicet
1299 488 1564 526 Maximianus
1591 486 1594 542 l

283 544 323 581 in
341 544 518 591 Oriente,
549 546 717 581 Severus
741 545 780 581 in
804 545 931 591 ltalia,
956 545 1185 582 Maxencius
1210 548 1334 583 Rome
1359 555 1396 583 et
1421 546 1596 584 Licinius

282 602 520 639 Alexandrie
553 602 592 638 in
615 602 772 651 Egipto.
807 605 855 639 Et
879 603 932 640 hii
956 613 1047 640 sunt
1071 612 1244 653 quatuor
1276 599 1406 652 angeli
1438 614 1588 642 stantes

282 662 354 697 sub
400 669 574 710 quatuor
624 669 759 709 partes
810 670 915 698 terre
963 662 1140 699 subiecte
1188 664 1370 699 Romano
1422 663 1596 712 imperio

281 718 548 767 impedientes
572 718 712 755 flatum
737 719 1046 767 predicacionis.
1082 722 1138 757 Dc
1162 733 1242 769 quo
1267 722 1381 758 Cant.
1409 723 1493 768 IV0‚
1526 723 1593 758 16:

282 778 412 827 Surge
433 777 575 826 aquilo,
610 784 644 812 et
669 778 754 813 veni
774 778 928 826 Auster,
961 786 996 814 et
1024 778 1152 829 perfla
1186 786 1313 815 ortum
1348 791 1484 815 meum.
1522 781 1596 816 Per

280 842 428 871 terram
475 843 609 871 autem
656 834 937 884 intelliguntur
986 836 1193 874 christiani
1240 836 1408 873 terrenis
1448 837 1593 883 affecti,

281 905 351 941 per
395 905 503 928 mare
546 892 728 930 tribulati
774 894 1129 942 persecucionibus
1175 895 1394 943 tyrannicis
1441 904 1478 932 et
1522 908 1594 944 per

280 951 461 987 arborem
492 950 616 999 quieti
650 951 952 989 fructificantes.
988 954 1139 989 Omnes
1173 952 1278 989 enim
1313 953 1377 989 isti
1411 953 1593 1002 indigent

280 1008 378 1045 flatu
411 1008 718 1057 predicacionis.
766 1012 814 1046 Et
847 1009 901 1048 ita
937 1010 1225 1048 Constantinus
1258 1011 1332 1047 fuit
1371 1014 1591 1049 ascendens

280 1068 328 1103 ab
362 1066 517 1115 Anglia‚
551 1066 590 1103 in
624 1080 702 1115 qua
734 1067 808 1104 fuit
841 1077 953 1105 ortus
986 1070 1046 1106 sol
1079 1068 1236 1106 iusticie
1269 1081 1340 1118 per
1373 1069 1508 1118 fidem⁷
1549 1079 1592 1106 ut

279 1133 389 1173 patet
427 1125 467 1161 in
511 1125 677 1171 Helena,
716 1126 874 1164 Albano
913 1136 951 1164 et
991 1127 1125 1164 multis
1166 1127 1220 1164 eis
1258 1127 1470 1165 similibus.
1517 1131 1592 1165 Iste

280 1192 414 1220 autem
450 1183 741 1220 Constantinus
781 1185 971 1234 repressit
1016 1185 1186 1222 istorum
1232 1194 1406 1235 quatuor
1446 1186 1592 1223 hereti-

280 1254 419 1279 corum
455 1241 673 1279 maliciam.

338 1302 386 1336 Et
419 1308 528 1348 patet
560 1300 727 1337 literalis
761 1301 1016 1338 construccio
1050 1311 1178 1339 textus
1211 1302 1453 1351 prophetici,
1494 1316 1593 1351 quo-

280 1359 403 1395 modo
443 1358 698 1407 Evangelista
742 1358 840 1395 vidit
891 1360 1091 1407 angelum,
1145 1361 1222 1397 hoc
1262 1369 1332 1407 est,
1375 1373 1591 1409 personam

280 1415 444 1453 missam
479 1429 500 1453 a
534 1419 632 1463 Deo,
673 1425 716 1453 ut
750 1417 1061 1454 Constantinum
1103 1418 1170 1467 qui
1204 1419 1384 1456 ascendit
1418 1420 1466 1455 ab
1501 1428 1592 1455 ortu

278 1474 386 1520 solis,
434 1475 509 1511 hoc
554 1484 623 1521 est,
670 1476 719 1511 ab
764 1474 832 1511 illo
878 1475 956 1512 situ
1002 1475 1247 1523 habitabilis,
1295 1476 1336 1513 in
1373 1490 1453 1526 quo
1488 1479 1592 1514 Deus

279 1532 479 1569 ordinavit
503 1541 583 1569 tam
608 1533 733 1570 solem
759 1533 915 1570 iusticie
939 1547 1058 1583 quam
1083 1535 1220 1572 lumen
1242 1534 1388 1583 gracie,
1420 1534 1592 1572 sciencie

279 1590 478 1639 scripture
513 1591 696 1628 fidelibus
730 1591 888 1628 exoriri.
922 1592 1038 1629 Multi
1072 1593 1178 1629 enim
1211 1593 1372 1630 fuerunt
1406 1602 1442 1630 et
1476 1603 1591 1630 erunt

279 1651 465 1686 doctores
505 1649 544 1686 in
577 1649 721 1698 Anglia
767 1649 977 1687 ecclesiam
1024 1651 1237 1688 occiduam
1282 1660 1491 1700 tamquam
1531 1653 1591 1689 sol

277 1707 476 1745 irradians
500 1707 760 1745 illustrantes.
794 1711 870 1745 Iste
894 1717 1029 1745 autem
1053 1709 1277 1758 imperator
1302 1710 1590 1747 Constantinus

278 1766 417 1803 habuit
462 1779 552 1803 cum
600 1775 727 1803 matre
771 1779 842 1804 sua
888 1767 1039 1804 Helena
1083 1768 1238 1819 signum
1293 1768 1442 1814 crucis3
1495 1781 1589 1805 nam

276 1824 439 1861 veniens
463 1826 632 1861 Romam
666 1826 845 1861 nondum
881 1825 1106 1873 baptizatus
1139 1826 1238 1863 vidit
1270 1826 1428 1874 signum
1461 1827 1590 1864 crucis

276 1882 374 1919 inibi
408 1882 610 1919 rutilantis
644 1891 681 1920 et
713 1884 876 1931 angelos
910 1892 1085 1920 astantes
1119 1893 1156 1920 et
1181 1884 1358 1922 dicentes
1382 1886 1490 1934 quod
1516 1886 1590 1922 hoc

277 1940 389 1989 signo
423 1940 601 1978 vinceret
625 1941 876 1978 Maxencium
911 1941 1009 1977 inibi
1043 1942 1385 1990 tyrannizantem3
1420 1945 1528 1992 quod
1553 1952 1591 1980 et

275 1999 427 2035 factum
467 2008 537 2036 est.
584 2001 632 2035 Et
678 1999 770 2036 hinc
815 1999 908 2036 fecit
954 2012 1115 2036 crucem
1161 2000 1322 2049 depingi
1361 2000 1401 2037 in
1440 2001 1590 2038 vexillis

278 2056 532 2104 militaribus,
567 2059 673 2106 quod
698 2070 822 2107 usque
856 2057 974 2094 hodie
1007 2067 1248 2107 perseverat.
1283 2061 1331 2095 Et
1363 2068 1443 2096 tres
1467 2059 1590 2096 tiran-

276 2128 349 2152 nos
382 2115 481 2153 alios
515 2116 778 2153 conformiter
810 2116 1032 2164 superavit;
1067 2117 1157 2153 ideo
1192 2117 1288 2154 dicit
1321 2126 1448 2154 textus
1482 2120 1591 2166 quod

276 2174 458 2210 clamavit
502 2174 633 2212 valide
676 2182 843 2223 quatuor
886 2175 1051 2225 angelis,
1096 2175 1134 2211 id
1182 2184 1239 2211 est
1283 2175 1369 2212 istis
1414 2186 1591 2224 quatuor

275 2231 445 2268 tirannis
490 2231 557 2282 qui
603 2234 738 2281 quoad
781 2245 1038 2269 communem
1086 2233 1312 2281 profectum
1358 2234 1524 2271 ecclesie
1569 2247 1591 2271 a

276 2292 360 2327 Deo
393 2299 509 2327 erant
541 2290 665 2328 missi.
700 2291 783 2327 Illis
816 2299 951 2327 autem
986 2300 1162 2339 quatuor
1196 2293 1329 2329 datum
1361 2300 1418 2329 est
1449 2305 1471 2328 a
1505 2293 1590 2329 Deo

275 2361 412 2385 nocere
444 2356 562 2393 terre,
601 2349 640 2385 id
681 2357 739 2385 est
779 2349 948 2386 terrenis
990 2349 1149 2394 deditis⁷
1191 2357 1226 2386 et
1264 2351 1377 2394 mari,
1416 2351 1493 2387 hoc
1532 2360 1590 2387 est

275 2406 628 2455 persecucionibus
662 2407 877 2454 tribulatis,
913 2416 950 2444 et
983 2407 1209 2454 arboribus,
1251 2409 1327 2445 hoc
1360 2417 1418 2445 est
1457 2408 1590 2458 quiete

345 2537 370 2557 2.
392 2530 450 2558 AI:
479 2530 643 2563 Lucinum;
668 2531 737 2558 DE:
764 2531 933 2558 Lucinium.
1019 2540 1047 2564 4.
1070 2532 1096 2558 I:
1127 2532 1292 2562 Severius,·
1317 2532 1356 2560 ib.
1380 2532 1403 2560 Ε
1423 2531 1453 2560 in
1475 2541 1587 2566 ma1·g.:

277 2564 417 2600 Quoluor
427 2568 643 2600 persecutores
657 2566 782 2593 ecclesie
792 2576 802 2598 ;
821 2566 860 2593 ib.
878 2567 920 2593 A:
937 2566 1091 2599 Luxinus;
1112 2566 1194 2594 DEI:
1211 2567 1350 2594 Lucium.
1415 2567 1439 2594 5.
1455 2568 1499 2595 A:
1523 2568 1591 2596 Ale-

273 2598 437 2628 xandrine.
517 2608 558 2627 10.
579 2601 623 2627 A:
645 2601 864 2628 trihulczciones
883 2601 1056 2635 tyrannice.
1138 2609 1174 2628 12.
1195 2601 1220 2629 E
1240 2602 1269 2629 in
1292 2610 1407 2637 marg:
1436 2601 1589 2630 Constan-

274 2634 356 2661 tinus
376 2637 472 2661 ortus.
546 2634 584 2662 13.
605 2636 633 2663 1:
653 2636 737 2662 solis.
812 2635 848 2663 15.
871 2635 894 2662 D
917 2636 945 2663 in
969 2644 1063 2671 marg.
1085 2636 1155 2663 inst:
1176 2636 1238 2663 Hic
1253 2636 1482 2664 Constantinum
1503 2641 1593 2665 vocat

274 2669 419 2705 angelum
446 2670 477 2697 in
504 2670 658 2704 scriptura
710 2678 744 2697 ro
769 2670 922 2703 lietatu7n‚·
948 2671 1027 2698 alibi
1053 2671 1132 2698 enim
1159 2672 1307 2705 reprobat
1332 2675 1363 2699 et
1386 2672 1533 2699 damma!
1558 2676 1591 2700 ut

275 2703 447 2738 dyabolum.
522 2712 567 2731 20.
589 2705 616 2732 I:
638 2705 677 2732 lm
699 2705 740 2732 ita
763 2705 808 2732 ili.
887 2713 926 2733 21.
948 2706 976 2732 I:
998 2706 1108 2739 gracie
1129 2706 1222 2734 deest.
1296 2714 1340 2742 27.
1364 2707 1403 2734 E:
1425 2715 1451 2734 et
1465 2708 1587 2734 [cemes.

275 2740 319 2766 28.
342 2740 384 2766 A:
413 2738 496 2774 quod
513 2739 608 2766 deest.
745 2739 788 2767 32.
809 2740 909 2767 ADE:
938 2740 1081 2767 clamavl'l
1100 2740 1197 2768 valde.
1341 2740 1383 2769 33.
1406 2742 1435 2769 1:
1463 2742 1518 2778 qui
1535 2742 1587 2770 ad.

275 2771 316 2800 35.
338 2775 383 2801 A:
411 2778 496 2802 terre
515 2773 547 2801 id
565 2776 612 2801 est
629 2774 729 2809 deest3
757 2775 786 2802 I:
807 2783 920 2802 nocere
938 2776 970 2802 in
991 2775 1136 2802 terrenis.

1546 2850 1560 2859 η

349 2856 398 2886 14.
426 2845 478 2877 Cf.
505 2846 630 2885 Bedae,
658 2847 746 2878 Hist.
773 2847 855 2879 eccl.
881 2848 994 2889 gentis
1020 2847 1227 2890 Anglorum,
1261 2848 1289 2882 Ι,
1312 2858 1343 2890 7.
1464 2848 1515 2880 23.
1547 2857 1585 2881 :2

274 2898 308 2923 to
336 2891 388 2925 35.
415 2893 523 2934 Apoc.
542 2893 612 2933 VH,
642 2894 671 2927 3.

1681 425 1732 445 are
1751 418 1822 458 four

1654 457 1851 489 persecutmg

1665 495 1840 523 emperors.

1619 903 1687 931 The
1707 905 1794 940 angel
1817 906 1889 933 who

1619 939 1771 967 ascended
1793 940 1874 968 from

1636 975 1686 1001 the
1708 975 1868 1011 sunrising

1615 1008 1640 1036 is
1663 1008 1877 1040 Constantine.

1629 1775 1861 1816 Constantine's

1687 1820 1800 1840 vision.
