2062 3276
133 269 153 294 KQ

165 260 180 295 La.)

162 786 293 826 Christ’s
314 787 370 814 law

151 831 235 856 gives
255 830 387 855 couragc

133 857 229 884 under
247 856 403 891 suffering.

150 1713 275 1748 Earthly
296 1713 398 1752 things

195 1753 303 1775 attract
323 1756 351 1775 ιιι

198 1789 358 1818 prospect:

167 1818 323 1854 lieaveuly.
344 1819 373 1845 in

179 1855 367 1887 possession.

697 267 920 299 ,lOHANNIs
940 267 1122 298 wYtleF
1144 267 1398 298 SERMONFM
1425 254 1576 310 [sultam
1599 264 1721 292 xxvii.

420 373 629 421 stupefacti
675 373 879 409 excellenti
924 372 1099 409 sensibili
1140 381 1181 407 ut
1221 373 1307 408 nive
1347 373 1646 408 confunduntur
1684 373 1723 408 in

420 431 683 467 discernendo
729 444 816 467 cum
865 431 1030 467 remisso
1075 430 1225 466 lumine
1269 431 1412 466 subtile
1457 430 1623 469 visibile,
1669 430 1723 466 sic

421 498 733 525 consternantur
778 489 1000 525 mundiales
1041 501 1166 537 prope
1206 497 1375 524 mortem
1417 490 1566 524 mundo
1607 488 1725 524 decli-

420 557 539 584 nante
583 548 632 583 ab
677 547 872 595 applausu
917 546 1047 583 fallaci
1095 546 1201 582 iuxta
1246 546 1342 582 illud
1387 548 1479 594 Sap.
1527 548 1609 585 1110,
1659 559 1722 582 11:

421 606 661 654 Sapiencictm
696 613 729 641 et
762 605 1002 654 disciplinam
1037 605 1100 653 qui
1130 604 1244 640 abicit
1275 605 1415 653 infelix*
1447 611 1514 647 est,
1547 612 1581 640 et
1605 607 1756 640 ναειιαὸ

421 671 476 699 est
512 676 598 712 spes
638 663 793 699 illorum
827 670 862 698 et
896 663 1047 698 labores
1078 663 1157 698 sine
1178 663 1319 711 fructu
1360 670 1394 698 et
1426 662 1572 697 inutilia
1606 674 1723 711 opera

421 722 576 757 illorum
610 729 708 757 sunt.

479 781 620 824 Quoad
654 778 820 814 tercium
856 786 962 826 patet
996 779 1102 825 quod
1136 778 1194 813 lex
1228 777 1376 814 Christi
1415 778 1607 814 exhilarat
1646 776 1725 812 via-

419 846 524 874 tores
547 838 596 872 ad
620 836 860 885 paciendum
885 835 1169 871 tribulaciones
1193 845 1229 871 et
1254 835 1518 872 contumelias
1551 836 1622 870 sub
1656 847 1725 882 spe

420 894 699 931 retribucionis
733 903 867 930 eterne
900 893 1006 929 iuxta
1039 893 1135 929 illud
1161 894 1305 930 Psalmi
1329 895 1484 932 XVHls‘,
1521 894 1562 928 6:
1598 893 1724 928 Exul-
1745 905 1783 926 10

419 953 513 988 tavit
541 951 547 1004 Ι
576 960 614 988 nt
650 953 771 1003 gigas
809 953 860 987 nd
898 952 1131 987 currendam
1167 952 1278 987 viani.
1325 951 1390 987 Sic
1424 951 1527 987 enim
1569 950 1726 987 hilarati
1743 941 1826 1002 fol}

420 1020 510 1047 sunt
548 1011 729 1047 Christus
769 1019 804 1046 et
844 1019 1038 1057 martyres
1083 1009 1120 1044 in
1167 1009 1310 1057 quibus
1349 1011 1407 1045 lex
1448 1008 1608 1044 Domini
1654 992 1808 1044 fustan>

419 1081 532 1117 pura,
579 1070 698 1105 modo
743 1081 834 1104 vero
880 1077 1033 1104 tantum
1082 1067 1246 1103 mixtum
1293 1076 1348 1103 est
1388 1068 1435 1104 de
1474 1079 1577 1115 aqua
1615 1079 1728 1102 mun-

421 1129 521 1164 dane
555 1126 756 1175 sapiencie
790 1139 878 1162 cum
912 1127 996 1173 lege
1021 1125 1180 1161 Domini
1214 1127 1321 1173 quod
1354 1125 1412 1161 vix
1447 1133 1580 1160 manet
1615 1137 1728 1160 mun-

422 1187 494 1221 dus
527 1185 566 1220 in
600 1186 733 1221 colore
766 1183 987 1229 christiani,
1027 1183 1129 1219 sicut
1162 1193 1270 1231 patet
1304 1196 1347 1219 ex
1381 1183 1537 1219 defectu
1570 1182 1783 1218 virtutist5

423 1243 660 1280 observandi
699 1244 826 1290 legem
867 1241 957 1285 Dei;
1000 1242 1139 1278 exhinc
1178 1242 1281 1277 enim
1323 1241 1547 1291 refrigescit
1585 1240 1729 1276 caritas

424 1302 648 1346 multorum,
686 1301 741 1337 ita
781 1301 888 1349 quod
928 1301 975 1336 de
1008 1299 1142 1335 multis
1183 1300 1463 1335 nominetenus
1503 1297 1728 1334 christianis

425 1359 672 1407 pertinenter
711 1359 788 1395 dici
828 1367 958 1406 potest
996 1359 1131 1394 thema
1171 1357 1442 1406 propositum:
1484 1357 1616 1392 Vinum
1656 1368 1728 1391 non

425 1419 561 1453 liabent
599 1419 666 1453 sed
699 1417 759 1453 rix
792 1417 997 1464 lympham
1032 1415 1289 1451 rubricatam.
1336 1418 1383 1451 Et
1423 1427 1559 1451 revera
1601 1414 1728 1450 maius

426 1476 664 1512 miraculum
706 1476 806 1511 foret
845 1483 1076 1510 convertere
1110 1475 1229 1510 corda
1263 1473 1317 1509 sic
1350 1472 1508 1521 lapidea
1541 1472 1729 1508 indurata
1746 1483 1787 1504 20

424 1534 463 1570 in
488 1533 727 1581 legalitatem
745 1532 891 1570 Christi
911 1545 1030 1581 quam
1057 1541 1286 1568 convertere
1309 1544 1454 1579 aquam
1481 1530 1726 1566 materialem

425 1592 463 1627 in
487 1592 636 1637 vinum,
671 1604 761 1627 curn
796 1599 937 1627 natura
970 1589 1057 1626 vitis
1091 1599 1220 1637 potest
1254 1589 1292 1625 in
1316 1590 1535 1625 secundum
1562 1597 1599 1623 et
1623 1588 1729 1623 solus

428 1652 531 1686 Deus
564 1649 603 1685 in
636 1649 827 1697 primum.

484 1710 537 1743 Ex
570 1707 654 1743 istis
694 1706 893 1754 colligitur
932 1707 1038 1754 quod
1079 1704 1328 1753 experiencia
1368 1714 1423 1740 est
1464 1703 1729 1751 cognoscendi

425 1766 455 1801 si
489 1766 547 1801 lex
581 1765 726 1802 Christi
765 1764 813 1801 sit
846 1763 985 1811 sapida
1029 1763 1261 1808 christiano,
1307 1764 1399 1798 dum
1435 1763 1523 1809 plus
1568 1761 1786 1808 aspirat,25

426 1825 513 1871 plus
537 1824 692 1860 laborat
725 1832 761 1859 et
794 1823 880 1870 plus
905 1822 1074 1858 delectat
1097 1821 1135 1857 in
1160 1820 1369 1857 celestibus
1393 1833 1512 1868 quam
1537 1818 1731 1855 terrestri-

426 1883 511 1927 bus,
548 1882 633 1929 plus
667 1881 705 1917 in
740 1880 885 1917 eternis
918 1892 1038 1928 quam
1073 1878 1359 1927 temporalibus
1384 1887 1420 1914 et
1443 1879 1531 1926 plus
1556 1877 1595 1913 in
1618 1876 1731 1924 spiri-

427 1939 600 1975 tualibus
634 1952 754 1987 quam
789 1937 1026 1975 carnalibus.
1064 1940 1138 1973 Ista
1172 1937 1275 1973 enim
1310 1945 1400 1972 sunt
1434 1935 1588 1983 optima
1620 1935 1730 1982 signa

427 1997 533 2033 boni.
580 1997 695 2033 Ponit
728 2006 859 2033 autem
894 1996 1139 2043 Augustinus
1180 1994 1451 2031 differenciam
1493 1993 1595 2029 inter
1633 2002 1732 2028 tem-

427 2055 581 2103 poralia
615 2065 651 2091 et
683 2054 906 2103 spiritualia
946 2055 1053 2102 quod
1093 2053 1332 2100 temporalia
1371 2053 1459 2100 plus
1492 2051 1789 2087 affectantur'jo

426 2114 610 2149 habenda
643 2126 764 2161 quam
798 2111 945 2151 habita,
987 2113 1080 2147 dum
1116 2111 1330 2147 inardescit
1363 2111 1412 2146 ad
1447 2110 1630 2145 habenda
1664 2121 1731 2156 ap-

427 2171 573 2219 petitus
596 2173 662 2206 sed
687 2180 901 2218 postquam
926 2178 1016 2205 sunt
1041 2169 1176 2205 habita
1199 2178 1294 2204 tunc
1317 2167 1523 2204 vilescunt.
1558 2168 1731 2202 Econtra

427 2238 559 2265 autem
585 2228 810 2276 spiritualia
844 2227 975 2263 minus
1008 2235 1255 2275 appetuntur
1289 2227 1470 2262 habenda
1503 2226 1569 2260 sed
1605 2223 1731 2259 maius

427 2286 575 2325 habita,
616 2299 660 2322 eo
694 2287 801 2334 quod
832 2285 1068 2333 temporalia
1108 2298 1187 2321 non
1227 2284 1379 2321 saciant
1420 2284 1487 2319 sed
1520 2281 1615 2330 ipsis
1650 2294 1732 2316 mo-

426 2344 607 2381 ventibus
646 2346 718 2380 sub
757 2343 917 2380 racione
957 2343 1049 2379 boni
1084 2352 1120 2379 et
1156 2352 1241 2390 post
1281 2340 1641 2390 apprehensionem
1675 2339 1786 2375 in-35

426 2412 541 2439 rento
575 2404 854 2450 phantasmate
887 2401 1089 2438 fastiditur
1127 2400 1284 2437 animus
1325 2400 1537 2435 frustratus
1571 2411 1593 2434 a
1627 2398 1731 2433 bono

426 2460 592 2508 optimo,
639 2460 678 2496 in
724 2473 803 2508 quo
848 2459 1019 2496 naturali
1064 2458 1261 2495 desiderio
1308 2457 1565 2506 quietaretur.
1622 2456 1732 2492 Bona

497 2591 515 2609 ι.
538 2582 580 2609 l›:
603 2582 841 2617 confundentur.
935 2590 954 2613 ι,
976 2589 999 2607 2.
1023 2581 1065 2608 H:
1094 2581 1124 2607 in
1145 2579 1346 2607 discernenda
1367 2580 1460 2606 deest.
1551 2578 1576 2606 3.
1599 2579 1640 2606 ll:
1662 2586 1732 2606 con-

419 2619 596 2649 firmantur.
693 2626 722 2649 4.
746 2617 787 2643 Η;
815 2617 851 2643 ab
872 2617 965 2643 deest.
1063 2624 1103 2642 io.
1126 2616 1170 2642 A:
1199 2614 1305 2641 [Μήνη.
1331 2614 1458 2641 CXl'lll.
1558 2622 1590 2640 11.
1613 2613 1654 2640 H:
1682 2621 1733 2640 ex-

426 2652 551 2679 illei-ati.
654 2652 688 2679 15.
712 2651 816 2679 ADG:
838 2652 917 2678 sicut
936 2651 1029 2677 deest.
1134 2650 1174 2676 113.
1196 2650 1238 2676 1⁷›:
1259 2649 1502 2676 observandum:
1528 2649 1567 2675 ib.
1591 2648 1633 2675 H:
1655 2648 1732 2676 enim

427 2687 519 2713 deest.
589 2694 633 2719 24.
657 2687 697 2713 b:
721 2686 766 2713 De
785 2686 861 2713 z'stis.
930 2685 975 2712 26.
998 2684 1070 2711 bG:
1092 2687 1120 2711 et
1139 2684 1277 2713 laborat:
1299 2684 1342 2711 H:
1363 2683 1514 2710 elaborat.
1589 2690 1635 2716 20.
1659 2682 1681 2709 l)
1703 2682 1731 2708 iu

428 2729 540 2754 marga:
571 2721 759 2757 Dgfferencia
787 2721 868 2747 inter
887 2723 942 2747 tem
956 2719 1071 2747 voralia
1091 2723 1122 2746 et
1138 2719 1316 2753 spiritualia
1337 2718 1499 2745 secundum
1519 2716 1732 2750 Augustinum.

426 2754 463 2782 31.
487 2755 528 2782 ll:
557 2756 625 2782 dum
647 2756 739 2782 deest.
872 2753 914 2788 33,
935 2755 980 2787 24*
1005 2753 1076 2781 DG:
1104 2754 1202 2780 minus
1222 2753 1336 2780 habita.
1469 2751 1514 2785 ζῆ.
1537 2752 1577 2778 D:
1596 2752 1732 2787 faciunt.

425 2789 469 2824 137.
493 2790 535 2817 G:
563 2794 735 2825 ‹›p‹›rtutzo.·
761 2790 784 2816 l)
807 2798 902 2817 corin:
930 2789 1053 2824 optima.

500 2850 549 2882 15.
576 2849 693 2881 Matth.
719 2850 836 2888 XXIV,
862 2859 910 2880 12.
1023 2859 1074 2891 29.
1102 2850 1134 2879 S.
1162 2848 1341 2889 Augustini
1370 2847 1419 2878 De
1446 2846 1608 2883 Doctrina
1636 2844 1731 2876 Chri-

427 2896 534 2927 stiana
560 2896 618 2928 lib.
647 2897 668 2935 1,
696 2906 769 2937 cap.
794 2896 976 2927 XXXVIll.
1004 2896 1095 2936 Opp.
1123 2902 1204 2925 tom.
1233 2894 1254 2932 l⁷
1282 2904 1314 2935 p.
1341 2893 1363 2932 1,
1391 2902 1468 2935 pag.
1493 2891 1540 2923 18.
