2062 3276
185 281 205 306 ω

215 283 234 317 xl

243 280 263 306 KQ

205 1028 398 1067 (Pi-evalence
418 1027 452 1054 of

206 1068 308 1099 vamty
330 1070 444 1097 among

222 1098 425 1131 schoolmen.)

198 1501 222 1520 2.
244 1492 466 1528 Temperance.

225 1840 250 1868 3.
272 1839 441 1868 Fortitude.

251 2082 279 2106 4.
300 2072 425 2100 Justice.

765 276 987 308 JOHANNIS
1005 275 1189 306 WYCLIF
1209 274 1464 306 SERMONUM
1500 259 1651 318 [SERMO
1673 270 1781 299 XXXI‘

472 383 615 432 quibus
650 382 845 419 Dominus
886 382 981 418 dicit
1021 382 1060 418 in
1100 380 1325 428 evangelio:
1370 381 1489 416 Amen
1535 380 1618 416 dico
1665 379 1783 426 vobis,

473 441 596 477 nescio
630 453 709 487 vos,
741 440 908 477 Matthei
939 442 1077 486 XXV0‚
1110 449 1169 475 12.
1205 441 1334 484 Quam
1368 439 1478 475 fatua
1511 450 1603 485 ergo
1636 446 1694 474 est
1727 437 1784 472 in-

472 498 604 535 tencio
648 507 786 546 aptare
829 499 987 535 labores
1033 500 1161 534 bonos
1195 498 1242 533 de
1276 509 1420 544 genere
1453 504 1495 531 ut
1533 496 1594 532 vel
1638 494 1784 543 princi-

473 556 617 605 paliter
647 557 709 592 vel
743 556 895 592 mixtim
931 564 1114 604 captetur
1147 555 1366 603 applausus
1399 553 1552 602 populi.
1586 555 1693 589 Idem
1730 561 1786 589 est

474 614 579 651 enim
613 614 668 650 sic
700 614 830 650 facere
864 623 900 651 et
933 622 1183 651 commutare
1215 612 1445 649 amiciciam
1480 610 1552 648 Dei
1586 623 1659 659 pro
1693 610 1786 646 ficta

475 681 511 709 et
545 672 772 709 adulatoria
816 672 922 709 fama
968 672 1106 708 mundi
1147 680 1183 707 et
1223 683 1294 719 per
1339 681 1588 718 consequens
1634 669 1786 704 bonum

475 730 601 767 eterni
646 730 780 778 gaudii
826 731 994 778 perdere
1037 742 1110 777 pro
1157 728 1304 776 gaudio
1348 728 1530 776 ypocrite
1576 727 1682 775 quod
1731 735 1788 762 est

475 788 601 825 instar
652 787 791 836 puncti
845 789 975 834 breve,
1028 799 1165 835 ymmo
1211 786 1455 823 constituere
1499 798 1622 821 unum
1667 784 1787 820 talem

474 846 592 883 vilem
638 855 890 893 peccatorem
926 848 1052 882 Deum
1094 857 1207 881 suum
1249 853 1285 880 et
1323 844 1378 880 sic
1417 847 1626 892 (quantum
1672 842 1711 878 in
1750 853 1790 878 se

476 908 547 949 est)
598 905 862 952 pervertendo
913 903 1096 939 ordinem
1147 901 1319 939 universi
1364 903 1458 937 dum
1504 900 1586 937 eius
1630 901 1789 936 laudem

476 962 624 1010 prefert
656 962 765 998 laudi
796 961 880 998 Dei.
915 963 947 998 O
973 974 1066 998 ceca
1098 959 1372 997 commutacio
1406 968 1442 995 et
1476 959 1657 995 distorta.
1699 959 1791 994 Ideo

477 1020 572 1057 dicit
606 1020 791 1057 Salvator
815 1019 983 1056 Matthei
1007 1021 1092 1064 V10‚
1129 1028 1179 1054 22
1216 1019 1323 1066 quod
1356 1018 1390 1053 si
1420 1018 1552 1053 oculus
1584 1024 1683 1060 tuus,
1717 1016 1792 1052 hoc

477 1088 548 1125 est,
582 1077 757 1114 intencio
781 1077 990 1125 operandi,
1015 1077 1144 1126 fuerit
1175 1076 1358 1125 simplex,
1390 1084 1485 1111 tunc
1508 1082 1627 1111 totum
1653 1085 1794 1123 corpus

477 1149 645 1184 operum
671 1136 839 1172 lucidum
864 1136 947 1172 erit.
984 1137 1031 1171 Et
1056 1136 1175 1171 credo
1198 1135 1306 1182 quod
1329 1133 1431 1169 inter
1454 1145 1593 1169 omnes
1617 1132 1794 1168 cautelas

480 1194 631 1231 diaboli
664 1195 735 1230 hec
769 1202 826 1230 est
859 1206 938 1230 una
973 1194 1019 1229 de
1052 1191 1327 1229 subtilissimis
1360 1204 1431 1239 per
1465 1203 1586 1239 quam
1621 1188 1794 1237 surrepit

479 1252 518 1288 in
554 1261 707 1289 mentes
748 1252 1069 1302 scolasticorum7
1109 1250 1203 1299 quia
1241 1249 1301 1286 vix
1335 1258 1391 1286 est
1424 1249 1566 1297 aliquis
1607 1247 1703 1297 quin
1735 1247 1796 1283 vel

480 1310 759 1358 principaliter
790 1310 850 1346 vel
884 1309 1036 1345 mixtim
1077 1308 1171 1345 facit
1211 1317 1301 1344 acta
1333 1321 1418 1351 sua,
1458 1316 1501 1343 ut
1533 1306 1715 1343 videatur
1747 1307 1796 1341 ab

482 1368 725 1414 hominibus,
760 1377 797 1404 et
822 1380 911 1404 cum
943 1367 1134 1403 minimus
1167 1379 1278 1403 error
1311 1366 1350 1402 in
1382 1364 1581 1414 principio
1604 1364 1654 1401 sit
1678 1376 1797 1400 causa

485 1426 645 1463 maximi
691 1427 730 1462 in
775 1426 871 1468 fine:
926 1434 1035 1474 patet
1080 1426 1189 1474 quod
1232 1424 1295 1460 isti
1342 1424 1494 1460 cautele
1547 1422 1696 1459 diaboli
1741 1430 1798 1458 est

485 1484 729 1533 prudencius
762 1484 1041 1520 resistendum.
1077 1484 1261 1520 Secundo
1285 1481 1501 1530 requiritur
1524 1479 1798 1529 temperancia

487 1543 525 1579 in
559 1542 719 1579 cibariis
743 1551 779 1578 et
802 1542 889 1578 aliis
923 1554 1138 1589 corporum
1168 1540 1381 1585 nutritivis‚
1416 1552 1464 1575 ne
1488 1540 1589 1575 forte
1612 1539 1798 1575 sacerdos

487 1610 652 1650 propter
696 1600 967 1648 petulanciam
1015 1609 1051 1636 et
1096 1598 1243 1635 ventris
1287 1598 1501 1645 ingluviem
1549 1596 1715 1645 cespitet
1759 1595 1799 1631 in

487 1660 671 1695 serendo.
705 1660 820 1695 Unde
844 1657 1125 1706 exemplariter
1149 1656 1246 1693 dicit
1269 1657 1502 1703 Apostolus:
1533 1655 1692 1705 Castigo
1715 1666 1799 1689 cor-

484 1730 559 1766 pus
598 1729 722 1753 meum
756 1724 791 1752 et
823 1717 858 1752 in
891 1717 1115 1752 servitutem
1156 1715 1308 1765 redigo,
1355 1727 1398 1750 ne
1425 1715 1540 1762 sorte
1585 1726 1669 1748 cum
1714 1712 1800 1747 aliis

484 1775 774 1824 predicaverim
809 1775 889 1824 ipse
922 1775 1112 1823 reprobus
1144 1773 1307 1822 efficiar.

545 1833 690 1870 Tercio
724 1832 944 1881 requiritur
976 1832 1170 1868 fortitudo
1204 1831 1243 1866 in
1276 1830 1503 1866 tollerando
1536 1830 1703 1865 adversa
1726 1840 1800 1875 pro

488 1892 573 1927 zelo
606 1890 784 1927 veritatis
819 1900 855 1927 et
889 1891 1016 1926 salute
1049 1889 1202 1937 populi.
1249 1890 1355 1924 Istud
1389 1896 1499 1935 patet
1539 1886 1800 1922 discurrendo

489 1962 558 1997 per
592 1962 732 1985 omnes
765 1948 919 1997 pugiles
952 1947 1177 1984 laudabiles
1211 1946 1377 1983 ecclesie
1417 1944 1640 1981 militantis.
1688 1944 1802 1979 Unde

487 2020 578 2044 vere
624 2007 720 2043 dicit
752 2007 990 2055 Apostolus:
1032 2006 1173 2042 Omnes
1218 2005 1281 2054 qui
1314 2005 1377 2053 pie
1424 2004 1553 2039 volunt
1600 2003 1728 2038 vivere
1765 2001 1800 2036 in

493 2064 663 2108 Christo,
692 2065 1003 2114 persecztcionem
1033 2064 1257 2113 paciuntur.
1291 2065 1339 2098 Et
1373 2063 1536 2097 demum
1571 2061 1718 2096 iustum
1745 2067 1801 2094 est

489 2125 596 2172 quod
643 2135 756 2159 mens
796 2122 1017 2159 sacerdotis
1057 2123 1231 2158 elevetur
1264 2120 1303 2155 in
1339 2123 1464 2155 Deum
1500 2132 1570 2166 per
1608 2117 1798 2154 noticiam

490 2190 527 2217 et
559 2194 740 2217 amorem
775 2193 820 2217 ac
853 2180 951 2216 alias
984 2179 1120 2216 latrias
1155 2182 1238 2214 Deo
1272 2178 1438 2213 debitas.
1476 2178 1588 2213 Unde
1618 2176 1802 2212 Salvator

489 2248 625 2275 noster
664 2238 962 2287 exemplificans
1002 2236 1324 2286 predicatoribus
1363 2235 1442 2271 suis
1488 2235 1620 2282 quoad
1666 2232 1803 2269 omnia

491 2296 565 2333 ista
612 2309 683 2345 per
729 2296 912 2333 ordinem
962 2308 1043 2332 non
1096 2295 1239 2343 legitur
1292 2295 1331 2329 in
1385 2291 1590 2341 evangelio
1643 2290 1802 2339 publice

491 2355 720 2403 predicasse
754 2364 844 2391 ante
878 2367 1026 2390 annum
1060 2353 1321 2397 tricesimum,
1356 2353 1423 2387 sed
1457 2351 1577 2398 paulo
1602 2358 1691 2385 ante
1716 2360 1802 2396 pre-

493 2413 742 2449 dicacionem
768 2425 880 2448 suam
906 2411 1045 2460 petivit
1079 2413 1280 2447 desertum
1314 2411 1463 2453 locum,
1498 2417 1538 2444 ut
1562 2407 1617 2444 sic
1642 2408 1803 2443 doceret

493 2470 712 2519 discipulos
752 2483 844 2506 suos
884 2469 1146 2518 prudenciam
1188 2470 1236 2505 ad
1278 2467 1509 2504 evitandum
1555 2463 1803 2502 adulatorios

492 2529 711 2577 applausus
744 2528 896 2576 populi.
944 2527 998 2563 Ibi
1033 2527 1161 2564 eciam
1194 2525 1385 2562 ieiunavit
1418 2523 1687 2573 quadraginta
1723 2521 1804 2557 die-

564 2659 583 2678 1.
606 2650 680 2678 DG:
707 2650 744 2677 de
764 2650 879 2686 quihus.
960 2648 983 2676 3.
1007 2649 1048 2676 Η;
1077 2652 1221 2684 captare:
1246 2648 1287 2675 ib.
1311 2648 1352 2675 1-1:
1381 2647 1502 2674 labores
1521 2646 1677 2674 destruere
1697 2648 1731 2672 ut
1748 2644 1803 2682 vel.

494 2684 518 2712 5.
539 2685 583 2712 Η;
613 2686 660 2712 νεῖ
679 2689 882 2717 cmmnulare;
910 2684 949 2712 ib.
972 2685 1013 2711 D:
1045 2683 1119 2710 Deo.
1251 2691 1276 2718 7.
1299 2682 1372 2710 DG:
1397 2682 1587 2717 ypocraice;
1616 2681 1640 2708 D
1662 2683 1803 2707 correxut.

495 2722 521 2745 N.
544 2719 618 2747 AH:
642 2721 731 2746 talem
753 2721 846 2747 deest.
911 2721 951 2746 16.
973 2718 1046 2746 DG:
1068 2719 1097 2745 in
1118 2721 1223 2745 mente.
1288 2726 1327 2751 17.
1348 2717 1422 2744 DH:
1444 2717 1491 2744 vel
1509 2717 1603 2743 deest.
1665 2722 1709 2747 27.
1731 2713 1802 2741 DH:

495 2754 589 2783 illud:
614 2755 654 2781 ib.
675 2756 718 2781 A:
750 2757 825 2781 natet
842 2754 941 2781 twice.
997 2752 1042 2781 30.
1064 2753 1167 2780 Recte:
1183 2753 1359 2792 paesentur.
1422 2750 1464 2779 33.
1486 2750 1559 2778 DG:
1581 2747 1807 2784 exemplificans

494 2798 518 2815 si
537 2789 730 2824 predicatori
749 2797 783 2816 us
801 2789 866 2815 suis
884 2798 906 2816 s.
1037 2787 1084 2820 34.
1106 2787 1149 2814 D:
1176 2788 1239 2814 zlla.
1369 2785 1415 2814 36.
1437 2786 1480 2813 D:
1507 2785 1550 2812 aci
1565 2787 1677 2812 sertum
1697 2784 1804 2810 locum.

496 2823 540 2858 37.
561 2825 603 2851 A:
625 2823 813 2850 adulatores.
886 2824 930 2851 38.
952 2823 993 2850 D:
1015 2822 1140 2850 ieiunat.

568 2896 620 2928 23.
649 2896 670 2926 Ι.
699 2895 777 2925 Cor.
806 2895 858 2934 IX,
888 2905 939 2937 27.
1041 2904 1093 2938 28¹·
1124 2894 1163 2925 ΙΙ.
1182 2892 1273 2924 Tim.
1303 2894 1353 2933 111,
1378 2902 1426 2924 12.

1811 914 1849 934 IO

1815 1192 1850 1224 15

1818 1772 1856 1804 25
