2062 3276
211 261 259 295 56

207 497 312 525 Friars
332 505 381 523 arc
395 496 481 528 ,blind

226 532 344 559 leaders
364 531 399 558 of
415 531 464 558 the

300 565 393 594 blind.

226 889 410 917 (Jonfession
432 894 462 916 to

228 924 296 952 God
318 925 367 952 thc
389 925 463 952 best.

218 1410 285 1438 The
305 1410 398 1445 l’apal
420 1411 476 1437 law

209 1455 241 1472 as
261 1450 290 1472 to
307 1444 484 1472 confession

219 1481 244 1508 is
265 1485 317 1508 not
339 1479 477 1515 binding.

252 1883 439 1912 Absolution

253 1918 384 1958 granted·
402 1927 440 1945 on

254 1957 440 1981 lllsuillclent

271 1989 421 2023 grounds.

228 2276 412 2315 Confession
434 2280 464 2303 to

301 2316 395 2346 prnest

247 2345 452 2380 superfluous.

790 266 1015 297 „IOHANNIS
1035 265 1218 296 WYCLIF
1238 265 1493 296 SERMONUM
1579 252 1732 309 [SERMO
1754 262 1805 289 Vl·

496 374 588 409 Ideo
621 372 818 408 subtiliter
851 371 963 407 dicit:
1003 371 1075 407 Ubi
1105 379 1158 407 est
1191 371 1396 407 thesaurus
1427 378 1526 418 tuus,
1571 372 1625 408 ibi
1653 379 1708 408 est
1740 383 1808 407 cor

496 438 615 466 tuum.

554 490 602 524 Et
645 496 755 536 patet
801 488 909 536 quod
947 487 1088 523 fratres
1127 485 1306 533 ypocrite
1351 486 1419 535 qui
1464 486 1601 523 dicunt
1646 496 1683 523 et
1726 500 1807 524 non

496 546 660 589 faciunt,
706 554 918 593 querentes
957 544 1019 580 hic
1060 543 1275 589 civitatem,
1321 557 1368 581 ac
1407 544 1438 580 si
1478 544 1730 581 intenderent
1768 545 1807 581 in

497 603 611 640 terris
658 612 853 651 perpetuo
899 601 1137 645 conversari,
1183 611 1274 638 sunt
1321 602 1402 638 ceci
1442 603 1562 639 duces
1607 615 1806 649 cecorum,

498 674 588 698 cum
622 662 806 698 laborant
839 660 997 697 assidue
1029 668 1073 696 ut
1106 660 1307 696 confessus
1341 661 1406 697 det
1438 659 1514 696 illis
1549 660 1807 697 elemosinam

497 720 761 767 corporalem,
807 720 876 754 sed
915 717 989 765 ipsi
1028 717 1119 754 licet
1158 717 1409 766 potenciores
1450 719 1594 755 nolunt
1626 718 1735 755 illam
1769 718 1809 754 in

498 777 703 825 egentibus
752 788 945 813 exercere.
999 777 1048 812 Et
1097 788 1140 812 ex
1187 775 1270 812 istis
1319 785 1449 824 potest
1497 776 1632 812 induci
1685 776 1808 813 tercio

498 834 667 871 materia
700 834 995 871 confessionum
1038 846 1115 882 que
1155 834 1298 870 exaltat
1330 834 1531 882 ypocritas
1565 843 1661 882 aput
1694 847 1808 870 mun—

498 895 606 929 dum.
648 892 803 929 Dicitur
836 901 969 928 autem
1004 891 1273 928 communiter
1306 893 1414 940 quod
1447 893 1593 940 duplex
1626 901 1683 928 est
1716 905 1807 928 con-

497 951 613 987 fessio
646 952 695 987 ad
728 949 978 998 propositum
1021 949 1169 986 scilicet
1208 949 1402 986 confessio
1440 949 1693 998 singulariter
1726 952 1808 986 Deo

497 1010 600 1045 facta
635 1018 671 1045 et
704 1007 899 1044 confessio
933 1020 975 1044 ex
1008 1007 1264 1044 institucione
1297 1008 1522 1044 Innocencii
1562 1008 1673 1044 tercii
1707 1008 1810 1044 facta

497 1066 660 1114 proprio
693 1066 903 1103 sacerdoti.
939 1065 1071 1102 Prima
1105 1075 1161 1102 est
1194 1065 1364 1114 dignior,
1398 1066 1641 1102 fundabilior
1674 1075 1711 1102 et
1743 1079 1810 1102 ne-

499 1124 693 1160 cessarior
725 1136 846 1172 quam
880 1125 1067 1165 secunda,
1114 1123 1207 1172 quia
1246 1125 1294 1160 de
1327 1123 1459 1172 prima
1492 1124 1739 1160 confessione
1773 1133 1809 1160 et

498 1182 724 1230 penitencia
756 1181 934 1230 loquitur
967 1181 1164 1229 scriptura
1198 1181 1435 1229 generaliter
1468 1191 1505 1218 et
1538 1195 1736 1230 nusquam
1762 1183 1809 1218 de

498 1242 686 1276 secunda.
722 1241 814 1276 Ideo
846 1239 1004 1276 videtur
1037 1239 1184 1285 multis,
1219 1252 1309 1276 cum
1345 1239 1510 1276 ecclesia
1545 1240 1684 1276 melius
1708 1239 1809 1275 mili—

496 1298 592 1334 tavit
625 1310 695 1346 per
728 1297 836 1334 mille
868 1310 993 1334 annos
1027 1307 1064 1333 et
1096 1297 1267 1345 amplius
1300 1297 1383 1333 sine
1415 1297 1481 1334 illa
1505 1299 1679 1334 secunda
1702 1299 1808 1346 quod

501 1357 631 1392 adhuc
665 1355 806 1392 melius
840 1355 1027 1391 militaret
1060 1355 1143 1391 sine
1177 1355 1254 1391 illa.

559 1413 762 1459 Similiter,
798 1412 963 1450 ecclesia
995 1426 1076 1449 non
1111 1422 1167 1449 est
1197 1414 1401 1450 oneranda
1433 1413 1545 1450 novis
1579 1413 1718 1449 ritibus
1751 1414 1811 1449 vel

500 1471 762 1508 sacramentis
794 1471 876 1507 sine
909 1471 1148 1507 fundacione
1188 1484 1230 1507 ex
1262 1472 1348 1519 lege
1371 1471 1544 1507 Domini.
1582 1473 1682 1508 Cum
1717 1484 1809 1519 ergo

500 1531 609 1566 nulla
649 1529 835 1566 fundacio
880 1529 988 1565 curie
1022 1531 1200 1565 Romane
1243 1529 1442 1565 sufficiens
1488 1538 1545 1565 est
1589 1531 1639 1565 ad
1686 1529 1808 1574 illam,

500 1587 594 1636 quia
627 1600 697 1635 per
729 1587 834 1623 idem
869 1587 1004 1623 liceret
1037 1586 1110 1622 sibi
1143 1588 1284 1623 tollere
1317 1587 1542 1623 libertatem
1577 1587 1741 1623 ecclesie
1774 1596 1811 1623 et

500 1647 587 1693 plus
621 1645 800 1693 obligare
828 1645 955 1692 ipsam
980 1645 1216 1681 ceremoniis
1239 1658 1359 1694 quam
1384 1645 1456 1681 fuit
1480 1644 1646 1682 ecclesia
1668 1644 1810 1681 veteris

498 1702 742 1749 testamenti,
776 1703 866 1739 ideo
899 1712 1084 1750 suspecta
1118 1712 1174 1739 est
1198 1703 1266 1739 illa
1288 1703 1539 1740 introduccio
1563 1716 1640 1751 que
1662 1702 1702 1739 in
1724 1703 1809 1750 lege

500 1761 635 1809 papali
688 1763 745 1797 De
799 1760 1027 1797 penitencia
1081 1770 1117 1796 et
1170 1761 1485 1797 Remissionibus
1538 1774 1623 1809 cap.
1679 1761 1811 1796 Omnis

501 1819 698 1867 utriusque
729 1831 848 1855 sexus
880 1818 1079 1863 inseritur,
1113 1828 1327 1867 postquam
1361 1828 1521 1856 satanas
1555 1828 1611 1855 est
1643 1819 1808 1855 solutus.

558 1876 761 1922 Similiter,
795 1877 926 1912 nullus
960 1877 1162 1912 confessus
1202 1876 1377 1913 militans
1416 1876 1618 1925 cognoscit
1656 1876 1809 1924 peccati

500 1934 764 1982 quantitatem
800 1934 874 1970 nisi
908 1947 950 1970 ex
991 1934 1138 1970 iudicio
1176 1934 1402 1971 confitentis
1441 1944 1477 1971 et
1515 1935 1633 1971 ambo
1672 1947 1808 1970 eorum

500 1992 681 2028 nesciunt
729 1991 882 2040 peccati
929 1992 1181 2040 gravedinem
1231 1992 1333 2029 sicut
1384 2005 1456 2029 nec
1508 1992 1809 2029 contricionem.

503 2051 717 2094 Quomodo
751 2062 844 2097 ergo
877 2051 1042 2086 auderet
1075 2051 1277 2086 confessor
1309 2051 1484 2087 frontose
1506 2063 1682 2087 asserere
1704 2051 1844 2098 quod‘3

500 2107 538 2143 in
570 2107 749 2155 periculo
789 2108 922 2144 anime
960 2120 1029 2143 sue
1074 2108 1277 2144 confessus
1322 2109 1427 2156 apud
1462 2110 1587 2144 Deum
1634 2108 1811 2155 plenarie

501 2174 557 2201 est
590 2165 768 2202 solutus?
808 2167 850 2201 In
882 2165 956 2201 isto
990 2174 1123 2201 autem
1159 2175 1372 2214 surrepunt
1406 2167 1529 2201 multe
1562 2165 1811 2214 blasphemie

501 2222 602 2259 sicut
635 2223 759 2259 multe
792 2223 908 2270 culpe
940 2232 1128 2260 nocentes
1161 2223 1336 2260 ecclesie.

559 2280 764 2326 Similiter,
798 2280 992 2316 confessio
1024 2281 1128 2317 facta
1161 2283 1244 2317 Deo
1278 2294 1367 2317 cum
1402 2281 1647 2317 contricione
1679 2280 1812 2318 debita

503 2347 559 2374 est
591 2337 791 2374 sufficiens
824 2339 872 2374 ad
911 2338 1155 2375 delecionem
1190 2339 1343 2387 peccati
1376 2352 1448 2375 nec
1481 2339 1565 2375 sine
1603 2338 1670 2375 illa
1708 2339 1813 2375 valet

568 2514 596 2539 9,
614 2513 654 2532 10.
674 2506 719 2532 A:
740 2506 871 2533 viatoria
891 2522 920 2525 -
945 2514 1013 2533 mun
1037 2506 1101 2539 (sic)
1123 2507 1216 2533 deest.
1283 2515 1323 2534 10.
1345 2508 1388 2534 A:
1409 2507 1522 2534 dicitur
1542 2510 1583 2534 ut.
1651 2515 1684 2534 ιι.
1706 2508 1750 2534 A:
1772 2508 1814 2534 mi

494 2540 689 2574 propos-itinn
710 2540 812 2574 dees13
844 2541 884 2567 ib.
908 2541 931 2567 l)
959 2541 989 2567 in
1016 2549 1130 2576 marg:
1161 2541 1224 2568 Con
1243 2541 1345 2571 ‘ess1'0,·
1370 2542 1425 2569 AD
1447 2541 1477 2569 in
1499 2550 1615 2577 marg:
1649 2542 1811 2576 Confessio

499 2574 630 2609 auplex:
656 2575 679 2601 Ε
698 2574 728 2601 in
750 2583 864 2609 marg:
888 2575 1060 2611 Confessio
1159 2584 1197 2611 17-
1230 2576 1289 2603 )E:
1315 2577 1382 2604 sine
1402 2577 1472 2604 ista.
1565 2584 1603 2612 ¹7,
1625 2576 1664 2603 18.
1685 2573 1729 2604 A:
1757 2577 1811 2603 illa

497 2609 630 2636 secunda
649 2624 683 2628 —-
703 2609 756 2636 illa
777 2609 871 2637 deest.
950 2617 994 2644 27.
1016 2610 1040 2637 E
1059 2610 1089 2637 in
1111 2618 1224 2645 marg:
1251 2609 1344 2638 Nota.
1432 2610 1478 2645 34.
1501 2610 1524 2638 E
1543 2611 1572 2638 in
1596 2619 1710 2645 marg:
1735 2611 1811 2638 Con-

489 2643 594 2679 fessio
606 2643 703 2680 facta
724 2644 789 2671 Deo
811 2647 857 2671 est
873 2643 1044 2681 sijficiens.

575 2747 601 2768 1.
635 2736 752 2768 Matth.
779 2737 835 2777 VI,
871 2747 923 2769 21.
1077 2749 1125 2770 10.
1159 2738 1211 2770 Cf.
1237 2739 1453 2780 Trialogum,
1485 2750 1564 2782 pag.
1599 2740 1674 2782 327.
1714 2740 1811 2779 Quae

501 2792 603 2824 supra
642 2791 885 2823 memorantur,
918 2784 1125 2815 verbotenus
1164 2785 1250 2816 inter
1281 2785 1454 2817 doctrinas
1486 2786 1728 2817 Taboritarum
1762 2787 1811 2822 (in

503 2828 666 2860 chronico
685 2829 927 2861 Taboritarum
948 2831 969 2869 I,
991 2841 1063 2872 cap.
1082 2831 1166 2870 XXI,
1186 2830 1217 2862 ὁ.
1246 2832 1375 2862 Fontes
1394 2842 1507 2863 rerum
1526 2833 1732 2864 Austriacar.
1752 2833 1810 2863 SS.

501 2882 584 2907 tom.
598 2875 654 2915 Vl,
673 2874 754 2917 607)
774 2876 938 2907 invenies.
1049 2876 1100 2908 25.
1120 2877 1251 2909 Decret.
1271 2877 1328 2909 lib.
1340 2879 1378 2916 V,
1397 2878 1445 2909 tit.
1464 2879 1642 2917 XXXVIII,
1662 2889 1735 2920 cap.
1760 2888 1808 2910 12.

1829 905 1866 925 IO

1829 1183 1865 1215 15

1849 2062 1869 2081 Ο

1828 2340 1867 2372 35
