2062 3276
171 886 208 906 10

169 1165 205 1197 15

166 1466 207 1487 20

189 1740 430 1789 sgeneralis,
476 1740 567 1777 ideo
606 1741 654 1776 de
694 1748 846 1788 quanto
881 1737 1046 1775 devocio
1086 1736 1259 1774 oratoris
1299 1735 1532 1773 accenditur

165 2037 180 2068 Γ
221 2032 463 2079 generalem,
513 2043 603 2067 cum
650 2029 920 2067 communitas
964 2028 1024 2065 vel
1068 2040 1191 2075 genus
1230 2039 1303 2075 pro
1349 2039 1428 2075 quo
1475 2034 1532 2062 est

225 239 361 270 samio
383 229 451 287 111]
704 238 896 279 QmR‘rA
924 239 1050 271 PARS.
1776 229 1791 264 3
1807 242 1816 265 1

225 351 295 386 has
329 350 447 386 rudes
477 349 635 385 hereses
659 346 803 396 quibus
828 345 1004 383 creditur
1027 346 1136 394 quod
1160 343 1298 381 oracio
1321 343 1535 391 specialior

224 408 312 456 plus
345 419 468 456 parca
502 405 626 454 magis
665 406 797 454 placet
831 407 915 440 Deo
961 416 1082 452 quam
1127 402 1266 439 oracio
1311 402 1535 449 generalior

227 465 351 513 magis
385 465 533 513 ampla.
583 466 625 500 In
671 464 746 499 hoc
791 461 896 499 enim
930 461 1178 510 imponimus
1213 463 1297 497 Deo
1332 458 1532 496 maliciam

226 523 529 560 Manicheorum
565 529 602 558 et
634 533 828 568 negamus
861 521 910 557 ab
944 532 991 556 eo
1026 517 1376 566 magnificenciam
1417 517 1534 554 liber-

225 581 383 626 rimam,
417 581 526 629 quod
560 578 733 616 maiores
767 577 932 614 heretici
965 590 1046 614 non
1078 578 1296 613 audebant.

282 640 358 675 Ista
391 647 524 674 autem
559 636 764 674 sentencia
797 636 951 673 iuvaret
985 634 1194 673 ecclesiam
1218 635 1268 671 ad
1292 635 1380 682 plus
1403 633 1535 669 zelan-
1611 639 1677 666 Our
1699 639 1774 678 vihew

224 698 317 733 dum
352 709 425 745 pro
458 695 583 744 priori
618 704 655 731 et
689 693 833 731 maiori
867 695 975 730 bono
1009 705 1054 730 ac
1087 692 1239 729 utiliori
1270 692 1344 728 toti
1368 691 1534 728 ecclesie
1551 674 1675 735 &32¹2ss
1691 674 1824 735 ῗέξῃέζῇ

224 767 269 791 ac
302 754 627 803 postponendum
662 752 864 801 privatum
898 752 1159 788 commodum
1195 759 1232 786 et
1265 751 1414 786 bonum
1442 762 1532 797 pro-
1575 743 1796 811 η’ἓξῇιγξῗῐξὲξῇ

224 813 371 861 prium,
406 812 508 849 sicut
538 810 632 848 facit
656 810 802 847 caritas
826 810 952 846 instar
976 809 1060 846 Dei.
1096 808 1253 846 Caritas
1277 808 1381 844 enim
1408 806 1534 855 magis
1574 798 1590 811 ⁵
1716 806 1726 812 “
1803 799 1808 804 ’

224 883 439 907 commune
472 871 623 906 bonum
657 869 746 917 plus
787 877 825 904 et
864 866 1071 916 publicum
1119 865 1244 914 magis
1290 865 1431 914 diligit.
1487 866 1534 900 Et

223 928 328 966 istud
361 941 442 966 non
473 935 729 976 promoveret
752 927 800 963 ad
825 926 1076 962 fundandum
1102 924 1304 970 abbacias,
1331 922 1533 960 cantarias

223 997 259 1024 et
293 995 445 1023 ceteras
478 985 675 1023 novitates
709 997 808 1033 quas
843 983 1040 1020 Dominus
1074 981 1335 1031 pretermisit.

280 1046 357 1081 Sed
402 1044 582 1092 arguitur
626 1042 752 1079 tercio
797 1054 867 1090 per
911 1043 987 1078 hoc
1027 1042 1135 1090 quod
1175 1039 1401 1077 communis
1442 1051 1534 1075 usus
1552 1043 1825 1106 ltligtzrugsug-Jntfflt

222 1103 388 1139 ecclesie
421 1103 510 1151 plus
543 1102 743 1150 approbat
775 1099 1008 1136 oracionem
1050 1098 1267 1147 specialem
1309 1110 1429 1147 quam
1471 1109 1535 1145 ge-
1590 1113 1640 1140 the
1662 1112 1785 1140 Church

221 1161 411 1207 neralem,
445 1170 487 1196 ut
520 1168 629 1208 patet
654 1160 702 1195 de
725 1157 1042 1195 conducentibus
1063 1158 1313 1202 sacerdotes;
1347 1155 1403 1192 sic
1427 1155 1530 1192 enim
1552 1156 1652 1218 weg}
1677 1156 1812 1218 sgffaexz‘ffi

222 1219 402 1255 Christus
435 1217 563 1255 oravit
595 1216 822 1266 specialiter
854 1229 927 1264 pro
960 1228 1000 1252 se
1034 1215 1141 1263 ipso;
1176 1213 1343 1251 ecclesia
1371 1213 1454 1250 sine
1478 1213 1534 1248 in-
1602 1215 1777 1252 Exanimes.
1817 1205 1822 1209 ’

221 1276 474 1313 termissione
507 1277 650 1313 orabat
674 1287 747 1324 pro
772 1276 904 1320 Petro,
929 1274 1074 1311 Paulus
1098 1272 1292 1320 flagitavit
1316 1270 1533 1320 specialem

222 1334 454 1372 oracionem
499 1347 572 1382 pro
617 1333 775 1381 regibus
821 1341 857 1369 et
902 1344 943 1368 se
986 1331 1088 1379 ipso,
1134 1343 1272 1379 ymmo
1317 1329 1533 1378 Gregorius

222 1394 376 1430 orando
409 1392 622 1441 specialius
655 1403 728 1440 pro
759 1390 936 1427 Traiano
960 1389 1090 1438 ipsum
1118 1388 1265 1437 eripuit
1290 1389 1339 1424 de
1361 1387 1531 1425 inferno.

221 1451 363 1488 Verior
396 1463 489 1498 ergo
523 1459 580 1486 est
613 1448 751 1485 oracio
785 1457 822 1484 et
855 1447 1058 1485 efficacior
1082 1459 1154 1495 pro
1179 1445 1387 1483 individuo
1411 1458 1532 1495 quam

223 1522 296 1558 pro
329 1508 544 1545 universali
583 1516 792 1556 perpetuo,
840 1507 948 1555 quod
992 1518 1073 1542 non
1117 1513 1251 1553 potest
1295 1503 1429 1553 puniri
1472 1504 1533 1540 vel

223 1580 366 1616 penam
401 1566 578 1615 aliquam
612 1563 822 1602 demereri.

281 1627 357 1661 Pro
389 1624 465 1661 isto
499 1624 645 1660 dicitur
676 1626 734 1669 (ut
766 1627 901 1671 supra)
936 1623 1044 1670 quod
1078 1620 1216 1658 oracio
1249 1619 1434 1669 specialis
1476 1628 1533 1655 est
1560 1623 1680 1658 Specta!
1703 1632 1813 1663 prayer

223 1684 374 1729 efficax,
409 1695 498 1719 cum
532 1695 614 1719 non
646 1682 749 1718 foret
781 1680 896 1717 aliter
930 1679 1062 1716 minus
1086 1679 1225 1715 efficax
1250 1690 1371 1727 quarn
1395 1676 1532 1714 oracio
1550 1658 1825 1721 xnagvrpceneiriteicgwe

1623 1728 1747 1759 devotit,

223 1809 259 1836 et
293 1799 458 1836 devocio
498 1797 694 1846 generalis
739 1796 956 1842 inducitur,
1002 1796 1105 1833 valet
1149 1794 1288 1832 oracio
1332 1793 1530 1843 specialis.

221 1859 367 1894 Verum
403 1866 539 1894 tamen
572 1856 706 1905 quoad
740 1863 1021 1903 argumentum
1057 1852 1204 1890 dicitur
1237 1854 1345 1902 quod
1386 1852 1529 1888 falsum

222 1915 451 1961 assumitur,
495 1927 585 1951 cum
626 1915 807 1950 Christus
853 1922 890 1949 et
934 1921 1020 1949 tota
1064 1911 1319 1959 triumphans
1364 1909 1532 1947 ecclesia
1558 1914 1609 1940 but
1630 1912 1734 1940 Christ
1754 1914 1813 1941 and

222 1987 312 2010 cum
338 1972 534 2010 militante
557 1973 754 2009 servando
777 1970 980 2008 tramitem
1004 1969 1184 2006 veritatis
1200 1970 1289 2018 plus
1305 1969 1532 2017 approbant
1566 1947 1810 2018 flsszesogflufffg'se

1601 2018 1635 2045 of
1651 2019 1772 2053 general

221 2090 311 2126 talis
350 2089 486 2126 oracio
531 2088 581 2125 sit
624 2087 876 2136 prestancius
920 2085 1096 2135 speciali.
1143 2088 1275 2131 Quare
1320 2096 1414 2132 ergo
1458 2096 1531 2132 pro
1624 2061 1744 2088 imm*

222 2147 380 2185 meliori
427 2149 532 2183 Deus
584 2159 665 2183 non
710 2145 907 2183 attencius
953 2144 1161 2181 oraretur?
1214 2143 1358 2179 Modus
1404 2142 1528 2179 eciam

221 2205 362 2243 orandi
396 2204 617 2254 disparsior
648 2205 737 2253 plus
771 2203 957 2240 convenit
1004 2201 1176 2247 caritati,
1222 2210 1259 2237 et
1293 2203 1397 2237 Deus
1432 2212 1531 2248 eque

221 2264 391 2301 faciliter
443 2263 554 2300 audit
608 2272 644 2299 et
697 2262 837 2310 implet
890 2260 1123 2297 oracionem
1177 2259 1403 2307 generalem
1458 2271 1531 2306 pro

221 2322 401 2370 pluribus
434 2321 536 2358 sicut
568 2320 797 2369 specialem.
844 2318 950 2365 Quid
984 2331 1079 2366 ergo
1112 2318 1291 2354 obstaret
1324 2317 1433 2365 quod
1466 2328 1531 2364 ge-

219 2380 367 2417 neralis
399 2392 480 2416 non
513 2378 562 2415 sit
597 2378 739 2415 melior
771 2378 832 2414 vel
871 2376 930 2427 (ut
968 2377 1112 2425 loquar
1144 2374 1321 2424 yronice)
1360 2374 1436 2410 nisi
1476 2374 1532 2410 in-

289 2512 319 2537 4,
338 2502 362 2530 5.
384 2503 428 2530 A:
453 2502 637 2530 tiberin-'mam
657 2504 696 2529 et.
786 2500 814 2528 8.
835 2501 878 2528 A:
899 2507 937 2527 ac
953 2497 1203 2535 preponendum;
1231 2498 1273 2525 D:
1293 2496 1533 2533 postponendum

221 2538 329 2565 bonum
348 2537 509 2572 proprium
530 2540 559 2564 et
574 2537 748 2572 privatum:
770 2535 808 2562 E:
828 2535 983 2571 privatum
1003 2538 1033 2561 et
1052 2534 1162 2561 bonum
1181 2533 1352 2568 proprium.
1429 2541 1460 2559 11.
1484 2533 1530 2559 A:

221 2573 367 2600 catarias.
474 2578 510 2598 12.
531 2572 559 2598 1:
588 2570 736 2598 Dominus
755 2570 846 2597 Deus.
948 2568 987 2597 13.
1008 2568 1032 2596 E
1052 2568 1081 2596 in
1105 2576 1218 2601 marg:
1237 2575 1285 2601 3111
1305 2572 1533 2602 argumentum.

222 2615 262 2637 ¹4-
281 2607 304 2634 l)
320 2607 349 2634 in
367 2614 479 2641 marg:
505 2605 713 2633 Conductore>-
726 2605 897 2632 missarum.
967 2612 1006 2639 ¹7·
1022 2603 1111 2631 Codd
1134 2602 1296 2638 :flagitah
1365 2610 1406 2636 ¹9-
1427 2602 1455 2628 I:
1475 2609 1533 2636 pro

226 2642 378 2677 ‘sto-rano.
453 2648 498 2668 20.
519 2641 546 2668 I:
568 2639 692 2676 qfficax.
765 2648 804 2668 21.
826 2641 868 2667 A:
887 2642 1045 2674 perpetue.
1120 2637 1163 2665 25.
1185 2637 1209 2664 D
1231 2637 1260 2664 in
1282 2645 1397 2671 marga
1420 2634 1534 2663 Oracio

220 2676 382 2711 specialis;
404 2675 427 2702 E
446 2676 476 2703 in
499 2683 612 2710 marg:
633 2673 768 2701 Solacia.
841 2681 887 2707 24.
909 2673 977 2700 DE:
998 2673 1106 2700 oracio
1127 2672 1221 2699 deest.
1294 2671 1338 2699 25.
1358 2672 1387 2699 1:
1409 2670 1534 2698 devocio

220 2711 361 2738 viatori&
461 2718 505 2745 ²7-
527 2711 555 2737 1:
582 2717 640 2744 quo
659 2709 741 2737 valet
759 2708 810 2736 ad.
908 2716 954 2738 20.
977 2708 1003 2735 I:
1031 2710 1161 2734 servant.
1258 2705 1301 2733 32.
1323 2706 1347 2733 E
1366 2706 1396 2733 in
1418 2713 1532 2739 marg:

221 2744 362 2785 Cfiristus
388 2748 417 2772 el
430 2745 582 2786 'ecclesia'
596 2747 660 2784 tot-a
677 2740 943 2805 plus'apXJroban't
960 2742 1136 2782 oracionem
1157 2742 1337 2777 generalem
1357 2748 1445 2775 quam
1467 2747 1533 2775 spe-

221 2781 338 2807 cialem.
411 2778 452 2807 32.
473 2780 531 2807 AI:
553 2782 641 2806 szcutt
725 2777 771 2806 30.
831 2787 837 2805 :
859 2781 904 2805 est
922 2777 1041 2805 mehor.

296 2862 344 2895 18.
371 2863 423 2895 Cf.
442 2862 581 2906 Wyclif,
608 2863 658 2894 De
684 2862 850 2901 Ecclesia,
877 2871 954 2903 pag.
983 2859 1174 2893 531—533.
