2062 3276
257 282 391 311 SERMO
413 272 537 330 ani]
737 289 928 327 QUARTA
957 290 1082 322 PARS.
1777 282 1848 322 501

256 393 479 441 veritatem,
515 407 557 431 ex
591 395 669 432 alia
703 404 835 432 autem
871 405 985 443 parte
1019 396 1194 433 limitare
1219 398 1438 434 Urbanitas
1461 400 1567 447 quod

255 453 328 488 sub
372 465 475 500 pena
513 452 591 489 vite
636 454 850 490 ostendant
895 454 1042 490 clarius
1087 454 1206 491 fidem
1251 468 1364 492 suam
1405 464 1442 492 et
1475 469 1567 493 con-

254 519 398 546 vocato
439 522 561 559 regno
593 510 734 559 Anglie
767 519 804 547 et
837 510 1066 559 specialiter
1099 513 1146 548 de
1178 512 1292 549 laicis
1327 522 1464 550 caveat
1502 527 1568 551 rex

256 580 305 605 ne
329 569 500 616 populus
523 581 616 605 suus
642 568 815 617 amplius
849 568 1048 606 claudicet
1081 569 1215 606 taliter
1238 570 1278 607 in
1302 572 1380 607 duo
1404 570 1566 608 divisus.
1631 582 1806 621 Trutlrnot

223 625 321 663 §Sic
366 625 470 662 enim
517 625 609 662 fecit
644 626 781 663 Helias
825 630 883 672 (ut
920 635 1030 675 patet
1064 629 1108 664 ΙΙ.
1144 629 1237 676 Reg.
1270 629 1430 674 XV1110)
1476 642 1565 666 cum
1583 617 1857 688 alway‘qugxljstlbithe

255 685 343 733 plus
376 696 497 732 quam
536 683 778 732 octingentis
816 684 1093 722 sacerdotibus
1134 694 1171 722 et
1203 686 1412 734 prophetis
1451 688 1567 733 Baal;

255 754 299 779 ex
331 755 410 790 qua
450 741 617 778 historia
662 751 773 791 patet
811 745 919 792 quod
957 756 1038 781 non
1076 744 1316 792 generaliter
1361 744 1567 782 maioritas

254 799 412 837 numeri
445 799 626 837 obtineat
657 801 883 838 veritatem.

313 859 391 895 Sed
425 859 602 895 secundo
624 859 799 896 obicitur
822 861 930 909 quod
954 872 1047 908 pars
1070 869 1209 897 nostra
1232 860 1416 909 implicat
1438 861 1564 909 legem
1605 861 1811 923 dT-herenarel

202 917 358 965 1oregis
398 926 436 953 et
474 929 545 965 per
590 930 838 967 consequens
882 917 1075 966 regaliam
1121 931 1235 955 suam
1281 920 1487 956 destruere
1521 900 1858 965 eosecetifzfrtsla¹x¹x¹z,ttiiit

255 977 363 1024 quod
396 987 478 1012 non
510 977 731 1013 secundum
764 977 892 1025 legem
926 978 1146 1013 humanam
1179 977 1235 1014 sic
1268 977 1469 1014 occideret
1502 979 1568 1014 de·
1582 970 1857 1029 Πξζξῇῇᾟξέἔῑξε

255 1033 494 1082 linquentes,
539 1046 630 1070 cum
670 1034 778 1072 iuxta
812 1043 1049 1083 argumenta
1081 1036 1186 1072 facta
1220 1035 1405 1084 superius
1437 1045 1480 1072 ut
1512 1035 1568 1072 sic

255 1101 347 1129 sunt
390 1091 524 1140 sepius
569 1105 633 1129 rex
678 1102 715 1130 et
759 1093 819 1130 sui
864 1093 1016 1130 iudices
1062 1093 1278 1130 homicide.
1325 1093 1430 1140 Quid
1475 1107 1569 1143 ergo

255 1159 482 1199 superesset
513 1149 590 1187 nisi
623 1152 732 1200 quod
766 1164 831 1188 rex
864 1151 1138 1189 turbatissime
1171 1161 1325 1201 regeret
1358 1152 1569 1190 comitivas

202 1208 401 1246 15furium
436 1217 473 1245 et
505 1209 734 1246 latronum?

159 1259 241 1322 βξ
313 1268 518 1312 Quantum
552 1269 603 1304 ad
634 1267 741 1304 istud
771 1264 775 1321 Ι
805 1269 912 1317 quod
947 1268 1215 1305 coniecturari
1244 1277 1379 1317 posset
1402 1270 1452 1305 ad
1476 1282 1569 1306 con—

158 1312 224 1348 340
254 1324 494 1362 vincendum
529 1324 665 1362 fideles
690 1327 737 1363 de
760 1325 934 1363 falsitate
967 1326 1069 1374 regis
1104 1335 1140 1363 et
1173 1326 1410 1375 prodicione
1444 1327 1568 1375 regni,

255 1383 410 1420 videtur
444 1384 553 1432 quod
586 1383 817 1433 quicunque
851 1384 1115 1421 consenciunt
1146 1384 1304 1422 veritati
1339 1387 1484 1422 debent
1522 1387 1569 1421 de

255 1441 401 1479 talibus
441 1440 670 1479 homicidiis
709 1454 935 1491 precavere.
983 1445 1025 1479 In
1059 1442 1170 1480 cuius
1203 1443 1361 1491 signum
1402 1456 1568 1491 regnum

198 1516 240 1536 20
255 1509 292 1537 et
325 1508 524 1536 contratte
557 1500 634 1537 alie
657 1513 734 1549 que
765 1500 901 1537 vivunt
926 1500 1051 1549 magis
1084 1500 1252 1549 pacifice
1286 1501 1326 1538 in
1348 1501 1461 1550 penis
1494 1515 1568 1550 pro

255 1557 410 1595 delictis
443 1557 664 1595 maioribus
686 1558 906 1596 variantur.
942 1561 1030 1596 Non
1055 1558 1160 1596 enim
1183 1559 1341 1596 videtur
1363 1559 1567 1596 fundabile

253 1616 293 1652 in
338 1615 539 1665 scriptura
583 1618 691 1666 quod
737 1630 909 1666 persona
954 1618 1003 1654 ad
1045 1617 1257 1654 minimum
1303 1631 1377 1666 pro
1421 1630 1564 1654 novem

255 1673 429 1711 denariis
481 1676 749 1723 suspendatur
802 1684 839 1712 et
883 1688 956 1724 pro
1001 1676 1107 1712 furto
1151 1676 1267 1724 longe
1312 1675 1469 1722 maiori,
1523 1685 1565 1712 ut

254 1741 365 1781 patet
388 1733 435 1769 de
458 1731 698 1770 incisor-ibus
722 1736 934 1770 bursarum
960 1742 996 1770 et
1019 1733 1243 1770 latronibus
1266 1734 1451 1783 publicis,
1481 1743 1563 1770 tam

198 1791 294 1827 25in
327 1790 477 1827 curatis
510 1804 632 1840 quam
664 1791 777 1828 laicis
810 1791 968 1840 publice
1004 1792 1254 1829 defendatur.
1295 1793 1397 1829 Cum
1430 1801 1565 1829 autem

254 1858 345 1886 sunt
361 1848 475 1885 multi
498 1851 645 1898 gradus
660 1861 870 1898 penarum,
895 1859 938 1886 ut
959 1849 1245 1896 incarceracio,
1272 1849 1566 1898 mayhemiacio

254 1916 375 1956 atque
407 1907 582 1955 exilium,
615 1907 772 1944 videtur
804 1909 913 1957 quod
950 1920 1032 1944 non
1070 1907 1310 1956 generaliter
1347 1907 1387 1944 in
1419 1907 1566 1944 talibus

254 1964 538 2015 punicionibus
582 1965 632 2003 sit
675 1966 827 2003 factum
867 1967 917 2002 ad
956 1966 1134 2014 regulam
1175 1968 1244 2002 sed
1288 1965 1566 2003 sacerdotibus

255 2025 304 2061 de
337 2024 444 2060 clero
477 2036 559 2061 non
592 2024 779 2061 dantibus
813 2023 1068 2061 occasionem
1102 2024 1326 2061 latronibus
1359 2025 1410 2061 ad
1433 2025 1566 2061 furan-

198 2088 240 2121 30
255 2083 350 2119 dum
402 2096 540 2131 ymmo
593 2082 960 2131 evangelizantibus
1013 2082 1245 2131 oppositum
1300 2083 1402 2120 foret
1449 2083 1566 2130 longe

256 2140 385 2178 maius
430 2140 654 2178 remedium
696 2143 747 2179 ad
786 2142 1040 2190 purgandum
1075 2154 1096 2177 a
1129 2140 1354 2178 latronibus
1400 2153 1565 2189 regnum

254 2208 451 2237 nostrum.
496 2201 817 2249 Verumptamen
863 2199 1021 2236 videtur
1070 2199 1168 2236 mihi
1217 2201 1325 2248 quod
1372 2199 1566 2236 iudicium

254 2257 487 2307 legistarum
521 2258 762 2296 secularium
787 2258 895 2306 regni
920 2257 1047 2295 nostri
1071 2270 1153 2294 non
1177 2258 1337 2307 attingit
1362 2257 1564 2295 maliciam

254 2316 504 2365 privatorum
539 2316 728 2354 ordinum
762 2316 802 2353 in
835 2317 909 2353 hac
942 2325 1069 2365 parte,
1105 2329 1194 2353 cum
1229 2316 1305 2365 ipsi
1330 2316 1566 2365 regulariter

198 2379 237 2414 35
255 2374 444 2412 occidunt
467 2384 549 2412 tam
573 2375 811 2412 intrinsecos
835 2388 955 2423 quam
980 2374 1222 2411 extrinsecos
1245 2375 1378 2423 plures
1401 2383 1567 2423 propter

255 2433 528 2470 defensionem
573 2433 729 2470 iusticie
762 2442 799 2469 et
834 2433 960 2481 magis
1005 2432 1220 2469 crudeliter
1260 2446 1306 2469 ac
1346 2432 1564 2470 maliciose.

255 2492 333 2528 Sed
366 2493 500 2541 quoad
533 2491 684 2528 iudices
717 2491 827 2539 regni
860 2491 902 2527 fit
936 2492 1011 2527 hoc
1034 2491 1194 2539 publice
1218 2504 1306 2527 cum
1332 2490 1565 2528 testimonio

254 2562 519 2598 personarum
565 2548 886 2585 indifferencium
928 2550 976 2585 de
1015 2548 1252 2586 turbacione
1296 2548 1474 2586 sensibili
1508 2558 1566 2586 at-

254 2616 438 2645 testante.
483 2607 628 2644 Nescio
673 2616 808 2644 tamen
853 2607 1021 2643 alteram
1067 2616 1222 2655 partem
1265 2609 1314 2644 ab
1352 2606 1565 2656 iniquitate

194 2682 239 2713 40
253 2665 351 2714 legis
385 2678 428 2703 ex
451 2678 522 2702 sua
555 2664 793 2702 execucione
826 2664 985 2713 penitus
1019 2676 1205 2702 excusare
1238 2666 1307 2701 sed
1340 2678 1411 2702 sua
1443 2664 1565 2701 simu-

253 2724 334 2760 lata
379 2723 535 2772 equitas
581 2731 638 2759 est
683 2723 828 2771 duplex
872 2721 1075 2771 iniquitas
1131 2723 1327 2760 Defendat
1366 2735 1460 2771 ergo
1499 2734 1565 2759 rex

253 2794 346 2818 suos
378 2781 501 2830 legios
534 2781 755 2817 secundum
789 2780 970 2828 regulam
1003 2779 1100 2829 legis
1134 2779 1206 2817 Dei
1240 2789 1278 2817 et
1310 2780 1349 2817 in
1383 2781 1459 2817 hoc
1492 2792 1562 2828 po-

252 2839 407 2876 tissime
440 2838 561 2876 stabit
593 2851 760 2886 regnum
795 2846 869 2874 etc.

321 2939 367 2967 26.
387 2939 609 2972 marhemiacio
630 2938 699 2966 vide
718 2938 766 2966 Du
787 2938 890 2973 Cange
911 2938 1120 2965 malzemiacio.
