2062 3276
197 260 275 296 402
724 298 726 301 .
779 257 1002 289 JOHANNIS
1019 257 1205 288 WYCLIF
1224 256 1480 288 SERMONUM
1573 242 1724 300 [SERMO
1747 252 1793 280 LI·

487 377 596 401 mare
619 364 782 406 Galilee‚
807 363 901 412 quia
923 372 965 399 ut
988 363 1172 410 paciatur
1194 362 1480 399 tribulaciones
1502 361 1579 398 vite
1609 361 1793 407 carnalis,

484 423 590 459 facta
623 421 984 469 transmigracione
1018 430 1110 457 ante
1142 421 1436 457 ascensionem.

196 487 470 526 Hoquthehuman
544 481 696 516 Surdus
729 488 862 516 autem
897 488 934 516 et
968 488 1100 515 mutus
1140 487 1197 515 est
1230 479 1448 514 secundum
1484 479 1631 513 Bedam
1671 489 1795 524 genus

194 530 262 549 ‘³⁶³³
282 522 469 584 hsuffiguind
486 539 726 574 humanum:
779 538 921 573 surdus
967 537 1059 585 quia
1103 550 1125 573 a
1169 545 1349 584 tempore
1396 548 1476 584 quo
1524 535 1561 570 in
1606 534 1794 582 paradiso

485 596 636 632 audivit
661 596 786 632 altum
803 596 965 631 verbum
990 604 1026 631 et
1043 595 1322 642 blasphemum
1349 592 1519 630 diaboli:
1545 594 1827 641 Nequaquamfi

485 654 713 694 moriemini,
746 653 901 688 surduit
935 666 957 689 a
989 652 1172 701 speciosa
1205 653 1321 688 laude
1352 651 1438 697 Dei⁷
1473 663 1561 687 cum
1595 650 1672 686 tria
1705 660 1795 686 sunt

486 725 528 748 ex
574 712 718 760 quibus
763 711 1006 747 inveteratus
1053 709 1263 750 surdescit,
1315 709 1466 746 scilicet
1519 721 1641 744 sonus
1692 708 1795 744 altus

486 779 523 806 et
567 769 770 813 terribilis,
818 777 959 816 stupor
996 780 1208 804 nervorum
1256 779 1299 803 ex
1337 766 1594 804 vehemencia
1639 766 1796 813 frigoris

486 836 522 863 et
546 836 762 875 paupertas
785 825 970 862 animalis
993 825 1166 873 spiritus.
1199 827 1328 861 Sonus
1351 834 1484 861 autem
1510 837 1589 872 quo
1614 823 1796 860 diabolus

485 885 676 933 imposuit
709 883 901 932 implicite
936 886 1019 920 Deo
1053 883 1307 919 mendacium
1348 883 1419 918 fuit
1449 883 1564 919 valde
1595 881 1795 926 terribilis,
1817 898 1855 918 10

485 953 522 979 et
567 943 723 979 diverso
772 942 933 978 homine
981 955 1001 978 a
1046 942 1128 978 sole
1180 940 1335 977 iusticie
1384 952 1545 977 necesse
1592 939 1663 975 fuit
1707 952 1794 976 eum

484 1001 675 1049 occupari
708 1000 854 1047 frigore
887 999 1121 1036 debilitante
1153 1011 1295 1035 nervos
1327 999 1376 1035 ad
1409 1011 1511 1046 opus
1548 997 1722 1040 iusticie;
1762 1007 1798 1033 et

484 1072 555 1107 per
595 1071 844 1106 consequens
884 1057 939 1093 illi
978 1057 1043 1106 qui
1085 1065 1235 1093 attente
1274 1056 1430 1093 audiret
1474 1055 1569 1104 quid
1609 1056 1798 1103 loquatur

485 1117 524 1152 in
557 1117 644 1165 ipso
679 1116 866 1153 dominus
901 1118 1006 1151 Deus
1045 1116 1231 1151 deficeret
1270 1115 1475 1162 septuplex
1514 1113 1689 1160 spiritus.
1731 1113 1798 1148 Vis

486 1188 579 1222 ergo
625 1175 680 1211 sic
726 1175 911 1210 frustrata
953 1186 973 1210 a
1013 1174 1141 1209 fructu
1182 1173 1388 1209 salutifero
1427 1171 1498 1208 fuit
1536 1171 1691 1219 perdita
1729 1176 1854 1219 per15

485 1242 710 1281 peccatum,
745 1242 781 1268 et
813 1232 867 1268 sic
902 1244 971 1279 per
1004 1231 1107 1267 idem
1134 1230 1320 1279 potencia
1343 1229 1517 1266 locutiva
1546 1229 1619 1265 fuit
1642 1229 1797 1276 perdita

486 1303 529 1327 ex
562 1292 720 1339 loquela
752 1290 905 1326 letifera
940 1302 1029 1325 cum
1064 1289 1226 1325 diabolo
1260 1289 1460 1324 credendo
1481 1287 1612 1324 verbis
1645 1286 1728 1322 eius
1761 1295 1797 1323 et

485 1349 749 1385 discredendo
780 1347 910 1384 verbis
944 1347 1120 1383 Domini.
1155 1349 1201 1382 Et
1233 1347 1288 1382 sic
1320 1355 1464 1382 natura
1494 1347 1670 1381 humana
1693 1345 1797 1380 faeta

486 1416 542 1443 est
575 1408 696 1443 surda
730 1415 766 1442 et
800 1415 911 1442 muta
944 1417 987 1441 ex
1020 1406 1137 1453 culpa
1170 1404 1346 1453 propria.

209 1472 451 1512 Cliristopened
544 1467 621 1501 Sed
667 1464 846 1501 Christus
890 1463 1001 1512 prius
1051 1475 1166 1499 aures
1215 1462 1384 1510 aperuit,
1436 1461 1529 1510 quia
1578 1460 1688 1508 prius
1740 1469 1797 1496 est
1814 1477 1855 1498 20

266 1513 305 1535 ΠΒ
326 1516 402 1535 83Γῇ
485 1523 623 1559 audire
646 1524 808 1558 verbum
835 1522 905 1557 Dei
929 1534 1049 1570 quam
1078 1520 1202 1569 loqui,
1237 1520 1329 1569 quia
1351 1520 1458 1569 fides
1489 1527 1543 1555 est
1576 1520 1795 1555 secundum

485 1582 724 1629 Apostolum
769 1592 819 1616 ex
862 1580 1009 1623 auditu,
1054 1588 1091 1615 et
1137 1579 1227 1614 hinc
1275 1579 1493 1614 secundum
1540 1576 1795 1613 Aristotelem

486 1640 615 1675 omnis
648 1640 792 1674 surdus
825 1650 847 1674 a
880 1637 1088 1674 nativitate
1120 1637 1358 1673 naturaliter
1390 1645 1447 1671 est
1482 1644 1614 1670 mutus
1648 1643 1685 1670 et
1717 1646 1795 1670 non
1812 1663 1876 1695 FO]

486 1707 662 1742 econtra,
698 1709 743 1732 eo
776 1697 883 1744 quod
916 1704 1073 1743 oportet
1104 1704 1146 1731 ut
1180 1695 1248 1731 fiat
1272 1693 1454 1730 doctrina
1483 1692 1486 1743 Ι
1516 1692 1729 1740 ydiomatis
1754 1704 1797 1727 ex
1814 1686 1895 1750 3342

485 1755 637 1791 auditu.
672 1754 853 1790 Christus
886 1766 980 1802 ergo
1003 1753 1113 1801 prius
1135 1752 1287 1789 sanavit
1310 1761 1497 1788 naturam
1521 1763 1640 1799 quam
1666 1750 1796 1798 primo
1814 1755 1853 1788 25

486 1812 685 1861 separavit
718 1825 739 1848 a
763 1811 933 1848 seculari
957 1812 1145 1853 tumultu,
1180 1810 1287 1859 quia,
1319 1810 1421 1846 sicut
1443 1808 1577 1845 radius
1601 1809 1693 1845 solis
1716 1821 1797 1844 non

486 1871 667 1907 calefacit
707 1883 839 1906 aerem
878 1879 994 1906 vento
1034 1878 1327 1914 commovente,
1373 1867 1428 1903 sic
1466 1878 1538 1903 nec
1577 1865 1797 1914 spiritualis

487 1929 622 1965 radius
656 1928 826 1964 illustrat
849 1927 1068 1973 hominem,
1094 1929 1187 1963 dum
1214 1926 1332 1962 fuerit
1356 1925 1531 1973 negociis
1553 1923 1799 1961 secularibus

486 1987 727 2034 implicatus.
752 1988 799 2022 Et
822 1985 913 2021 hinc
937 1985 1169 2034 predicatur
1193 1984 1304 2021 laicis
1327 1996 1406 2019 non
1429 1983 1469 2019 in
1492 1982 1612 2027 feriis,
1637 1983 1798 2030 quando

489 2045 770 2092 mancipantur
795 2043 1016 2080 ministerio
1040 2043 1222 2089 seculari,
1256 2043 1323 2078 sed
1347 2041 1386 2077 in
1419 2041 1607 2087 sabbatis,
1636 2041 1798 2088 quando
1815 2047 1856 2079 30

488 2103 630 2139 seclusi
675 2111 766 2138 sunt
811 2103 859 2137 ab
903 2101 1174 2149 occupacione
1217 2099 1337 2136 seculi
1384 2099 1640 2135 distrahente.
1685 2099 1799 2133 Tunc

488 2170 621 2196 autem
667 2159 779 2207 ponit
822 2159 1002 2195 Christus
1051 2158 1195 2206 digitos
1239 2170 1330 2193 suos
1381 2156 1552 2192 infidelis
1596 2155 1797 2201 auriculis,

490 2220 684 2254 mandans
729 2219 836 2266 quod
883 2217 1085 2265 aperiatur
1127 2216 1183 2253 vis
1228 2215 1359 2252 anime
1403 2214 1593 2257 audstiva,
1638 2214 1799 2261 quando

489 2289 531 2312 ex
583 2275 892 2324 operacionibus
944 2275 1027 2311 eius
1085 2273 1293 2310 subtilibus
1351 2272 1510 2308 instruit
1563 2271 1699 2307 fideles
1749 2272 1798 2306 ad

489 2334 855 2381 recognoscendum
879 2341 1088 2380 peccatum
1118 2331 1292 2368 hominis
1317 2339 1353 2366 et
1376 2330 1561 2366 virtutem
1585 2330 1797 2365 verborum
1815 2334 1855 2367 35

490 2392 575 2437 Dei,
609 2404 697 2428 cum
735 2390 916 2439 oportuit
949 2390 1151 2427 Christum
1192 2402 1265 2437 pro
1304 2387 1585 2425 satisfaccione
1624 2385 1798 2423 hominis

489 2458 600 2486 tanta
633 2449 728 2497 pati.
763 2451 855 2485 Ideo
887 2450 1047 2494 Act.10‚
1081 2461 1089 2483 1
1130 2456 1292 2484 notatur
1325 2447 1532 2495 quomodo
1565 2445 1662 2494 cepit
1688 2445 1799 2480 Jesus

478 2509 621 2555 facere
652 2515 687 2544 et
720 2508 870 2545 docere.

557 2640 583 2669 3.
605 2641 675 2668 DG:
697 2644 797 2668 autem
817 2641 911 2669 deest.
984 2641 1012 2668 6.
1034 2641 1078 2668 A:
1099 2639 1246 2669 surdivit:
1266 2639 1306 2666 ib.
1327 2639 1368 2666 A:
1393 2638 1527 2666 Domini.
1602 2636 1638 2665 13.
1660 2636 1733 2664 DG:
1755 2637 1799 2664 lo-

489 2676 603 2711 quitur.
710 2684 756 2709 24.
780 2676 852 2703 DG:
881 2684 896 2702 e
915 2683 1075 2703 converso.
1177 2674 1218 2701 25.
1240 2675 1284 2701 A:
1310 2674 1452 2701 salvavit.
1553 2671 1601 2699 26.
1622 2673 1666 2699 A:
1693 2672 1797 2699 seculi.

489 2718 533 2745 27.
554 2713 598 2737 A:
620 2713 865 2737 commoventem.
939 2718 987 2741 20·
1008 2710 1050 2736 D:
1072 2708 1112 2736 Et
1129 2709 1196 2741 lzic;
1221 2709 1260 2735 ib.
1284 2708 1327 2735 G:
1349 2707 1469 2740 inferis.
1542 2705 1585 2734 32.
1606 2707 1650 2734 A:
1674 2706 1798 2734 Christi.

490 2744 535 2778 34.
558 2745 600 2772 G:
622 2745 782 2775 subtilius:
801 2745 841 2772 ib.
863 2743 1058 2779 Azfidelem.
1137 2742 1181 2778 37.
1201 2744 1245 2770 A:
1268 2743 1366 2773 tanti:
1385 2743 1425 2769 ib.
1447 2742 1587 2777 D:secit
1606 2741 1693 2777 cepit.

557 2838 590 2869 4.
618 2828 668 2861 Cf.
688 2829 803 2860 Bedae
822 2829 855 2859 in
876 2829 990 2859 Lucae
1010 2828 1071 2861 Ev.
1098 2828 1118 2858 l.
1138 2837 1165 2858 c.
1193 2837 1270 2868 pag.
1297 2825 1408 2869 ¹43J4·
1482 2835 1535 2856 22.
1562 2825 1664 2856 Rom.
1682 2825 1722 2864 X,
1743 2833 1798 2865 17;

490 2874 534 2906 ib.
562 2876 777 2914 Aristoteles,
804 2875 855 2906 De
883 2875 1007 2906 Anima
1036 2875 1071 2914 ll,
1098 2872 1130 2904 8.

2055 2719 2062 2755 ι’

2053 2762 2062 2806 i

2056 2814 2062 2829 1

2054 2839 2062 2883 l

2055 2897 2062 2923 ι’
