2062 3276
227 262 277 307 34
807 271 1030 303 JOHANNIS
1048 272 1233 304 WYCLIF
1253 272 1509 305 SERMONUM
1591 263 1749 323 [SERMO
1770 271 1823 299 IV.

1014 423 1210 462 SERMO
1244 422 1312 463 IV.

952 488 1102 522 (serm.
1142 488 1278 516 Mixti
1316 488 1380 523 XI.)

222 568 289 608 The
308 569 490 609 sonu-datipn
568 562 657 597 Fiat
684 573 770 611 pax
801 562 836 597 in
872 562 1012 598 virtute
1043 570 1120 600 tua.
1157 562 1302 598 Psalm.
1339 563 1494 607 CXXIO,
1532 575 1567 610 7.

223 607 495 672 milifgffsseljiffvth
569 622 736 657 Constat
769 632 813 655 ex
845 620 1107 656 fundamento
1142 619 1233 656 fidei
1267 621 1373 668 quod
1399 620 1705 656 fundamentum
1729 633 1820 657 vere

298 672 452 710 maritvs
511 678 621 726 pacis
665 686 723 714 est
768 677 864 713 fides
909 677 1106 726 scripture
1145 691 1235 714 curn
1274 677 1419 715 virtute
1460 678 1538 715 alia
1577 686 1615 714 et
1654 677 1855 715 caritate5

510 735 738 784 specialiter
771 735 1027 781 informante,
1062 744 1098 772 et
1132 748 1222 772 curn
1256 736 1376 772 fidem
1409 749 1490 772 non
1523 736 1820 772 concomitatur

509 794 633 830 virtus
666 793 801 841 aliqua
831 793 907 829 nisi
941 793 1100 830 affuerit
1144 794 1352 842 quodlibet
1396 794 1479 831 eius
1525 806 1662 842 genus,
1712 803 1820 842 patet

511 853 618 900 quod
663 852 712 887 ad
758 850 877 887 fidem
920 851 1136 888 formatam
1180 851 1400 900 requiritur
1445 852 1652 901 quodlibet
1697 864 1820 900 genus

509 908 666 946 virtutis
690 917 726 944 et
749 909 882 956 gracie
906 909 1105 948 comitari.
1131 911 1245 946 Unde
1268 910 1483 947 infidelitas
1507 919 1563 946 est
1580 910 1820 946 defraudans

511 967 751 1003 militantem
797 967 1007 1004 ecclesiam
1053 969 1161 1016 quod
1205 980 1327 1015 regna
1372 978 1409 1005 et
1455 981 1625 1016 persone
1664 977 1819 1004 tanturn
1842 982 1879 1003 10

510 1026 766 1062 attenderunt
799 1027 848 1061 ad
881 1025 993 1073 signa
1027 1025 1230 1062 sensibilia
1264 1039 1352 1062 cum
1386 1035 1561 1063 tractatu
1594 1025 1818 1062 infidelium

510 1083 792 1131 predicacione
836 1084 975 1132 populi
1021 1093 1057 1120 et
1100 1083 1247 1120 virtute
1291 1084 1580 1133 pretermissis;
1629 1097 1699 1132 per
1744 1085 1820 1120 hoc

509 1141 614 1177 enim
648 1142 908 1177 roboraretur
942 1151 978 1178 et
1011 1141 1313 1178 continuaretur
1358 1155 1433 1190 pax
1477 1142 1516 1178 in
1563 1151 1682 1188 terra,
1728 1154 1818 1178 cum

510 1199 678 1236 ecclesia
712 1198 818 1235 dicat
851 1213 921 1248 per
955 1201 1140 1247 angelum
1178 1202 1281 1236 Luce
1306 1203 1372 1243 110,
1405 1214 1471 1246 14:
1512 1201 1648 1236 Gloria
1682 1200 1717 1236 in
1751 1212 1818 1236 ex-

509 1257 620 1293 celsis
657 1258 741 1293 Deo
780 1265 815 1293 et
853 1258 888 1293 in
929 1265 1037 1294 terra
1078 1270 1163 1307 pax
1207 1259 1420 1295 hominibus
1464 1259 1557 1294 bone
1597 1258 1817 1296 voluntatis.
1841 1261 1876 1293 15

510 1317 609 1352 Cum
645 1325 777 1352 autem
815 1315 943 1352 maior
976 1329 1068 1364 pars
1113 1325 1345 1352 nostrorum
1393 1316 1607 1352 confitetur
1650 1328 1691 1352 se
1736 1328 1819 1352 esse

509 1373 751 1410 catholicam
800 1386 941 1422 pacem
992 1383 1228 1422 perpetuam
1269 1374 1508 1411 naturaliter
1547 1382 1818 1422 appetentem,

509 1431 703 1468 convenio
738 1431 826 1468 illos
872 1441 1053 1480 satrapas
1098 1432 1205 1480 ipsos
1250 1433 1459 1481 alloquens
1498 1432 1680 1477 racione3
1725 1445 1819 1468 nam

508 1489 674 1537 quilibet
698 1489 852 1538 positus
875 1489 915 1525 in
939 1490 1164 1538 adopcione
1187 1489 1312 1526 libera
1332 1491 1503 1526 duorum
1528 1489 1650 1538 gratis
1675 1489 1820 1537 eligere

507 1560 679 1595 quorum
712 1560 837 1583 unum
862 1546 915 1596 (et
948 1547 1118 1584 faciliter
1147 1547 1375 1595 eligibilius)
1398 1548 1438 1584 in
1462 1549 1588 1584 multo
1612 1556 1821 1595 exsuperat
1838 1561 1879 1582 20

508 1605 705 1654 reliquum
730 1606 861 1641 fatuus
894 1606 996 1641 foret
1029 1614 1066 1641 et
1089 1605 1262 1642 infidelis
1294 1605 1335 1642 in
1368 1618 1462 1642 casu
1492 1619 1570 1654 quo
1605 1614 1820 1642 concernat

507 1664 676 1700 salutem
711 1663 842 1699 anime
876 1663 943 1711 qui
977 1663 1139 1711 eligeret
1174 1663 1303 1699 minus
1338 1665 1502 1700 bonum.
1543 1665 1620 1700 Sed
1654 1663 1820 1712 quilibet

259 1731 351 1769 Parce
371 1733 402 1756 to
423 1729 457 1756 be
508 1722 678 1758 bellator
701 1734 915 1769 regnorum
940 1730 997 1757 est
1020 1721 1174 1769 positus
1197 1722 1236 1757 in
1260 1722 1486 1769 adopcione
1509 1722 1655 1758 habere
1678 1733 1817 1769 pacem

253 1764 406 1826 praes-iffa
429 1769 458 1790 ¹⁰
508 1779 610 1815 inter
632 1779 699 1815 illa
731 1779 812 1815 sive
835 1779 1094 1826 discordiam,
1119 1788 1155 1815 et
1179 1792 1252 1827 pax
1276 1780 1391 1827 longe
1416 1789 1472 1816 est
1496 1779 1638 1816 melior
1660 1779 1820 1827 utrique

508 1837 611 1885 parti
650 1845 771 1885 atque
810 1837 978 1877 facilior,
1026 1850 1120 1885 ergo
1160 1837 1438 1874 infidelitatem
1479 1837 1582 1885 sapit
1628 1836 1694 1885 qui
1740 1850 1817 1872 non
1836 1840 1876 1871 25

508 1895 637 1943 ipsam
671 1895 941 1943 prosequitur.

564 1955 823 2001 Assumptum
870 1961 980 2001 patet
1028 1965 1070 1989 ex
1118 1952 1318 2001 principio
1364 1952 1455 1989 fidei
1501 1965 1580 2000 quo
1625 1952 1683 1988 usi
1729 1961 1819 1988 sunt

218 2011 640 2058 Hexxv·110c1ioosesct1ncti
675 2020 870 2058 martyres
903 2012 964 2047 vel
996 2011 1151 2047 salvati.
1199 2013 1327 2047 Nemo
1368 2010 1472 2047 enim
1507 2019 1639 2058 potest
1673 2009 1816 2046 salvari

217 2053 491 2119 warjssss‘sseffl‘ftwe
506 2069 581 2105 nisi
615 2070 663 2105 de
700 2068 918 2117 propositis
952 2070 1108 2105 duobus
1149 2068 1268 2116 eligat
1310 2068 1449 2104 melius
1490 2077 1610 2116 atque
1648 2067 1818 2113 facilius,

507 2140 595 2164 cum
621 2126 683 2163 via
708 2126 868 2174 dyaboli
894 2136 930 2163 et
954 2127 1016 2163 via
1040 2126 1188 2162 Christi
1212 2126 1289 2162 sint
1313 2126 1450 2174 patule
1474 2126 1636 2162 cuilibet
1660 2125 1817 2162 viatori.

505 2185 621 2221 Viam
656 2193 790 2221 autem
826 2184 974 2220 Christi
1020 2184 1240 2221 faciliorem
1284 2184 1392 2231 eligit
1432 2184 1599 2232 quilibet
1638 2183 1703 2231 qui
1744 2184 1819 2219 sal-

505 2252 619 2279 vatur
659 2251 695 2278 et
728 2242 832 2278 viam
868 2243 1018 2278 diaboli
1059 2242 1328 2278 difficiliorem
1373 2242 1546 2278 finaliter
1586 2241 1694 2289 eligit
1734 2241 1815 2289 qui-

504 2301 599 2337 libet
622 2300 689 2348 qui
715 2301 971 2349 dampnatur.
1003 2300 1180 2346 Quilibet
1213 2313 1306 2347 ergo
1337 2299 1403 2348 qui
1435 2299 1617 2348 preeligit
1641 2312 1816 2347 pugnam

504 2359 624 2394 talem
668 2367 703 2394 et
744 2359 950 2405 postponit
991 2371 1130 2406 pacem
1174 2367 1330 2394 tantum
1372 2358 1459 2405 plus
1500 2357 1655 2394 facilem
1699 2365 1819 2405 atque

573 2525 592 2543 ι.
624 2515 682 2543 Hic
714 2523 816 2542 sermo
850 2523 904 2541 nec
937 2523 996 2541 non
1030 2519 1058 2541 et
1089 2523 1219 2550 sequens
1254 2515 1282 2541 in
1315 2514 1405 2541 codd.
1437 2515 1476 2548 A,
1506 2514 1542 2548 l),
1572 2513 1606 2546 E,
1636 2514 1647 2541 1
1680 2514 1819 2540 habetur.

502 2561 531 2585 4.
548 2553 593 2578 A:
612 2550 741 2577 Constat
752 2553 851 2576 melem
867 2557 904 2576 ex
915 2559 924 2578 ,·
943 2550 982 2576 ib.
1001 2550 1024 2576 Ι)
1039 2549 1066 2575 in
1084 2557 1198 2584 marg:
1216 2557 1243 2576 22.
1258 2549 1320 2576 Iste
1333 2557 1432 2575 ,vermo
1448 2550 1610 2584 impugnat
1622 2549 1698 2576 bella
1711 2556 1819 2584 corpo-

503 2586 593 2614 ralia.
610 2586 688 2612 Care
700 2592 757 2619 pro
772 2592 826 2611 sua
841 2585 963 2611 iusticia
976 2585 1023 2611 vel
1032 2592 1090 2618 pro
1101 2584 1301 2619 oppressione
1313 2583 1546 2618 respondenda:
1561 2584 1588 2610 Α
1604 2584 1631 2610 in
1647 2591 1742 2618 marg.
1756 2593 1761 2610 ς
1777 2586 1818 2614 4'.

503 2629 528 2656 7.
550 2621 561 2648 I
583 2621 611 2647 in
635 2627 750 2653 marg:
773 2618 1012 2646 Fundamentum
1033 2627 1103 2645 vere
1121 2619 1217 2654 pacis.
1292 2626 1329 2645 12.
1352 2618 1380 2645 l:
1402 2619 1569 2645 virtutibus.
1646 2617 1681 2644 13.
1703 2618 1732 2645 l:
1753 2625 1817 2644 cum

502 2656 607 2682 eciam.
708 2662 748 2686 ιι,
770 2653 838 2680 DE:
867 2653 945 2680 Luce
964 2653 993 2680 II
1014 2653 1107 2680 deest.
1208 2661 1247 2688 17.
1269 2653 1314 2680 l):
1341 2656 1458 2688 partem
1477 2661 1593 2688 pacem.
1693 2660 1734 2687 ¹9·
1756 2652 1766 2678 1
1788 2653 1816 2679 iu

503 2698 610 2725 marg:
631 2689 853 2724 Argumentum
867 2691 973 2715 contra
988 2688 1159 2715 bellatores.
1216 2695 1257 2722 ¹9-
1273 2687 1384 2714 Codd.:
1401 2688 1471 2714 duo·
1527 2695 1573 2714 20.
1589 2687 1674 2714 AEI:
1692 2694 1817 2721 quorum

502 2732 592 2751 unum
608 2724 710 2750 deest:
734 2723 775 2749 l›:
792 2723 958 2759 eligibilius
972 2731 1100 2757 quorum
1116 2731 1224 2755 unum,-
1245 2722 1284 2749 ib.
1300 2723 1345 2750 A:
1360 2726 1390 2749 et
1401 2722 1502 2749 multo.
1559 2730 1604 2754 24.
1621 2722 1666 2748 A:
1680 2723 1747 2748 sine
1759 2721 1818 2747 dix-

503 2759 621 2786 cordia.
689 2758 731 2785 25.
749 2758 756 2784 l
771 2768 776 2784 :
792 2758 902 2792 igitur.
971 2758 1017 2785 20'.
1034 2757 1103 2784 DE:
1125 2756 1330 2792 persequitur.
1399 2765 1442 2791 27.
1458 2757 1502 2783 A:
1520 2764 1557 2783 ex
1571 2756 1672 2788 deest;
1694 2755 1732 2782 ib.
1748 2755 1817 2783 DE:

500 2796 656 2828 assumpto
667 2792 766 2827 fidei:
789 2792 828 2819 ib.
850 2793 894 2819 A:
915 2800 974 2827 qua
997 2792 1061 2824 usi;
1083 2791 1123 2818 ib.
1146 2791 1169 2817 13
1188 2791 1218 2819 in
1241 2799 1356 2818 marcu:
1384 2790 1536 2824 Definali
1552 2790 1816 2850 eleccionelpcicis.

502 2827 547 2854 230.
560 2828 584 2855 D
597 2837 602 2855 :
617 2830 689 2854 sunt
697 2827 810 2862 patule.
868 2825 975 2854 3³1—33.
991 2827 1036 2854 A:
1050 2827 1189 2853 salvatur
1242 2826 1295 2860 qni
1306 2812 1407 2859 ἔρρεις
1423 2826 1448 2852 D
1461 2826 1491 2852 in
1505 2833 1600 2860 marg.
1619 2825 1688 2851 infit
1729 2824 1818 2851 rabat

501 2862 585 2897 quod
602 2862 708 2888 melius
728 2864 772 2888 est
793 2869 900 2896 pacem
921 2862 957 2887 ab
978 2861 1108 2887 inimicis
1135 2861 1300 2896 exquirere
1326 2861 1373 2887 rel
1391 2859 1544 2887 rediva-re
1563 2867 1653 2894 quam
1673 2859 1753 2886 bella
1773 2859 1817 2886 eis

501 2905 622 2924 movere
635 2897 680 2923 vel
699 2897 750 2923 eis.
761 2904 940 2931 repugnare
950 2904 1009 2930 pro
1023 2904 1078 2922 suu
1099 2896 1145 2922 vel
1163 2903 1333 2930 panpermn
1349 2894 1480 2922 iusti'cia.
1537 2893 1578 2921 33.
1596 2894 1620 2920 D
1633 2903 1637 2921 :
1650 2894 1814 2930 preelegit.
