2062 3276
202 300 277 335 502

214 653 295 681 Such
318 654 448 688 pre-lates

208 688 267 715 and
291 688 404 723 priests
424 696 457 715 as

197 723 267 750 seek
289 731 394 757 poxvcr
414 723 473 750 and

204 757 336 793 worldly
357 758 466 785 wcalth

198 792 237 819 do
258 797 311 819 not
331 796 414 820 enter
436 793 473 828 by

256 827 307 855 the
327 827 414 855 door.

218 1870 301 1897 Four
322 1877 406 1904 ways
426 1868 456 1895 in

203 1904 303 1931 which
328 1904 377 1930 the
398 1903 475 1930 dcvii

231 1938 377 1974 appoints
398 1938 445 1965 his

259 1978 416 2009 proctors:

221 2226 240 2244 1.
264 2217 301 2253 by
323 2217 456 2252 simony,

201 2276 233 2308 a)
253 2275 385 2310 through
407 2274 471 2309 gift,

245 2624 274 2656 b)
294 2622 440 2658 promise,

779 305 1003 337 JOHANNIS
1024 304 1206 335 WYCLIF
1227 303 1484 335 SERMONUM
1509 289 1664 343 [SERMO
1686 297 1793 326 LXIV-

951 431 1146 472 SERMO
1180 431 1326 472 LXIV.

549 529 627 578 Qui
658 541 728 565 non
762 528 881 564 intrat
909 540 984 577 per
1015 527 1152 564 ostium
1186 527 1221 563 in
1251 526 1349 563 ovile
1377 526 1504 563 ovium
1534 527 1603 563 sed
1625 528 1797 564 ascendit

486 587 653 631 aliunde,
686 587 755 623 iste
775 587 855 635 fur
885 593 940 622 est
972 593 1007 623 et
1039 586 1152 622 latro.
1186 585 1274 622 Joh.
1308 586 1362 621 X0
1396 588 1522 633 cap0.,
1554 598 1585 621 1.

546 644 728 682 Christus
768 643 835 693 qui
875 643 1035 680 mentiri
1074 656 1156 680 non
1195 642 1343 692 poterit
1382 642 1524 680 asserit
1563 643 1672 691 quod
1716 644 1796 692 qui-

488 716 635 752 cunque
666 703 730 752 qni
760 703 964 739 intraverit
1002 702 1037 738 in
1070 702 1169 738 ovile
1204 714 1363 738 suarum
1398 701 1525 738 ovium
1558 708 1592 737 et
1623 714 1696 737 non
1723 706 1830 751 per-5

491 762 628 799 ostium
673 762 798 809 (quod
844 768 902 797 est
941 759 1138 805 Christus)
1183 759 1247 796 ille
1289 767 1344 795 est
1376 760 1456 808 sur
1497 767 1720 796 nocturnus
1763 767 1799 796 et

489 821 592 855 latro
635 818 814 855 diurnus.
860 820 938 855 Ista
969 818 1090 854 verba
1123 816 1319 866 applicari
1360 825 1526 865 possunt
1558 816 1723 865 prelatis
1755 826 1799 854 ut

489 877 618 926 papis,
654 875 867 925 episcopis,
902 875 1125 912 rectoribus
1159 884 1196 912 et
1228 874 1416 912 omnibus
1449 874 1516 924 qui
1555 876 1799 923 pretendunt

488 947 528 972 se
563 947 699 972 curam
732 946 868 983 gerere
902 933 1145 979 animarum,
1181 946 1272 970 cum
1305 932 1447 970 divisio
1480 932 1718 970 immediata
1749 933 1799 970 sit

489 1002 649 1030 curatos
689 992 788 1029 tales
828 1004 913 1029 esse
952 1000 1136 1041 pastores
1181 992 1231 1028 ad
1275 990 1447 1028 fideliter
1491 991 1798 1029 custodiendum
1819 1007 1858 1028 10

488 1050 637 1088 Christi
661 1050 887 1097 ecclesiam,
911 1050 973 1087 vel
995 1051 1045 1087 ad
1061 1049 1277 1086 infideliter
1292 1048 1453 1086 diabolo
1469 1048 1799 1099 dispargendum.

488 1111 580 1146 Ideo
614 1108 710 1145 dicit
733 1108 915 1146 Christus
948 1109 1089 1145 Matth.
1113 1109 1218 1154 XII⁰‚
1247 1107 1314 1144 30:
1354 1107 1434 1157 Qui
1463 1120 1535 1144 non
1567 1115 1622 1144 est
1654 1120 1800 1145 mecum

488 1175 623 1204 contra
663 1179 722 1203 me
760 1174 827 1211 est,
862 1174 897 1204 et
935 1166 999 1215 qui
1035 1178 1107 1202 non
1146 1173 1365 1216 congregat
1409 1177 1554 1202 mecum
1594 1166 1798 1217 dispergit.

488 1225 707 1274 Diligenter
731 1237 825 1273 ergo
848 1224 1066 1261 videndum
1091 1232 1148 1260 est
1170 1223 1258 1272 quis
1282 1223 1333 1260 sit
1346 1235 1462 1260 verus
1485 1232 1623 1273 pastor
1645 1224 1800 1262 intrans

489 1296 559 1333 per
590 1282 739 1320 ostium
774 1291 812 1320 et
844 1282 932 1331 quis
966 1295 1010 1319 ex
1043 1282 1227 1319 doctrina
1260 1280 1422 1319 Domini
1459 1281 1509 1318 sit
1542 1294 1562 1319 e
1595 1281 1799 1319 contrario
1820 1287 1856 1320 15

488 1342 550 1378 fur
583 1350 620 1378 et
652 1341 768 1378 latro.
803 1342 904 1378 Cum
938 1349 1072 1377 autem
1104 1340 1167 1376 fur
1198 1338 1344 1376 dicitur
1377 1352 1398 1377 a
1431 1339 1569 1387 furari,
1602 1341 1710 1389 quod
1743 1349 1801 1377 est

489 1400 640 1436 furtum
686 1407 724 1436 et
767 1407 1011 1436 nocturnum
1056 1397 1327 1445 latrocinium,
1378 1398 1477 1435 tales
1521 1398 1665 1447 prelati
1710 1407 1801 1435 sunt

489 1457 758 1494 communiter
780 1457 886 1494 fures
916 1456 1050 1494 ovium
1080 1468 1150 1505 per
1172 1455 1410 1504 ingressum,
1445 1456 1511 1505 qui
1540 1468 1621 1493 non
1650 1456 1801 1493 intrant

490 1528 559 1564 per
581 1515 686 1552 viam
710 1516 873 1564 planam
896 1515 957 1552 vel
980 1513 1128 1551 ostium
1164 1515 1286 1563 (quod
1319 1523 1377 1551 est
1402 1514 1616 1563 Christus),
1649 1514 1801 1551 scilicet

490 1583 532 1610 ut
565 1574 615 1610 ad
650 1572 954 1610 edificacionem
990 1571 1156 1609 ecclesie
1189 1571 1361 1608 fideliter
1393 1581 1623 1621 operentur,
1658 1573 1725 1609 sed
1758 1581 1800 1609 ut
1817 1588 1859 1609 20

489 1632 529 1667 in
554 1630 879 1668 dominacionem
911 1640 947 1668 et
971 1629 1286 1667 delectacionem
1319 1632 1564 1668 mundanam
1590 1631 1629 1667 in
1652 1630 1800 1667 Christi

490 1689 630 1726 ovibus
663 1690 904 1726 volutentur.
938 1688 1120 1725 Christus
1153 1697 1287 1725 autem
1320 1697 1378 1725 est
1400 1698 1481 1726 tam
1505 1688 1653 1726 ostium
1679 1701 1800 1737 quam

492 1746 680 1784 ostiarius
704 1760 825 1796 quam
856 1747 982 1784 eciam
1009 1746 1198 1794 magister
1220 1745 1399 1783 alliciens
1431 1748 1481 1784 ad
1513 1747 1631 1784 istam
1666 1746 1799 1784 ovium

494 1804 734 1852 custodiam,
769 1818 859 1842 cum
894 1805 943 1841 sit
976 1804 1113 1841 omnia
1146 1804 1186 1841 in
1218 1804 1416 1842 omnibus.

551 1864 629 1900 Sed
667 1872 841 1912 quatuor
882 1862 1010 1899 modis
1048 1862 1088 1898 in
1125 1862 1201 1899 ista
1239 1862 1459 1911 sophistica
1497 1863 1679 1900 custodia
1718 1863 1800 1901 dia·
1817 1867 1856 1900 25

493 1921 607 1958 bolus
648 1920 854 1958 constituit
893 1920 967 1957 sibi
1006 1929 1289 1968 procuratores
1322 1923 1372 1957 ad
1403 1933 1494 1958 oves
1528 1921 1690 1958 Domini
1724 1921 1802 1958 dis-

492 1980 759 2027 pergendum:
785 1978 904 2028 primi
928 1987 1019 2015 sunt
1034 1978 1254 2026 symoniaci
1277 1979 1344 2028 qui
1368 1981 1417 2016 ad
1440 1979 1557 2017 istam
1577 1979 1800 2017 custodiam

491 2045 583 2073 sunt
626 2036 765 2085 inepti.
804 2036 950 2074 Tribus
995 2045 1127 2073 autem
1176 2036 1305 2074 modis
1344 2036 1440 2074 dicit
1485 2050 1578 2086 ergo
1623 2038 1801 2086 prelatos

493 2096 664 2132 emendo
688 2103 815 2132 status
849 2094 965 2131 huius
998 2094 1227 2143 symoniace
1262 2095 1525 2142 conmercari,
1560 2095 1711 2133 scilicet
1743 2109 1802 2134 se-

493 2154 667 2190 cundum
702 2166 846 2190 munus
880 2166 901 2190 a
937 2166 1070 2200 manu,
1104 2154 1325 2190 secundum
1358 2167 1503 2191 munus
1542 2167 1563 2191 a
1595 2153 1731 2202 lingua
1765 2163 1801 2191 et
1817 2159 1860 2192 30

493 2212 713 2248 secundum
750 2224 895 2248 munus
928 2224 949 2248 a
984 2210 1218 2248 ministerio.
1255 2211 1315 2248 Illi
1347 2221 1481 2249 autem
1514 2221 1652 2249 emunt
1676 2211 1802 2261 digni-

493 2278 617 2306 tatem
663 2269 895 2306 huiusmodi
933 2282 1003 2318 per
1048 2282 1191 2306 munus
1229 2283 1252 2306 a
1291 2283 1411 2307 manu
1450 2270 1518 2319 qui
1557 2283 1627 2319 per
1664 2283 1704 2307 se
1742 2271 1803 2307 vel

493 2327 592 2364 alios
631 2328 727 2365 dant
765 2327 977 2376 pecuniam
1016 2328 1076 2364 vel
1116 2327 1191 2364 sibi
1232 2328 1459 2376 equivalens
1498 2330 1547 2365 ad
1587 2329 1800 2366 emendum

494 2385 807 2423 ecclesiasticam
838 2385 1087 2434 dignitatem.
1121 2388 1202 2423 Nec
1231 2387 1350 2423 refert
1374 2386 1454 2424 sive
1487 2396 1621 2424 emant
1644 2400 1665 2424 a
1697 2400 1802 2436 papa

494 2443 574 2481 sive
620 2443 803 2481 ministro
848 2444 922 2481 sibi
968 2443 1176 2482 assistente
1220 2445 1300 2481 sive
1345 2454 1517 2493 patrono
1566 2445 1658 2492 alio,
1706 2447 1800 2482 dum
1818 2450 1858 2484 35

493 2511 629 2539 tamen
667 2502 842 2539 intencio
880 2503 940 2539 vel
981 2502 1229 2539 ministracio
1268 2503 1308 2539 in
1347 2503 1540 2552 pastorali
1580 2503 1714 2541 officio
1752 2503 1802 2541 sit

495 2569 697 2608 corrupta.

554 2619 740 2654 Secundo
781 2619 900 2655 modo
941 2626 1170 2655 mercantur
1214 2619 1444 2666 symoniace
1488 2632 1559 2668 per
1598 2632 1741 2657 munus
1780 2632 1801 2657 a

494 2675 641 2723 lingua,
687 2685 730 2712 ut
775 2675 910 2724 cupidi
954 2689 1034 2713 non
1085 2677 1275 2713 habentes
1325 2676 1537 2725 pecuniam
1590 2679 1712 2714 modo
1761 2677 1801 2713 in

494 2732 678 2769 manibus
716 2733 958 2782 promittunt
996 2735 1256 2782 postmodum
1296 2734 1508 2783 pecuniam
1548 2748 1589 2772 se
1622 2736 1799 2781 daturos,
1814 2748 1863 2782 40

562 2861 599 2881 12.
621 2854 717 2881 Cod.:
745 2854 823 2882 Luce
843 2853 891 2882 XI.
966 2863 1004 2890 ¹7·
1028 2854 1121 2882 Cod.:
1141 2854 1286 2890 furnum.
1360 2863 1404 2891 27.
1426 2856 1520 2883 Cod.:
1551 2856 1669 2884 Christi
1684 2860 1763 2885 santi

567 2936 593 2957 1.
621 2925 751 2968 Gospel
778 2926 831 2957 for
856 2926 1020 2970 Tuesday
1047 2927 1080 2958 in
1100 2926 1264 2959 Whitsun
1282 2928 1404 2960 Week.
