2062 3276
237 285 372 314 scano
394 274 503 331 livii]
724 287 916 328 QUARTA
945 287 1070 319 PARs.

232 394 511 443 temptacionis
544 395 582 430 in
617 394 796 442 posteris,
829 394 930 430 sicut
962 393 1034 429 fuit
1067 394 1275 441 deprimis
1303 394 1546 441 parentibus.

232 453 341 488 Sicut
382 453 484 488 enim
522 455 601 489 Eva
640 451 810 500 gustavit
850 460 886 487 et
926 451 1167 499 presentavit
1207 451 1290 487 viro
1331 453 1378 487 de
1420 452 1545 487 fructu

232 510 353 546 vetito
398 520 434 546 et
480 510 544 546 ille
588 511 763 546 secundo
809 509 1006 545 consensit
1051 518 1088 544 et
1132 509 1256 545 tercio
1299 509 1469 557 prosiliit
1510 509 1547 545 in

233 578 366 605 actum
420 568 688 614 comestionis,
740 567 795 603 sic
850 566 1086 603 sensualitas
1149 567 1363 614 cogitando
1418 576 1549 614 gustat

200 626 545 663 §delectacionem
583 626 784 662 carnalem
820 634 856 661 et
890 625 1007 660 offert
1041 624 1191 660 racioni
1225 634 1431 672 tamquam
1466 625 1549 661 viro

180 928 218 949 10

183 1209 216 1241 13

179 1510 220 1531 20

183 2370 221 2403 ‘35

234 684 272 720 in
311 684 422 720 cuius
462 696 655 720 consensu
696 683 863 719 mortale
902 691 1167 731 perpetratur.
1222 685 1270 719 Et
1302 682 1426 719 tercio
1460 696 1551 730 pro—

234 744 412 779 cedendo
451 744 500 778 ad
545 755 645 790 opus
693 742 929 790 completur,
970 749 1113 790 quarto
1157 753 1200 777 ex
1243 740 1549 777 continuacione

234 800 456 837 induratur.

291 858 471 906 Septima
511 867 547 894 et
584 857 727 895 ultima
764 857 962 906 peticione
995 857 1168 906 petimus
1202 857 1365 893 liberari
1393 870 1415 892 a
1449 856 1551 893 malo

233 916 480 965 simpliciter.
535 918 603 952 Est
643 925 776 953 autem
818 916 961 964 duplex
1000 916 1150 952 malum
1190 915 1339 952 scilicet
1379 927 1479 963 pene
1514 923 1551 951 et

234 976 366 1023 culpe:
393 988 413 1011 a
439 975 544 1011 malo
559 987 659 1022 pene
684 974 856 1023 petimus
879 973 1039 1010 liberari
1058 974 1187 1010 solum
1208 972 1549 1019 condicionaliter,

234 1033 384 1070 scilicet
407 1034 454 1069 de
482 1042 632 1081 quanto
656 1035 739 1069 Deo
772 1031 966 1080 placuerit
1000 1041 1037 1068 et
1069 1044 1137 1068 sue
1171 1031 1334 1068 ecclesie
1368 1040 1406 1067 et
1438 1031 1551 1067 nobis

235 1091 350 1127 suerit
397 1091 620 1139 expediens,
667 1091 761 1139 quia
806 1090 954 1127 scimus
994 1103 1037 1127 ex
1075 1089 1306 1126 testimonio
1340 1089 1551 1137 Augustini

235 1158 271 1186 et
305 1149 464 1186 racione
498 1151 605 1199 quod
637 1150 746 1186 nulla
771 1158 827 1185 est
850 1161 921 1185 nec
946 1161 1030 1185 esse
1052 1157 1184 1197 potest
1210 1161 1313 1196 pena
1335 1147 1411 1184 nisi
1436 1148 1549 1184 iusta.

235 1209 311 1244 Sed
345 1221 366 1244 a
391 1208 497 1244 malo
520 1208 634 1256 culpe
658 1208 764 1256 quod
789 1216 847 1243 est
870 1206 1071 1243 infinitum
1103 1206 1229 1255 magis
1253 1207 1404 1243 malum
1430 1219 1548 1254 quam

235 1266 398 1314 aliquod
433 1266 581 1303 malum
616 1278 715 1314 pene
750 1275 786 1302 et
819 1265 1045 1313 specialiter
1068 1278 1090 1301 a
1114 1266 1220 1301 malo
1243 1264 1397 1313 peccati
1422 1264 1551 1301 finalis

235 1324 516 1372 impenitencie
549 1324 722 1372 petimus
755 1337 777 1360 a
810 1326 895 1360 Deo
928 1322 1164 1371 simpliciter
1196 1332 1233 1359 et
1265 1323 1446 1359 absolute
1479 1335 1552 1358 nos

236 1382 547 1419 misericorditer
591 1382 765 1428 liberari,
811 1382 905 1430 quia
949 1381 1047 1417 illud
1093 1382 1242 1418 malum
1289 1393 1444 1417 summe
1486 1382 1552 1417 al)-

236 1440 480 1477 hominabile
524 1440 743 1477 terminans
782 1439 902 1476 vitam
946 1448 1125 1476 nostram
1165 1448 1290 1476 totam
1330 1439 1550 1476 viacionem

235 1507 413 1535 nostram
445 1500 725 1546 precedentem
753 1498 944 1543 inficeret,
979 1511 1002 1534 a
1025 1500 1108 1533 Deo
1130 1506 1268 1534 nostro
1294 1510 1366 1534 nos
1391 1497 1552 1533 misera-

235 1557 365 1593 biliter
397 1557 622 1604 seiungeret
655 1565 691 1593 et
724 1556 764 1592 in
797 1565 900 1592 tetro
940 1568 1097 1592 carcere
1132 1555 1315 1592 infernali
1355 1556 1551 1592 horrende

236 1624 391 1652 caterve
430 1616 648 1651 demonum
687 1614 770 1651 sine
812 1614 889 1650 fine
929 1613 1271 1650 miserabilissime
1305 1613 1489 1661 sociaret,
1530 1626 1552 1650 a

236 1687 315 1722 quo
355 1674 460 1710 malo
498 1673 725 1722 specialiter
761 1681 819 1709 tot
854 1672 1021 1709 maliciis
1061 1671 1240 1708 involuto
1273 1685 1346 1709 nos
1379 1672 1551 1721 petimus

236 1731 472 1779 simpliciter
505 1740 542 1767 et
575 1731 748 1768 finaliter
779 1743 851 1779 per
883 1730 1059 1779 graciam
1093 1730 1267 1767 liberari.

1754 291 1835 325 με)

1602 853 1643 872 *th
1663 852 1807 889 petition:

1601 874 1650 916 ‘so
1672 889 1706 915 be
1727 889 1808 915 freed

1619 924 1699 950 from
1720 923 1788 957 evil,

1584 958 1729 994 specially
1748 958 1828 984 from

1575 994 1624 1020 the
1645 993 1702 1020 evil
1724 992 1758 1019 of
1775 993 1831 1019 sin.

294 1790 441 1826 Habita
474 1802 567 1838 ergo
602 1790 731 1826 forma
764 1788 906 1825 orandi
939 1801 1016 1837 que
1052 1788 1231 1825 innuitur
1264 1788 1304 1824 in
1337 1788 1411 1824 hoc
1445 1789 1552 1836 quod
1567 1784 1650 1812 Need
1672 1784 1790 1812 oflove
1811 1790 1839 1812 ω

237 1847 400 1884 dicitur:
440 1848 527 1884 Hoc
565 1860 646 1894 oro,
687 1856 866 1896 superest
905 1847 1034 1883 forma
1073 1846 1235 1883 amandi
1275 1858 1351 1895 que
1390 1855 1552 1883 notatur

237 1918 306 1954 per
339 1907 415 1943 hoc
447 1907 555 1954 quod
588 1905 789 1942 subditur:
824 1913 863 1941 ut·
886 1905 1032 1941 caritas
1055 1912 1183 1940 vestra
1207 1905 1336 1955 magis
1359 1915 1404 1940 ac
1426 1905 1553 1955 magis

237 1965 440 2000 habundet.
478 1966 578 2001 Cum
612 1972 746 2000 autem
781 1963 924 2000 caritas
958 1962 1007 1999 sit
1038 1962 1228 2011 bipartita
1260 1962 1301 1998 in
1334 1961 1552 1999 dileccione

238 2022 308 2058 Dei
332 2031 368 2059 et
391 2022 574 2070 proximi,
608 2031 716 2070 patet
740 2023 848 2070 quod
871 2034 1030 2058 necesse
1055 2030 1111 2057 est
1134 2030 1177 2057 ut
1201 2020 1326 2069 magis
1350 2021 1553 2057 habundet

181 2082 196 2114 3
237 2082 370 2128 quoad
403 2080 663 2117 dileccionem
694 2079 766 2116 Dei
800 2079 1005 2128 magisque
1039 2080 1243 2115 habundet
1275 2080 1408 2127 quoad
1435 2079 1553 2115 dilec—

237 2138 392 2175 cionem
421 2138 604 2187 proximi.
637 2140 762 2175 Amor
794 2138 899 2174 enim
938 2147 995 2174 est
1031 2137 1144 2173 istius
1177 2137 1424 2174 condicionis
1446 2139 1552 2186 quod

235 2210 315 2233 non
347 2197 527 2233 consistit
558 2197 599 2233 in
632 2196 765 2233 medio
797 2196 901 2233 inter
939 2195 1385 2244 superhabundanciam
1419 2204 1456 2232 et
1488 2197 1553 2231 de-

235 2255 396 2302 fectum,
429 2264 472 2292 ut
503 2255 667 2292 virtutes
692 2255 861 2291 morales
885 2263 922 2290 et
945 2263 1056 2291 actus
1080 2266 1231 2290 earum.
1270 2254 1425 2290 Caritas
1447 2253 1551 2290 enim

237 2325 314 2361 que
352 2326 424 2349 non
463 2313 607 2350 excidit
651 2325 694 2349 ex
739 2312 821 2349 eius
865 2312 1127 2361 perfeccione,
1172 2311 1212 2348 in
1257 2320 1451 2360 quantum
1497 2320 1554 2348 est

238 2371 411 2419 amplior
453 2371 494 2407 in
537 2380 693 2407 tantum
740 2380 797 2407 est
842 2370 996 2406 melior.
1050 2372 1098 2406 Et
1142 2369 1232 2406 ideo
1278 2382 1368 2406 cum
1408 2369 1553 2406 viando

237 2428 609 2477 appropinquamus
653 2438 808 2465 tantum
854 2428 1003 2465 amoris
1045 2428 1227 2476 passibus
1271 2429 1321 2464 ad
1363 2427 1551 2464 verticem

239 2487 441 2523 inoncium
465 2487 673 2523 dominum
696 2489 829 2523 Jesum
854 2486 1072 2533 Christum,
1107 2485 1174 2535 qui
1201 2494 1258 2522 est
1281 2486 1367 2522 fons
1390 2485 1552 2532 amoris,

305 2642 335 2667 4.
367 2633 410 2660 G:
439 2636 520 2661 actu.
661 2634 689 2662 6.
718 2633 761 2662 G:
791 2635 821 2662 in
851 2635 926 2661 eius.
1069 2641 1091 2667 7.
1123 2634 1168 2660 A:
1199 2640 1237 2660 ex
1264 2633 1551 2660 communicat-somn

238 2676 279 2701 ¹4-
302 2669 346 2696 G:
373 2669 437 2696 nisi
451 2669 481 2696 in
502 2669 572 2696 isla.
646 2669 685 2703 15,
707 2669 748 2697 16.
770 2669 843 2697 DG:
870 2677 959 2704 quam
979 2684 1011 2688 —
1031 2668 1145 2695 malum
1165 2668 1260 2695 deest.
1334 2667 1374 2695 18.
1397 2667 1440 2695 G:
1469 2668 1552 2695 illum

238 2703 358 2730 malum.
421 2710 459 2730 21.
481 2703 554 2730 DG:
576 2703 696 2739 lugeret
716 2707 754 2731 et.
817 2703 930 2739 29—31.
952 2702 1026 2730 DG:
1047 2706 1076 2730 el
1095 2702 1235 2737 proximi
1251 2718 1284 2721 —
1299 2702 1441 2737 proximi
1458 2702 1552 2729 dcesi.

237 2736 275 2764 31.
291 2738 333 2764 I):
354 2736 466 2765 Amore
483 2738 567 2765 illius
586 2738 777 2766 condicionis
787 2748 797 2771 ,·
817 2740 859 2766 G:
882 2746 1017 2765 amorem
1038 2738 1137 2765 islius.
1211 2736 1253 2764 32.
1269 2738 1313 2765 A:
1335 2745 1394 2764 non
1416 2740 1555 2769 constat,-

238 2773 277 2799 ib.
299 2774 343 2799 A:
363 2773 684 2808 sapei-habu›idaizct'a.

307 2878 338 2910 o.
365 2867 484 2899 Matth.
504 2868 561 2907 W,
587 2869 635 2900 13.
714 2869 763 2901 13.
790 2869 823 2900 S.
843 2868 1037 2910 Augustini,
1057 2866 1107 2899 De
1126 2866 1234 2898 libero
1252 2866 1403 2898 Arbitrio
1423 2866 1477 2906 III,
1504 2866 1551 2897 ιδ’,

239 2914 330 2954 Opp.
357 2921 441 2944 tom.
472 2916 493 2953 ¹,
520 2913 597 2946 1331.
696 2915 748 2955 34.
776 2914 798 2946 Ι.
826 2915 904 2946 Cor.
930 2915 1014 2953 XIII,
1041 2914 1073 2945 8.

1373 2981 1414 3012 29

1604 1820 1672 1847 God
1694 1820 1753 1847 and
1775 1824 1806 1847 to

1576 1863 1633 1882 0111·
1653 1855 1834 1890 neighbour.
