2062 3276
258 247 393 276 SERMO
415 237 542 296 xv111.]
737 252 928 292 QUARTA
956 252 1082 285 PARS.
1781 250 1853 296 157

254 356 429 393 Domino
475 366 534 394 est
579 358 728 394 factum
775 357 1031 394 manifestum
1079 358 1228 395 diaboli
1276 368 1312 395 et
1354 361 1566 399 manifesta

252 415 532 463 preconizacio
565 415 817 452 Antichristi.

308 474 357 509 Et
389 473 419 510 si
452 473 509 510 vis
543 473 779 510 convincere
819 485 1039 522 prcconum
1080 473 1314 522 stulticiam,
1360 475 1423 512 dic
1457 478 1566 525 quod
1605 487 1686 515 Each
1707 487 1774 515 side
1795 487 1836 521 (in

251 530 383 579 primo
417 532 563 569 debent
606 531 804 568 instruere
849 532 1031 569 subditos
1076 533 1124 569 de
1166 534 1293 581 gradu
1338 534 1564 582 gravedinis
1639 522 1689 550 the
1710 523 1800 558 papal

1581 558 1701 585 tuarrcl
1728 565 1854 585 accuses

218 589 404 637 5peccati
439 589 644 626 commissi
677 602 748 638 per
780 599 937 639 partem
971 590 1046 626 sibi
1087 591 1334 628 contrariam
1382 601 1419 628 et
1466 605 1563 641 quo-
1586 565 1641 619 ibe
1661 566 1761 626 onies,
1782 593 1841 620 and

251 648 372 684 modo
406 648 601 685 contricio
635 657 913 696 cognoscetur,
948 649 1042 698 quia
1075 649 1292 697 requiritur
1316 649 1357 686 in
1381 650 1563 688 confesso
1631 627 1801 698 eb‘iitziilffrteo

250 706 300 741 ad
333 706 410 742 hoc
442 707 550 755 quod
583 705 633 742 sit
676 706 879 755 particeps
924 706 1045 743 futuri
1090 707 1281 755 suffragii,
1323 710 1431 757 quod
1471 721 1561 745 cum
1682 698 1771 725 lame.

249 763 444 809 nesciunt,
480 764 663 801 convinci
697 766 813 802 debet
846 764 998 802 falsitas
1033 765 1229 803 ficcionis.
1262 766 1433 803 Videtur
1457 767 1561 804 enim

249 823 358 869 quod
390 831 560 871 utraque
592 835 685 871 pars
718 823 887 859 fratrum
920 832 957 859 et
980 823 1164 860 omnium
1189 824 1436 873 complicum
1459 838 1563 874 pape

195 879 308 915 1osui
353 881 470 917 debet
514 880 646 918 dicere
691 882 799 929 quod
844 881 1078 918 resistencia
1124 883 1249 931 partis
1294 884 1460 920 adverse
1506 893 1563 920 est

249 936 378 974 maius
412 948 621 987 peccatum
658 952 778 988 quam
813 939 885 976 fuit
917 939 1068 977 occisio
1100 942 1192 977 Jesu
1233 941 1387 978 domini
1420 942 1561 988 nostri,

250 995 343 1044 quia
366 1009 446 1034 non
470 1010 687 1046 possumus
711 997 949 1034 convincere
972 1000 1081 1047 quod
1104 998 1219 1036 Titus
1243 1007 1280 1036 et
1294 1000 1563 1048 Vespasianus

249 1053 317 1103 qui
339 1056 464 1092 XLIIO
488 1068 593 1092 anno
627 1065 717 1104 post
744 1056 1087 1093 resurreccionem
1112 1057 1151 1093 in
1174 1057 1394 1094 vindictam
1422 1058 1562 1095 mortis

250 1112 399 1150 Christi
443 1115 590 1151 Judeos
635 1114 868 1151 occiderant
922 1123 1077 1151 tantam
1132 1115 1432 1163 indulgenciam
1483 1129 1564 1154 me-

195 1173 231 1206 15
248 1180 433 1217 ruerunt;
478 1180 515 1208 et
553 1172 609 1209 sic
647 1182 820 1222 utraque
863 1185 955 1221 pars
1001 1185 1044 1210 ex
1087 1173 1338 1222 negligencia
1382 1175 1564 1212 doctrine

248 1229 368 1277 primi
402 1230 535 1279 operis
566 1230 843 1268 misericordie
866 1230 1088 1279 spiritualis
1122 1234 1216 1281 (quo
1242 1232 1316 1269 iret
1339 1241 1376 1269 et
1400 1234 1563 1271 doceret

247 1296 385 1335 gentes
418 1288 574 1336 peccati
608 1289 712 1325 illius
736 1289 994 1337 gravedinem
1021 1299 1058 1326 et
1083 1290 1402 1338 magnitudinem
1430 1291 1562 1329 meriti

151 1335 232 1402 20⁰—ss
248 1346 441 1394 oppositi)
475 1346 633 1383 videtur
661 1343 666 1401 Ι
695 1360 863 1395 peccare
886 1347 1072 1399 graviter,
1108 1357 1145 1385 et
1170 1348 1399 1397 specialiter
1422 1349 1463 1386 in
1486 1350 1562 1387 isto

151 1400 158 1404 ’
200 1395 210 1413 ’
247 1405 355 1452 quod
388 1417 470 1441 non
501 1406 584 1441 vult
617 1405 819 1442 dimittere
864 1406 1058 1443 offensam
1104 1407 1231 1455 partis
1278 1408 1481 1445 contrarie
1527 1418 1564 1445 et

190 1474 232 1495 20
247 1462 466 1510 primatum
513 1463 652 1500 mundi
705 1465 888 1501 deserere
942 1477 1053 1501 more
1097 1465 1259 1502 Christi.
1314 1468 1402 1503 Hoc
1455 1466 1560 1503 enim

245 1519 402 1557 videtur
435 1534 478 1558 ex
512 1522 588 1558 fide
621 1522 819 1571 scripture
853 1535 942 1559 cum
978 1523 1177 1560 concessis
1211 1537 1232 1561 a
1266 1524 1448 1573 partibus
1471 1525 1560 1574 plus

246 1591 391 1616 sonare
424 1579 464 1616 in
497 1580 684 1617 meritum
719 1593 839 1629 quam
875 1581 989 1618 labor
1021 1582 1081 1618 vel
1126 1582 1278 1619 invasio
1325 1583 1560 1632 corporalis.

246 1637 465 1674 Maximum
507 1651 601 1687 ergo
647 1648 858 1687 peccatum
905 1639 1139 1688 contingens
1184 1641 1302 1677 istam
1349 1641 1561 1678 materiam

243 1694 401 1732 videtur
434 1709 518 1733 esse
551 1697 712 1734 infidele
744 1697 939 1734 iudicium
974 1706 1011 1735 et
1044 1698 1295 1747 negligencia
1328 1699 1560 1736 remittendi

189 1753 229 1786 25
246 1753 440 1791 offensam
485 1754 525 1792 in
565 1764 678 1803 parte
712 1756 916 1793 contraria
962 1769 1073 1793 more
1107 1757 1269 1794 Christi.
1323 1757 1408 1794 Nisi
1454 1758 1560 1795 enim

245 1820 416 1861 utraque
449 1825 542 1861 pars
576 1813 780 1851 remittere
804 1824 939 1863 posset
962 1827 1078 1851 suam
1102 1815 1306 1861 iniuriam,
1342 1818 1447 1853 Deus
1480 1829 1562 1853 non

245 1880 381 1918 posset
413 1870 511 1907 illud
545 1880 757 1920 peccatum
792 1872 995 1910 dimittere
1027 1886 1101 1910 nec
1136 1874 1346 1911 ecclesiam
1372 1887 1485 1912 suam
1511 1876 1560 1911 ad

245 1937 394 1965 statum
428 1942 649 1978 pauperem
684 1931 1046 1979 exproprietarium
1093 1944 1212 1981 quem
1259 1932 1343 1980 ipse
1388 1932 1561 1970 instituit

246 1986 466 2033 restituere,
501 1988 595 2037 quia
627 2001 708 2025 non
741 1989 957 2026 dimittitur
990 1999 1202 2038 peccatum
1236 1990 1312 2027 nisi
1346 1991 1415 2027 fiat
1447 1991 1560 2028 satis-

188 2046 230 2079 30
245 2044 392 2091 faccio;
427 2047 476 2082 ad
510 2059 632 2095 quam
666 2046 724 2099 (ut
749 2047 917 2096 fingunt)
952 2048 1171 2096 requiritur
1195 2048 1403 2086 restitucio
1427 2050 1560 2086 ablate

246 2103 395 2140 cesarie
429 2104 649 2152 dignitatis.
683 2107 732 2142 Et
765 2105 821 2142 sic
852 2105 1062 2143 ordinacio
1086 2106 1312 2143 insolubilis
1336 2107 1561 2144 dotacionis

245 2161 410 2199 ecclesie
443 2172 737 2212 consequenter
770 2164 872 2201 foret
904 2164 1106 2201 infinitum
1148 2165 1297 2202 forcior
1336 2179 1456 2215 quam
1497 2180 1561 2203 or-

245 2219 404 2257 dinacio
437 2221 619 2270 primeva
651 2222 799 2259 Christi
833 2235 954 2272 quarn
989 2222 1073 2272 ipse
1113 2236 1203 2260 cum
1244 2223 1326 2260 suis
1365 2224 1560 2273 apostolis

243 2278 482 2318 observavit.

313 2413 339 2440 S.
354 2414 399 2441 A:
421 2414 564 2442 convinci
574 2414 704 2447 dict'lur;
725 2415 768 2442 G:
791 2415 877 2443 debet
896 2416 990 2443 deest.
1056 2425 1090 2445 11.
1108 2418 1151 2445 A:
1174 2416 1404 2451 dominidcest;
1427 2417 1470 2445 G:
1490 2417 1560 2446 Jesu

245 2447 377 2480 Christis
403 2448 522 2476 domini
539 2450 638 2477 nostri
655 2450 750 2477 deest.
826 2459 867 2485 14,
890 2451 925 2478 15.
947 2451 1046 2479 DEG:
1074 2456 1259 2480 meruerant.
1334 2452 1376 2480 23.
1400 2452 1442 2481 G:
1465 2454 1560 2481 conti-

243 2491 327 2510 nens.
400 2490 448 2516 24.
466 2484 659 2517 remittendi;
679 2485 720 2512 D:
742 2493 839 2513 c01·r.:
861 2486 1029 2514 omittendi.
1104 2486 1216 2521 31-34.
1234 2487 1276 2515 G:
1299 2487 1340 2515 Et
1351 2488 1395 2515 sic
1411 2505 1437 2507 —
1455 2488 1559 2516 obser-

242 2518 326 2545 vavit
344 2518 438 2546 deest.
511 2517 554 2546 32.
575 2520 870 2556 Arconsequenter.
