2062 3276
124 779 204 869 {1:2¹2
579 797 910 861 QUARTA
947 799 1170 852 PARS.

748 984 943 1024 SERMO
977 985 1004 1026 Ι.

276 1079 466 1115 Nolumus
490 1091 556 1115 vos
579 1079 767 1129 ignorare
790 1080 838 1116 de
860 1080 1138 1117 dormientibus
1162 1082 1186 1117 1.
1203 1082 1341 1118 Thess.
1360 1083 1443 1128 lV0‚
1468 1093 1528 1119 12.
1575 1087 1632 1115 We
1652 1089 1726 1124 keep
1747 1097 1787 1123 up

275 1137 534 1173 Consuetudo
567 1137 725 1185 gentilis
764 1138 1026 1186 superstitum
1061 1147 1142 1175 tam
1184 1139 1223 1175 in
1262 1140 1369 1176 clero
1408 1154 1527 1188 quam
1562 1124 1753 1186 ςυδέᾏῖζιιὲιᾞ
1775 1165 1804 1187 to

216 1195 333 1242 vulgo
380 1196 567 1232 exuberat
601 1208 726 1244 usque
761 1197 811 1232 ad
855 1209 948 1232 suos
994 1205 1194 1239 mortuos:
1238 1198 1377 1234 volunt
1422 1198 1526 1235 enim
1598 1194 1764 1222 oui-dead.

184 1255 358 1289 5contra
392 1253 596 1290 racionem
633 1255 783 1290 mundo
817 1267 890 1302 pro
929 1254 1009 1290 suis
1049 1255 1219 1291 mortuis
1259 1256 1526 1304 complacere.

218 1311 378 1347 Placent
411 1311 537 1347 eciam
573 1311 735 1348 diabolo
768 1324 812 1348 ex
845 1314 1019 1360 quadam
1053 1313 1146 1350 ficta
1169 1313 1429 1351 naturalitate
1453 1327 1527 1363 pro

216 1368 295 1405 suis
343 1369 512 1405 mortuis
557 1371 812 1406 condolendo
852 1379 888 1406 et
920 1370 1045 1407 tercio
1090 1371 1131 1407 in
1174 1372 1421 1420 sumptuosis
1466 1385 1527 1409 ex-

215 1426 346 1475 pensis
379 1428 446 1463 sed
480 1426 780 1475 irregularibus,
827 1428 867 1464 in
907 1428 1050 1477 quibus
1083 1429 1237 1466 seducti
1269 1439 1413 1478 putant
1446 1431 1526 1466 suis

216 1485 384 1521 mortuis
416 1485 647 1533 suffragari:
682 1495 718 1522 et
751 1486 888 1523 omnia
921 1486 995 1523 ista
1019 1488 1136 1523 debet
1166 1488 1387 1525 catholicus
1419 1489 1525 1537 plebi

161 1544 410 1591 1odetegere.
464 1544 682 1591 Apostolus
729 1553 862 1581 autem
913 1545 1144 1582 confortans
1191 1546 1343 1582 nullam
1397 1546 1525 1594 tangit
1571 1550 1637 1579 The
1658 1553 1788 1589 Apostle

213 1613 390 1638 errorem
427 1601 603 1638 medium
638 1601 678 1638 in
712 1615 791 1650 quo
825 1602 936 1648 fides,
977 1615 1066 1652 spes
1100 1612 1138 1640 et
1171 1616 1242 1651 per
1275 1617 1525 1653 consequens
1553 1588 1804 1657 Ῐῗὲςὲῗῗρξξῒ-’ἐῗῐ

213 1659 358 1696 caritas
391 1661 649 1696 seducuntur.
704 1661 908 1705 Nolumus,
953 1661 1095 1710 inquit,
1142 1674 1208 1698 vos
1248 1662 1437 1712 ignorare
1479 1664 1526 1699 de
1633 1657 1727 1685 them.

214 1718 350 1754 vestris
382 1718 546 1754 mortuis
589 1720 795 1767 quomodo
837 1728 918 1755 tam
960 1729 1066 1756 certe
1105 1729 1226 1769 atque
1270 1720 1460 1765 faciliter,
1485 1729 1524 1757 ut

212 1776 445 1812 dormientes
475 1775 777 1813 suscitabuntur
809 1776 849 1813 in
882 1777 990 1814 finali
1024 1777 1193 1823 iudici03
1228 1777 1318 1815 ideo
1352 1792 1442 1815 cum
1473 1779 1523 1815 sit

159 1834 325 1870 15nobis
360 1834 599 1871 inevitabilis
633 1847 741 1871 mors
774 1847 913 1871 eorum
960 1837 1029 1872 sed
1074 1835 1157 1872 eius
1202 1837 1427 1885 complecio
1473 1837 1522 1873 sit

212 1893 294 1928 Deo
329 1892 505 1940 propria,
540 1894 747 1941 quomodo
781 1893 949 1941 potestis
982 1894 1037 1930 sic
1070 1907 1144 1942 pro
1176 1895 1317 1931 vestris
1352 1895 1521 1932 mortuis

209 1951 464 1986 contristari?
495 1952 603 1987 Idem
637 1950 743 1987 enim
774 1952 875 1988 foret
907 1951 964 1988 sic
996 1952 1225 1988 contristari
1249 1952 1350 1989 sicut
1374 1953 1520 1990 contri-

209 2008 305 2044 stari
340 2021 412 2056 pro
445 2021 686 2057 quocunque
720 2008 939 2046 inevitabili
985 2012 1093 2059 quod
1127 2012 1232 2047 Deus
1278 2011 1519 2048 determinat

208 2066 282 2102 sibi
315 2066 556 2112 faciendum,
603 2076 640 2104 et
683 2067 739 2103 sic
779 2067 1042 2104 contristatur
1074 2068 1270 2117 implicite
1302 2082 1376 2117 pro
1410 2082 1518 2106 com-

151 2138 192 2159 20
208 2124 390 2172 plecione
422 2125 640 2161 voluntatis
675 2125 819 2162 divine.
853 2127 929 2163 Sed
966 2126 1062 2175 quid
1094 2126 1321 2163 infidelius?

262 2182 451 2219 'I‘risticia
485 2192 618 2219 autem
654 2184 771 2220 debet
804 2196 888 2220 esse
921 2184 1028 2221 circa
1061 2197 1239 2221 errorem
1274 2185 1512 2227 vivencium,
1573 2201 1632 2230 We
1653 2203 1763 2231 should

206 2242 300 2276 dum
336 2241 537 2277 declinant
570 2254 592 2278 a
626 2242 710 2289 lege
735 2241 882 2278 Christi
907 2251 1118 2291 peccantes
1141 2243 1181 2279 in
1206 2243 1397 2289 moribus,
1423 2244 1516 2292 quia
1531 2237 1633 2271 grieve
1649 2239 1808 2267 rathersor

1543 2272 1592 2298 the
1614 2273 1677 2300 sins
1698 2275 1733 2302 ot*
1750 2275 1798 2302 the

206 2298 312 2335 circa
337 2300 412 2335 hoc
436 2299 654 2336 consistere
678 2309 812 2348 posset
835 2301 1059 2337 remedium
1085 2301 1297 2349 multiplici
1321 2302 1514 2350 suffragio
1554 2306 1659 2342 living,
1681 2309 1780 2336 which

205 2357 432 2394 adiuvando
456 2357 703 2405 superstites,
740 2358 780 2394 Si
803 2367 936 2395 autem
962 2359 1228 2408 probabiliter
1250 2359 1514 2408 supponimus
1542 2343 1794 2405 wetffifffifqtffl'ssf'p

150 2417 189 2449 25
205 2416 313 2463 quod
347 2415 495 2452 mortui
528 2416 656 2452 nostri
690 2429 733 2452 ex
765 2416 844 2453 vita
878 2417 1085 2454 meritoria
1119 2430 1258 2454 eorum
1293 2420 1392 2455 bene
1424 2428 1515 2455 sunt

275 2545 294 2565 1.
324 2537 382 2565 Hic
411 2546 514 2565 sermo
542 2538 740 2566 solummodo
767 2539 797 2566 in
824 2539 915 2566 codd.
937 2540 965 2567 A
992 2544 1019 2567 et
1045 2540 1068 2568 F
1096 2539 1240 2571 habetur:
1270 2540 1310 2567 ib.
1333 2541 1376 2568 A:
1408 2541 1519 2576 Incipit

201 2580 277 2607 pars
300 2572 437 2600 secunda
463 2573 661 2608 epistolarum
687 2577 719 2601 et
740 2578 851 2609 quarta
877 2575 908 2602 in
935 2575 1056 2602 ordine.
1181 2583 1207 2602 2.
1229 2575 1346 2603 Codd.:
1375 2576 1516 2603 nolimus.

203 2607 231 2633 43.
254 2607 292 2634 F:
319 2607 453 2642 quadam
473 2616 538 2635 sua.
635 2608 662 2635 8.
682 2609 727 2636 A:
753 2609 886 2636 seducte.
980 2618 1020 2636 10.
1041 2610 1081 2638 F:
1109 2614 1310 2642 consorlans·;
1335 2610 1375 2637 ib.
1398 2610 1516 2638 Codd.:

202 2642 334 2674 nullffi;
358 2642 452 2669 adde:
480 2643 746 2671 consuetudinem.
822 2652 855 2671 11.
877 2644 916 2671 F:
935 2643 1020 2678 fides
1039 2648 1070 2672 et
1085 2653 1164 2680 spes.
1246 2652 1284 2672 12.
1306 2645 1344 2672 F:
1373 2646 1514 2672 nolimus.

204 2676 239 2739 155.
255 2678 299 2738 bk:
320 2677 400 2704 sicut
417 2677 492 2738 εἰιᾏε.
567 2678 602 2711 15,
621 2677 661 2705 16.
678 2678 779 2713 A:fit
796 2678 870 2706 Deo.
945 2687 982 2714 ¹7-
999 2680 1044 2707 A:
1066 2680 1145 2706 idem
1167 2696 1196 2698 —
1218 2680 1400 2707 contristari
1419 2681 1513 2707 deest.

202 2719 244 2738 2.
304 2720 437 2739 :eorum
479 2717 552 2739 eost.

276 2794 302 2815 1.
334 2784 464 2825 Epistle
495 2784 536 2815 of
563 2783 621 2815 the
647 2785 752 2816 Missa
783 2795 845 2827 pro
878 2785 1060 2817 defunctis.
1191 2795 1239 2825 12,
1272 2787 1321 2818 13.
1347 2786 1511 2827 Vulgare:

203 2829 375 2862 Nolumus
401 2834 518 2862 autem
546 2841 608 2863 vos
634 2831 816 2874 ignorare,
834 2833 988 2875 fratres,
1014 2832 1058 2864 de
1084 2832 1351 2870 dormientibus,
1379 2837 1416 2864 ut
1442 2843 1509 2863 non

200 2877 469 2915 contristemini,
495 2877 583 2909 sicut
609 2883 642 2909 et
666 2879 783 2917 ceteri,
803 2879 860 2919 qui
877 2889 972 2920 spem
1002 2888 1068 2910 non
1095 2879 1234 2911 habent.

1359 2946 1367 2966 1
