2062 3276
236 227 371 256 samio
393 217 488 275 ων]
716 231 908 270 QUARTA
935 230 1061 262 PARS.

238 338 311 375 nisi
346 337 428 386 quis
467 345 623 374 renatus
650 338 780 388 suerit
819 349 870 374 ex
907 350 1006 387 aqua
1047 345 1080 374 et
1114 338 1262 387 Spiritu
1297 339 1437 375 Sancto
1477 352 1549 375 non

233 404 360 447 potest
391 396 554 432 introire
585 396 620 432 in
655 409 818 447 regnum
851 395 939 433 Dei.

297 455 670 502 Correspondenter
710 455 759 491 ad
802 454 921 490 istam
961 453 1163 502 duplicem
1202 454 1452 492 nativitatem
1493 464 1551 492 est

240 514 335 550 dare
369 513 514 561 duplex
554 512 689 560 iugum
730 521 957 560 parentum,
999 511 1151 549 scilicet
1189 522 1396 560 parentem
1436 513 1552 561 spiri-

207 570 388 608 5tua1em
429 580 466 607 et
505 571 720 615 carnalem,
760 583 932 619 quorum
972 579 1144 619 utroque
1176 580 1336 618 oportet
1371 571 1551 607 debitum

241 630 435 666 honorem
480 628 733 676 impendere3
778 627 919 676 primis
964 637 1097 665 autem
1143 628 1377 677 parentibus
1415 642 1554 666 secun-

240 689 334 723 dum
369 686 427 723 sui
469 685 750 722 excellenciam
785 695 945 734 oportet
984 686 1218 734 impendere
1249 687 1339 734 plus
1378 687 1554 733 honoris,

240 758 329 782 cum
370 744 448 781 sint
487 743 669 781 Christus
709 753 829 792 atque
868 744 1037 781 ecclesia
1082 744 1189 781 iuxta
1234 745 1331 781 illud
1372 745 1555 794 Apostoli

240 803 386 851 Ephes.
409 804 477 847 VO,
505 802 576 838 32:
600 802 688 838 Hoc
710 810 997 839 sacramentmn
1022 816 1208 853 magnum
1232 810 1299 849 est,
1333 816 1405 854 ego
1429 811 1555 840 autem

187 872 225 893 10
241 861 325 897 dico
357 861 393 896 in
422 860 577 897 Christo
610 868 644 896 et
676 861 848 905 ecclesia,
882 869 918 897 et
952 863 1002 897 IIa
1033 863 1125 897 Cor.
1159 862 1244 906 X10‚
1280 871 1323 897 2:
1357 862 1560 911 Despondi

242 932 309 956 vos
341 919 405 954 uni
436 919 519 955 viro
552 918 743 968 virginem
775 926 920 955 castam
955 919 1139 955 exhibere
1177 919 1345 956 Christo.
1380 919 1558 956 Ecclesia

240 977 376 1025 itaque
410 985 468 1013 est
500 985 581 1013 tam
615 978 736 1013 verbo
770 990 891 1025 quam
926 989 1047 1025 opere
1080 977 1272 1025 precipue
1305 978 1557 1023 honoranda,

241 1048 323 1072 non
367 1035 504 1082 lingua
549 1035 610 1071 vel
656 1035 810 1083 lapides
854 1036 922 1071 sed
968 1044 1089 1083 caput
1135 1035 1302 1072 ecclesie
1347 1037 1455 1084 quod
1501 1045 1558 1072 est

242 1093 425 1131 Christus
459 1101 496 1129 et
529 1093 662 1129 devoti
695 1093 831 1130 fideles
861 1094 909 1130 de
943 1102 1094 1142 quanto
1128 1102 1219 1130 sunt
1254 1093 1336 1130 eius
1361 1095 1556 1130 membra.

190 1153 225 1184 15
299 1153 355 1187 Ex
394 1164 473 1199 quo
512 1160 622 1199 patet
663 1152 770 1200 quod
811 1151 909 1187 illud
950 1153 1185 1188 mandatum
1220 1164 1260 1188 se
1300 1151 1474 1189 extendit
1507 1153 1557 1188 ad

243 1210 525 1247 honorandum
560 1209 822 1246 effectualiter
845 1222 985 1246 omnes
1009 1210 1133 1246 iustos
1157 1219 1193 1246 et
1217 1222 1286 1258 per
1309 1222 1557 1259 consequens

244 1269 294 1305 ad
327 1267 576 1315 diligendum
611 1280 751 1304 01111165
784 1268 988 1316 proximos
1028 1277 1111 1304 tam
1144 1268 1296 1305 amicos
1329 1281 1451 1317 quam
1485 1268 1558 1304 ini-

245 1325 382 1362 micos.
423 1327 524 1362 Cum
559 1326 664 1361 enim
698 1335 782 1362 tota
816 1326 983 1363 ecclesia
1018 1335 1145 1363 mater
1178 1336 1317 1363 nostra
1350 1326 1399 1363 sit
1432 1339 1557 1363 unum

245 1396 390 1432 corpus
431 1396 473 1420 ex
507 1383 672 1420 diversis
711 1384 901 1420 membris
940 1384 1117 1421 caritatis
1156 1384 1315 1421 vinculo
1356 1384 1560 1433 compagi-

187 1454 230 1475 20
244 1451 398 1487 natum,
441 1441 671 1490 quicunque
705 1442 885 1479 dilexerit
923 1455 1115 1491 sponsum
1151 1443 1315 1480 ecclesie
1349 1443 1559 1480 dominum

244 1502 377 1537 Jesum
413 1500 633 1547 Christum,
672 1500 810 1548 diliget
843 1513 1033 1548 sponsam
1074 1514 1150 1549 que
1184 1510 1242 1538 est
1275 1514 1355 1538 una
1387 1514 1560 1549 persona

247 1571 337 1595 cum
363 1558 523 1595 Christo
548 1567 584 1594 et
607 1571 677 1606 per
701 1571 949 1607 consequens
973 1559 1182 1607 quodlibet
1212 1559 1295 1596 eius
1320 1560 1560 1605 membrum,

152 1595 231 1671 {flii
249 1626 285 1653 et
318 1630 409 1653 cum
449 1629 589 1653 omnes
623 1616 774 1653 inimici
815 1617 981 1654 ecclesie
1013 1617 1090 1654 sint
1120 1614 1123 1670 J
1154 1619 1258 1654 bona
1292 1631 1362 1654 sua
1395 1630 1466 1666 per
1498 1631 1562 1654 ac—

152 1671 184 1676 *
249 1675 384 1711 cidens
417 1674 490 1711 sibi
514 1674 640 1722 utilia,
677 1676 793 1712 debet
817 1675 982 1723 diligere
1004 1688 1143 1712 omnes
1173 1675 1358 1712 inimicos
1382 1675 1561 1722 ecclesie,

191 1734 231 1766 25
250 1733 343 1782 quia
376 1746 457 1769 non
480 1734 651 1770 honorat
676 1742 846 1770 matrem
871 1747 983 1771 suam
1018 1734 1085 1782 qui
1119 1736 1270 1770 bonum
1306 1734 1390 1770 eius
1413 1734 1562 1779 oderit3

251 1793 358 1840 quod
403 1793 554 1827 bonum
596 1801 652 1827 est
689 1791 729 1828 in
768 1801 849 1828 tam
892 1791 1121 1841 propinqua
1161 1792 1432 1840 disposicione
1471 1805 1563 1829 con-

244 1849 344 1886 verti
389 1851 439 1885 ad
481 1848 698 1885 Dominum
743 1859 780 1886 et
819 1851 868 1886 ad
909 1852 1037 1886 Deum
1080 1859 1116 1886 et
1161 1850 1389 1898 proximum
1431 1850 1563 1887 debite

248 1907 509 1956 diligendum.
550 1909 598 1943 Et
631 1916 673 1943 ut
705 1908 755 1944 sit
792 1908 1001 1944 nobiscum
1039 1908 1142 1944 filius
1176 1908 1247 1944 Dei
1282 1908 1493 1956 adoptivus
1527 1918 1564 1944 et

247 1967 361 2002 heres
394 1965 505 2014 regni
540 1965 708 2011 celestis,
743 1966 864 2014 igitur
898 1966 1072 2003 finaliter
1106 1976 1142 2003 et
1172 1976 1471 2015 perseveranter
1503 1979 1564 2002 ex-

191 2027 233 2059 30
248 2025 459 2061 tendamus
483 2023 692 2060 caritatem
726 2033 903 2061 nostram
941 2026 990 2061 ad
1015 2024 1223 2061 dominum
1249 2033 1431 2061 nostrum
1458 2038 1565 2060 sum-

249 2095 358 2119 mum
393 2083 542 2118 bonum
585 2082 798 2129 cogitabile
832 2095 951 2130 super
983 2082 1120 2119 onmia
1159 2083 1411 2130 diligendum
1445 2092 1482 2119 et
1515 2084 1564 2119 ad

250 2140 466 2178 efficaciter
507 2140 754 2188 diligendum
800 2141 1004 2189 proximos
1043 2150 1203 2178 nostros
1248 2150 1291 2177 ut
1331 2154 1403 2177 nos
1442 2141 1563 2189 ipsos,

249 2212 330 2236 non
370 2199 500 2235 solum
536 2198 673 2247 lingua
705 2200 775 2235 sed
814 2212 936 2247 opere
971 2208 1008 2235 et
1040 2199 1221 2236 veritate.
1262 2202 1311 2235 Et
1344 2208 1439 2235 tunc
1473 2212 1563 2236 cum

250 2259 356 2293 Deus
389 2256 439 2293 sit
472 2256 631 2303 caritas,
666 2266 708 2293 ut
742 2256 887 2294 dicitur
920 2259 952 2293 1²¹
985 2258 1071 2294 Joh.
1106 2259 1192 2305 IV0,
1224 2259 1290 2294 16:
1331 2258 1409 2306 Qui
1439 2265 1566 2294 manet

194 2317 233 2350 35
251 2316 286 2351 in
320 2315 481 2351 caritate
513 2315 549 2351 in
572 2316 657 2351 Deo
690 2323 816 2351 manet
847 2323 882 2352 et
905 2316 1011 2352 Deus
1043 2316 1079 2351 in
1112 2328 1167 2359 eo,
1200 2316 1249 2352 sit
1272 2329 1365 2363 ergo
1389 2316 1428 2352 in
1451 2315 1566 2352 nobis

251 2385 507 2421 perseverans
531 2373 689 2410 habitus
713 2373 891 2410 caritatis
915 2382 952 2410 et
975 2387 1056 2409 non
1081 2383 1137 2410 est
1160 2374 1446 2422 compossibile
1469 2374 1567 2422 quin

252 2431 291 2467 in
313 2431 429 2467 nobis
462 2431 511 2467 sit
535 2434 639 2467 Deus
674 2444 744 2479 per
767 2431 944 2479 graciam
980 2441 1017 2468 et
1039 2444 1112 2468 nos
1145 2432 1185 2467 in
1209 2432 1296 2480 ipso
1332 2444 1566 2469 maneamus

252 2502 273 2525 a
306 2502 385 2538 quo
419 2489 557 2525 habitu
591 2489 769 2526 caritatis
802 2489 833 2526 si
866 2503 947 2526 non
981 2489 1244 2526 ceciderimus
1284 2490 1322 2526 in
1354 2490 1429 2536 via,
1476 2503 1565 2527 cum

252 2547 340 2596 ipso
373 2549 457 2583 Deo
490 2547 722 2584 eternaliter
754 2548 1091 2597 conregnabimus
1123 2548 1164 2584 in
1198 2548 1338 2596 gloria.

323 2738 352 2761 Δ1.
373 2729 418 2755 A:
439 2728 561 2763 triplex.
617 2729 640 2756 5.
656 2730 701 2756 A:
722 2732 822 2757 utrum
847 2738 902 2762 ue;
922 2730 963 2757 ib.
978 2729 1051 2757 DG:
1073 2729 1160 2757 debet
1178 2733 1207 2756 et
1226 2732 1357 2765 oportet.
1416 2738 1456 2757 10.
1475 2730 1517 2756 G:
1540 2733 1571 2757 et

253 2763 382 2804 ecclesia
403 2763 502 2790 twice.
590 2764 629 2790 18
650 2765 694 2791 A:
718 2763 792 2802 Cum
843 2765 954 2804 omini..
1031 2772 1070 2792 21.
1094 2764 1138 2792 G:
1159 2765 1276 2801 diligit.
1363 2764 1404 2804 ².5·
1426 2765 1468 2792 D:
1491 2764 1566 2792 odil.

254 2805 298 2832 27.
321 2797 392 2825 Dc:
415 2801 444 2824 et
461 2797 502 2825 ad
515 2806 711 2837 proxumam,-
731 2800 771 2826 ib.
787 2799 862 2839 AGJ
883 2800 983 2839 qicbzte
1002 2799 1096 2826 deest.
1165 2798 1209 2826 30.
1230 2800 1275 2827 A:
1298 2800 1452 2839 dommum
1473 2799 1566 2826 deest.

254 2831 294 2860 31.
315 2832 388 2859 DG:
415 2840 509 2867 super
528 2841 616 2860 vlam.
707 2832 750 2861 35.
773 2833 814 2861 D:
843 2837 953 2869 zgztur.
1044 2833 1089 2867 39.
1112 2834 1185 2861 DG:
1214 2834 1297 2870 quod
1316 2836 1402 2862 nobzs
1421 2833 1571 2862 concedat

249 2867 323 2903 pius
342 2866 424 2895 Deus
445 2867 498 2900 (Dz
519 2867 679 2902 Dominus,
699 2868 813 2903 Amen).

1600 464 1642 491 So
1663 464 1727 491 also
1748 469 1808 491 two

1636 499 1726 526 kinds
1746 500 1781 527 of

1638 539 1777 574 pai'eiits;

1597 570 1736 605 spiritual
1758 570 1817 596 and

1649 605 1762 633 carnal.

1671 1162 1750 1190 This

1585 1198 1838 1225 commandment

1580 1233 1647 1260 bids
1669 1241 1704 1259 115
1724 1232 1791 1259 Iove
1811 1232 1849 1259 al!

1673 1275 1752 1294 men.
