2062 3276
171 276 218 309 14

234 383 365 412 Christ's

201 420 350 457 language
370 417 396 444 is

187 456 356 482 fiam-anve,
376 459 410 478 as

202 476 265 516 31:11
285 496 325 514 on
346 487 395 514 the

214 522 385 551 Eucharist.

164 790 287 819 Parallel
300 790 436 817 between

163 827 212 853 tlte
232 833 334 852 πνοι-5
355 832 388 850 as
407 828 437 849 to

168 860 300 888 Christ's
320 858 432 886 double

207 900 313 922 nature
333 893 391 920 and

257 930 345 956 those

173 964 359 998 concerning
379 963 428 989 tlte

261 1000 339 1026 host.

224 1956 247 1983 lt
267 1955 293 1982 is
313 1962 386 1981 even

182 1989 343 2025 suggested
364 1989 428 2015 that

193 2026 242 2052 the
264 2026 410 2052 elements

191 2069 239 2087 are
262 2058 412 2087 recreated

208 2096 283 2122 aster
304 2094 393 2127 being

190 2128 356 2166 destroyed
376 2128 412 2162 by

190 2167 412 2191 consecration.

744 269 967 301 JOHANNIS
986 269 1169 300 WYCLIF
1190 268 1446 300 SERMONUM
1549 256 1701 311 [SERMO
1722 267 1758 295 II.

453 375 642 423 magister
674 373 844 411 diceret:
877 375 979 411 Volo
1019 383 1061 410 ut
1095 387 1176 410 non
1207 375 1337 411 solum
1372 376 1512 412 credas
1547 377 1653 424 quod
1687 389 1759 424 ego

451 446 539 470 sum
572 445 687 470 verus
720 435 826 469 Deus
867 441 903 469 et
947 445 1063 469 verus
1110 433 1245 479 homo,
1291 441 1334 469 ut
1379 442 1497 469 antea
1541 433 1759 479 credidisti,

451 493 520 528 sed
564 491 784 528 leccionem
835 490 954 527 aliam
995 499 1033 527 te
1079 492 1246 537 docebo,
1293 503 1383 527 cum
1429 504 1501 538 ego
1546 504 1633 527 sum
1678 500 1759 528 tam

451 549 673 597 corporalis
706 561 825 597 quam
859 548 1078 596 spiritualis
1112 547 1360 585 resurreccio
1394 557 1515 597 atque
1548 549 1640 586 vita.
1683 549 1759 586 Ubi

453 607 660 644 manifeste
694 608 861 644 docetur
897 608 956 654 (ut
989 619 1082 654 sepe
1117 606 1232 652 alias)
1277 606 1508 655 predicacio
1542 608 1760 643 secundum

452 665 730 702 habitudinem
765 664 844 701 sive
878 677 1062 710 causam3
1112 677 1232 713 quam
1271 664 1424 701 utinam
1468 665 1633 701 heretici
1668 665 1762 701 defi-

452 723 601 760 cientes
634 722 673 759 in
707 723 783 759 fide
816 722 1041 758 Eukaristie
1074 723 1163 770 plus
1194 731 1394 759 notarent.

510 781 621 817 Sicut
644 780 748 817 enim
774 780 954 817 Christus
979 789 1035 817 est
1059 781 1229 816 duarum
1258 789 1494 817 naturarum
1524 789 1696 829 utraque
1726 789 1762 817 et

452 838 615 876 heretici
640 838 744 875 circa
768 838 850 874 eius
874 851 1087 886 personam
1105 838 1317 887 dupliciter
1340 847 1541 884 errarunt,
1565 839 1620 875 sic
1644 848 1701 875 est
1723 838 1763 874 in

454 896 621 934 materia
654 898 701 933 de
734 905 989 933 sacramento
1029 896 1179 933 altaris.
1235 896 1409 942 Quidam
1452 896 1556 933 enim
1598 896 1760 933 heretici

452 963 673 1003 posuerunt
689 954 894 991 Christum
919 967 1002 991 esse
1024 967 1160 991 verum
1179 957 1305 991 Deum
1329 955 1389 991 vel
1413 955 1596 1003 angelum
1623 963 1659 991 et
1681 967 1762 991 non

451 1013 656 1049 hominem
680 1012 760 1049 sive
783 1025 928 1061 corpus
952 1013 1021 1049 sed
1050 1012 1312 1061 assumpsisse
1336 1025 1481 1061 corpus
1505 1012 1759 1049 fantasticum

451 1072 500 1107 ad
520 1070 902 1107 communicandum
920 1083 1010 1107 cum
1027 1070 1267 1107 hominibus.
1291 1070 1370 1106 Alii
1386 1079 1519 1107 autem
1536 1070 1762 1107 sensibilius

451 1129 706 1165 crediderunt
745 1130 853 1177 quod
886 1128 1067 1165 Christus
1106 1128 1242 1165 fuisset
1281 1141 1371 1165 vere
1410 1138 1447 1165 et
1487 1141 1585 1177 pure
1625 1130 1760 1174 homo,

450 1186 506 1223 sic
530 1188 638 1235 quod
671 1199 751 1222 non
774 1188 879 1223 Deus
902 1187 962 1223 vel
996 1186 1148 1234 aliquid
1181 1195 1324 1223 natura
1357 1187 1533 1223 humana
1566 1186 1761 1235 superius.

450 1244 498 1280 Et
548 1244 913 1293 proporcionaliter
956 1246 1025 1280 sed
1077 1244 1235 1292 gravius
1286 1244 1459 1281 delirant
1509 1244 1673 1281 heretici
1724 1244 1763 1280 in

452 1302 619 1339 materia
665 1304 712 1339 de
745 1301 985 1348 Eukarisffia,
1032 1310 1074 1337 ut
1120 1301 1174 1338 hii
1220 1302 1469 1338 recenciores
1514 1302 1679 1339 heretici
1726 1311 1763 1338 et

453 1361 541 1408 plus
575 1360 790 1408 periculosi
823 1361 991 1397 credunt
1024 1361 1131 1408 quod
1166 1372 1311 1408 corpus
1345 1359 1494 1397 Christi
1528 1359 1577 1396 sit
1611 1360 1651 1396 in
1683 1360 1761 1396 situ

450 1417 706 1464 sacramenti,
751 1419 820 1454 sed
852 1417 983 1466 ipsum
1018 1427 1316 1454 sacramentum
1350 1419 1517 1454 credunt
1557 1431 1638 1454 non
1678 1430 1760 1454 esse

452 1488 597 1524 corpus
642 1476 900 1513 fantasticum
945 1477 1013 1512 sed
1058 1489 1181 1512 unum
1227 1475 1413 1512 accidens
1452 1476 1536 1512 sine
1579 1475 1761 1512 subiecto

451 1535 574 1582 (quod
597 1533 793 1579 nesciunt)
832 1533 912 1570 sive
945 1533 1062 1579 nihi13
1097 1543 1133 1570 et
1158 1543 1449 1582 consequenter
1471 1534 1762 1571 necessitantur

451 1591 683 1640 sompniare
728 1593 844 1640 plura
889 1591 1117 1637 mendacia3
1164 1605 1253 1628 cum
1296 1601 1430 1628 autem
1469 1592 1762 1628 necessitantur

451 1651 671 1687 concedere
696 1650 1015 1687 destruccionem
1040 1650 1102 1686 vel
1126 1650 1370 1686 desicionem
1396 1650 1614 1686 materialis
1633 1662 1762 1686 essen-

451 1708 523 1754 cie,
559 1708 712 1756 fingunt
745 1709 853 1757 quod
876 1717 961 1744 tota
986 1707 1162 1744 essencia
1187 1708 1352 1745 materie
1387 1721 1507 1756 quam
1532 1710 1638 1744 Deus
1673 1721 1762 1756 pro-

452 1765 561 1802 duxit
594 1766 634 1802 in
668 1766 807 1802 mundi
840 1765 1039 1814 principio
1087 1774 1123 1802 et
1167 1766 1367 1803 ordinavit
1412 1778 1495 1802 esse
1526 1774 1761 1814 perpetuam
1803 1769 1815 1801 ζ

453 1833 489 1860 et
533 1823 879 1872 incorruptibilem
920 1824 1003 1860 sine
1037 1836 1155 1860 causa
1188 1824 1256 1861 illa
1299 1824 1529 1872 (inquiunt),
1571 1825 1618 1860 de
1650 1832 1762 1860 tanto

454 1881 569 1918 desiit
614 1891 807 1930 quantum
854 1891 1106 1930 assumptum
1154 1891 1210 1918 est
1258 1883 1305 1918 de
1349 1895 1452 1931 pane
1495 1882 1555 1918 vel
1592 1881 1685 1918 vino
1724 1881 1763 1917 in

455 1952 600 1988 corpus
635 1940 797 1976 Domini
829 1941 890 1976 vel
922 1939 1157 1988 sanguinem
1193 1942 1521 1976 convertendum.
1576 1942 1623 1976 Et
1668 1949 1762 1975 tunc

455 1997 695 2034 difficultant
727 1997 894 2034 ulterius
928 1997 1197 2046 sompniando
1230 2007 1363 2034 utrum
1398 1998 1512 2046 panis
1552 2007 1588 2034 et
1627 1997 1761 2033 vinum

455 2055 587 2092 statim
635 2064 867 2093 recreentur
912 2064 1001 2104 post
1049 2055 1396 2093 consecracionem
1447 2056 1508 2092 vel
1556 2064 1763 2104 expectent

454 2113 672 2150 accidentis
718 2113 910 2161 incogniti
955 2113 1263 2162 corrupcionem
1307 2115 1367 2150 vel
1400 2114 1523 2150 tercio
1558 2121 1762 2161 expectent

454 2171 751 2208 recreacionem
786 2171 825 2207 in
859 2172 922 2207 die
954 2171 1105 2217 iudicii,
1142 2171 1248 2219 quia,
1290 2171 1381 2208 licet
1415 2171 1595 2208 Christus
1628 2179 1762 2219 posset

453 2232 509 2273 (ut
534 2228 735 2279 inquiunt)
771 2242 870 2277 eque
901 2242 991 2266 vere
1025 2242 1109 2266 esse
1141 2231 1214 2265 sub
1238 2242 1340 2278 pane
1367 2238 1403 2265 et
1426 2229 1518 2265 vino
1541 2230 1760 2265 secundum

454 2298 599 2334 corpus
632 2299 747 2323 suum
783 2297 819 2323 et
852 2287 1086 2335 sanguinem
1130 2287 1212 2335 (qui
1252 2287 1302 2323 ibi
1337 2287 1467 2323 solum
1500 2286 1762 2335 spiritualiter

453 2343 652 2392 existunt),
698 2353 834 2381 tamen
878 2347 927 2382 ad
969 2345 1195 2382 faciendum
1240 2344 1292 2381 ibi
1347 2345 1474 2382 maius
1522 2345 1759 2381 miraculum

453 2401 621 2438 destruit
653 2404 713 2438 vel
745 2402 965 2439 annichilat
1004 2403 1089 2451 ipsa
1123 2416 1295 2451 corpora
1328 2412 1364 2439 et
1396 2402 1489 2439 facit
1523 2402 1763 2439 miraculose

453 2458 539 2507 ipsa
571 2459 802 2496 accidencia
836 2473 905 2508 per
937 2473 978 2497 se
1011 2473 1107 2497 esse.
1158 2460 1280 2498 Cuius
1312 2461 1458 2497 somnii
1492 2473 1654 2497 causam
1690 2472 1762 2508 ego

523 2589 547 2608 2.
568 2582 610 2609 A:
638 2582 695 2608 sim
715 2581 797 2608 Deus
816 2589 905 2608 verus
925 2585 953 2609 et
972 2582 1070 2609 homo.
1178 2581 1204 2609 3.
1226 2590 1309 2610 cum:
1334 2582 1357 2609 E
1378 2582 1406 2609 in
1430 2591 1526 2617 marg.
1547 2591 1643 2609 corr.:
1671 2582 1761 2618 quod.

453 2618 480 2643 8.
504 2616 526 2643 1›
548 2616 576 2643 in
594 2624 707 2651 marg:
735 2615 813 2643 Nola
836 2617 874 2643 de
891 2620 1086 2644 sacramento
1108 2615 1284 2644 Eukaristie
1310 2621 1341 2644 et
1364 2625 1452 2645 cave:
1478 2618 1517 2644 ib.
1540 2617 1606 2644 DE:
1634 2620 1764 2652 utraque

453 2652 547 2678 deest.
620 2660 649 2686 (J.
670 2651 708 2678 F:
730 2655 919 2678 erraverunt.
994 2659 1034 2678 ιο.
1055 2651 1123 2678 DE:
1145 2652 1182 2678 de
1201 2652 1350 2681 materiffl·
1370 2652 1410 2678 ib.
1431 2652 1455 2678 E
1476 2652 1505 2678 iu
1527 2660 1641 2686 marg:
1664 2650 1764 2678 Error

453 2687 491 2712 de
511 2684 652 2716 Christo:
678 2685 717 2712 ib.
739 2685 807 2712 DE:
836 2685 967 2720 Quidam
987 2689 1098 2721 aulem.
1179 2685 1213 2712 15.
1236 2685 1304 2712 DE:
1334 2686 1379 2713 vel
1398 2687 1491 2713 deest.
1574 2693 1616 2713 22.
1639 2685 1707 2712 DE:
1736 2689 1765 2712 et

452 2723 596 2755 quantum
625 2720 797 2747 necessilal.
939 2718 982 2746 223.
1011 2720 1053 2747 lt:
1083 2720 1130 2747 vel
1158 2720 1356 2747 dicisionem:
1386 2720 1426 2747 E:
1459 2721 1540 2747 alias
1569 2720 1760 2747 desicicmem.

452 2763 498 2788 24.
529 2755 552 2782 E
582 2754 610 2781 iu
642 2762 754 2789 marg:
786 2753 830 2780 De
858 2752 1049 2781 Eukarislia.
1078 2753 1168 2781 Nota.
1311 2755 1356 2782 ¹243.
1388 2754 1455 2781 DE:
1489 2755 1527 2781 de
1554 2758 1637 2781 tanto
1667 2754 1761 2781 deest.

452 2798 494 2825 27.
516 2789 555 2816 F:
580 2793 724 2824 quantum
745 2789 841 2815 twice.
949 2789 993 2815 25.
1016 2788 1083 2816 DE:
1112 2793 1139 2816 et
1159 2788 1252 2815 deest.
1360 2788 1405 2815 h'o.
1427 2792 1623 2819 recreentur:
1650 2788 1686 2815 1³:
1715 2797 1761 2815 re-

452 2827 615 2855 creantur:
636 2824 658 2850 E
677 2824 705 2850 in
729 2831 842 2857 marg:
865 2827 1064 2850 revertentur.
1140 2822 1181 2850 33.
1203 2823 1246 2850 D:
1267 2831 1343 2858 eque
1363 2823 1484 2850 videtur
1503 2832 1579 2850 esse.
1651 2822 1698 2856 34.
1720 2823 1759 2850 F:

452 2867 510 2894 que
529 2859 572 2886 ibi
589 2858 694 2885 solum.
776 2857 816 2886 35.
840 2857 932 2885 DEF:
961 2858 1080 2894 magis:
1105 2857 1129 2884 E
1149 2866 1227 2885 corr.
1250 2857 1279 2884 in
1303 2866 1415 2892 marg:
1442 2858 1550 2885 maius.
1623 2856 1670 2885 36.
1692 2857 1760 2885 DE:

452 2894 648 2921 miraculosa.

1783 911 1820 932 10

1784 1190 1819 1222 15

1779 1489 1821 1511 ’.ΞΟ

1780 2060 1795 2092 3
1800 2070 1821 2089 o
