2062 3276
153 262 229 297 380

178 382 282 410 Christ
302 383 328 410 is
350 383 399 410 the

155 418 325 453 sheplierd;
348 425 417 445 inan

161 454 210 480 tlte
231 454 290 481 lost
310 454 412 488 sheep.

155 1254 222 1282 The
243 1261 281 1288 09
304 1258 357 1280 not
371 1253 430 1280 lost

156 1298 205 1316 are
226 1289 275 1315 the
290 1297 306 1322 ‹j›
323 1288 430 1315 orders

212 1324 246 1351 of
262 1324 377 1358 angels.

729 267 952 298 JOHANNIS
972 265 1154 296 WYCLIF
1175 264 1428 296 SERMONUM
1455 250 1604 308 [SERMO
1627 260 1748 287 XLVII.

499 376 551 409 Ex
594 386 673 422 qua
712 373 903 421 parabola
943 371 1102 408 Christo
1147 372 1195 407 ad
1237 370 1489 419 propositum
1536 369 1750 417 applicata,

442 444 532 468 cum
556 432 605 468 sit
639 444 681 467 ex
703 431 851 477 Judeis,
877 429 1056 467 Christus
1086 438 1296 466 excusatur
1328 441 1350 464 a
1374 426 1747 464 communicacione

442 503 531 526 cum
565 489 862 538 peecatoribus3
896 488 978 525 ovis
1011 488 1166 536 perdita
1201 486 1392 523 excitatur
1424 487 1473 522 ad
1507 485 1749 533 diligendum

442 549 660 584 salvantem
693 547 820 596 ipsam
847 547 885 583 in
917 546 997 583 suis
1021 545 1215 589 humeris3
1251 553 1286 580 et
1309 544 1517 580 induratus
1541 552 1752 580 accusatur

442 618 485 642 ex
518 605 744 654 proditoria
777 605 1006 642 defensione
1041 604 1164 652 partis
1198 602 1391 639 demonis.
1433 601 1585 638 Mistice
1618 610 1750 638 autem
1770 604 1785 635 5

442 665 561 700 homo
594 664 667 700 iste
700 673 757 700 est
790 663 977 700 dominus
1008 665 1119 698 Jesus
1152 661 1344 705 Christus,
1380 662 1427 697 de
1460 673 1538 708 quo
1572 659 1752 707 proxima

443 722 646 759 dominica
687 722 836 758 dictum
883 730 939 757 est
979 722 1086 768 quod
1132 719 1221 756 fecit
1262 731 1400 755 cenam
1441 730 1643 765 magnam,
1689 717 1752 753 cui

442 783 547 817 Deus
581 790 692 828 pater
724 779 887 816 tradidit
921 787 1078 815 centum
1112 790 1217 823 oves,
1258 778 1330 813 hoc
1365 786 1421 813 est
1454 776 1751 812 universitatem

443 838 621 875 fidelium
646 848 854 886 tamquam
889 849 1033 884 corpus
1057 835 1140 872 eius
1175 835 1376 871 misticum
1401 844 1436 871 et
1460 836 1607 870 nedum
1630 832 1754 882 possi-

443 898 613 933 dendam
648 897 716 932 sed
750 895 973 944 capitaliter
1005 895 1306 942 gubernandam
1339 894 1560 929 secundum
1594 904 1753 928 sensum
1775 904 1813 924 10

444 965 480 991 et
522 964 688 991 motum.
736 956 830 990 Pars
871 962 1002 989 autem
1044 951 1208 988 humani
1248 951 1402 999 generis
1441 951 1665 998 ingrossata
1699 958 1755 986 est

444 1013 526 1049 ovis
551 1012 779 1059 centesima,
805 1024 881 1060 que
905 1011 1036 1047 exiens
1061 1011 1108 1046 ab
1132 1009 1371 1046 invitacione
1394 1010 1442 1045 ad
1468 1008 1754 1045 beatitudinem

445 1071 600 1118 erravit,
641 1070 744 1107 sicut
776 1071 857 1106 ovis
889 1081 959 1118 qne
994 1069 1183 1118 perierat.
1226 1069 1340 1104 Unde
1373 1067 1553 1104 Christus
1592 1077 1754 1103 necesse
1773 1091 1847 1122 FO]-

445 1130 582 1166 habuit
605 1141 753 1177 ponere
777 1128 953 1165 animam
978 1139 1090 1163 suam
1109 1139 1179 1174 pro
1209 1123 1212 1178 1
1242 1138 1312 1162 ove
1328 1126 1496 1174 perdita,
1521 1125 1616 1173 quia
1640 1124 1754 1161 aliter
1773 1135 1852 1171 331⁶

446 1201 537 1224 cum
570 1187 731 1236 paribus
764 1200 845 1223 non
878 1187 1098 1222 salvaretur
1133 1183 1265 1220 divina
1300 1183 1467 1220 iusticia.
1776 1184 1812 1215 15

504 1245 664 1282 Dimisit
698 1257 791 1292 ergo
816 1243 995 1281 Christus
1028 1242 1245 1290 nonaginta
1269 1255 1424 1287 novem,
1459 1243 1533 1278 hoc
1567 1249 1636 1286 est,
1670 1239 1756 1276 uni-

446 1304 672 1341 versitatem
717 1316 858 1339 novem
904 1301 1092 1338 ordinum
1138 1300 1372 1348 angelorum
1419 1300 1459 1336 in
1505 1300 1602 1345 celo,
1648 1299 1755 1346 quod

446 1362 592 1398 dicitur
616 1364 830 1407 desertum,
865 1360 958 1409 quia
982 1359 1097 1395 multi
1120 1358 1249 1395 vocati
1274 1358 1404 1406 ipsum
1428 1360 1629 1403 deserunt,
1663 1356 1756 1404 quia

446 1420 620 1457 alienum
661 1429 716 1456 est
756 1421 804 1456 ab
844 1417 1080 1467 impulsibus
1118 1416 1457 1453 tumultuancium
1497 1425 1533 1452 et
1567 1415 1660 1464 quia
1698 1427 1758 1450 ar-

447 1481 576 1525 bores,
622 1479 742 1514 herbe
782 1486 818 1513 et
859 1476 982 1513 bestie
1022 1475 1311 1523 imperturbate
1350 1475 1389 1511 in
1427 1473 1585 1523 pascuis
1626 1482 1757 1510 eterne
1775 1485 1817 1506 20

447 1536 657 1573 viriditatis
691 1535 745 1572 ibi
778 1535 944 1583 pacifice
977 1533 1218 1570 nutriuntur.
1261 1535 1309 1569 Et
1343 1532 1546 1570 descendit
1573 1533 1626 1567 'de
1666 1530 1758 1567 celis

449 1607 654 1632 assumens
700 1603 883 1630 naturam
929 1591 1163 1638 sanabilem,
1211 1604 1332 1639 quam
1371 1590 1519 1627 invenit
1563 1590 1603 1626 in
1643 1590 1759 1625 beata

448 1653 611 1701 virgine,
646 1665 765 1700 quam
790 1651 964 1700 portavit
987 1649 1027 1686 in
1051 1649 1240 1695 humeris,
1274 1650 1436 1698 quando
1458 1650 1579 1685 verba
1604 1646 1759 1684 virtutis

450 1721 583 1748 eterne
616 1710 789 1759 portavit
822 1708 1114 1745 humanitatem
1149 1716 1396 1756 assumptam
1429 1706 1594 1755 triginta
1634 1704 1759 1741 tribus

450 1769 575 1815 annis,
612 1768 811 1804 instruens
838 1769 1019 1804 membra
1042 1779 1133 1811 sua;
1167 1775 1203 1802 et
1228 1767 1303 1802 hoc
1329 1765 1421 1802 fecit
1443 1766 1632 1813 gaudens,
1667 1762 1759 1811 quia
1777 1765 1816 1797 25

449 1827 638 1864 exultavit
672 1834 710 1862 ut
742 1827 860 1877 gigas
892 1827 943 1861 ad
975 1825 1208 1861 currendmn
1233 1824 1347 1871 viam,
1372 1824 1532 1860 Psalmo
1555 1823 1710 1864 XV1110‚
1737 1822 1758 1857 6

451 1895 487 1922 et
527 1888 687 1922 demum
730 1884 768 1920 in
807 1883 984 1920 humeris
1025 1881 1198 1931 portavit
1232 1894 1390 1918 crucem
1432 1894 1508 1930 que
1541 1880 1612 1917 fuit
1650 1879 1761 1916 recli—

450 1943 654 1980 natorium
694 1942 819 1991 precii
860 1951 896 1979 et
936 1941 1072 1990 pabuli
1111 1940 1194 1977 ovis
1234 1939 1388 1989 perdite
1429 1948 1464 1976 et
1497 1948 1588 1988 post
1628 1950 1762 1975 ascen-

452 2004 547 2038 dens
582 2001 801 2049 reportavit
834 2002 884 2037 ad
923 2000 1052 2036 celum
1087 2010 1391 2046 convocansque
1429 2010 1567 2034 omnes
1601 1997 1762 2044 angelos

452 2060 519 2109 qui
552 2068 644 2096 sunt
685 2058 760 2095 sibi
794 2058 913 2095 amici
948 2070 990 2094 ex
1025 2057 1190 2094 caritate
1230 2066 1267 2093 et
1298 2055 1417 2092 vicini
1451 2068 1495 2092 ex
1528 2054 1763 2103 propinqui-
1780 2067 1821 2088 50

452 2128 532 2154 tate
565 2127 719 2163 nature,
744 2117 837 2165 quia
860 2116 1049 2152 nimirum
1076 2116 1460 2163 congratulabantur
1482 2113 1515 2150 ei
1540 2126 1582 2149 ex
1616 2111 1762 2160 reperi-

453 2177 568 2213 cione
601 2175 756 2212 celestis
791 2174 899 2211 curie
932 2183 968 2210 et
1003 2173 1277 2221 complecione
1310 2171 1469 2208 socialis
1502 2170 1644 2207 leticie.

515 2236 568 2270 Ex
609 2234 683 2269 ista
717 2233 911 2281 parabola
949 2240 1059 2279 patet
1094 2231 1223 2278 primo
1257 2232 1364 2278 quod
1399 2229 1578 2265 Christus
1613 2236 1669 2264 est
1703 2240 1763 2264 ex—

454 2291 640 2329 cusabilis
674 2292 721 2327 de
746 2289 1118 2327 communicacione
1148 2302 1236 2325 cum
1262 2287 1552 2336 peccatoribus,
1588 2299 1633 2323 eo
1657 2287 1763 2334 quod

455 2350 598 2386 missus
634 2358 690 2385 est
724 2361 745 2384 a
779 2357 891 2396 patre
924 2349 975 2383 ad
1007 2359 1094 2383 oves
1126 2360 1196 2396 que
1224 2349 1424 2396 perierant
1457 2347 1592 2381 domus
1626 2345 1760 2380 Israel.
1781 2348 1819 2381 3¹5

512 2407 689 2444 Medicus
729 2407 863 2454 itaque
897 2405 1053 2442 celestis
1094 2405 1229 2441 debuit
1268 2404 1429 2441 visitare
1468 2405 1624 2451 egrotos
1664 2404 1764 2450 quos

455 2466 566 2503 scivit
610 2478 754 2514 capere
800 2464 1053 2501 medicinam.
1106 2466 1187 2499 Nec
1234 2472 1291 2499 est
1335 2462 1558 2498 timendum
1599 2460 1671 2497 sibi
1718 2462 1764 2496 de

457 2525 627 2570 macula,
663 2523 755 2572 quia
780 2536 870 2559 cum
905 2522 953 2559 sit
978 2525 1081 2558 Deus
1115 2534 1195 2558 non
1219 2520 1348 2569 potuit
1371 2519 1584 2568 inquinari.
1620 2519 1764 2564 Quoad

526 2702 545 2720 1.
568 2692 640 2719 nG:
661 2692 704 2719 ad
723 2692 816 2720 deest.
890 2699 904 2718 2
937 2691 978 2718 H:
1000 2692 1045 2718 sie
1064 2699 1110 2718 ex.
1184 2699 1210 2725 7.
1232 2691 1275 2717 A:
1297 2690 1390 2717 cuius.
1463 2689 1489 2716 8.
1513 2688 1558 2716 H:
1579 2696 1650 2715 oves
1670 2687 1764 2714 deest.

457 2736 489 2755 11.
512 2728 553 2754 D:
575 2728 761 2754 incrassata.
842 2725 879 2753 13.
901 2726 943 2753 H:
965 2726 1077 2753 erravi.
1158 2734 1198 2758 ιι.
1221 2726 1264 2752 A:
1286 2733 1340 2752 ove
1359 2725 1453 2752 deest.
1528 2731 1567 2758 17,
1590 2723 1628 2750 18.
1650 2724 1694 2750 A:
1715 2722 1768 2758 qui

455 2762 577 2789 dicitur.
657 2762 702 2788 26.
724 2760 798 2788 AG:
820 2760 928 2788 Psalm.
950 2760 1049 2787 Xl‘III
1065 2760 1164 2791 deest:
1186 2760 1227 2786 D:
1249 2760 1368 2787 Psalmo
1390 2758 1464 2786 Xll'.
1544 2758 1588 2786 30.
1611 2757 1655 2785 H:
1676 2758 1764 2784 viam.

456 2796 495 2831 31,
517 2796 557 2824 32.
580 2796 654 2823 DG:
677 2796 900 2830 reportacione.
974 2794 1016 2822 32.
1040 2795 1083 2822 G:
1105 2795 1242 2822 sacsalis.
1315 2793 1361 2821 38.
1382 2795 1426 2821 A:
1448 2794 1519 2820 Ideo
1540 2793 1591 2820 ad.

528 2891 580 2924 35.
608 2890 727 2922 Matth.
753 2891 793 2930 X,
821 2889 852 2921 6.
