2062 3276
185 902 220 923 10

184 1183 218 1213 ι’)

180 1482 220 1503 20

180 1762 217 1794 25

180 2052 221 2084 '30

146 2438 221 2470 Fol.

141 2485 220 2529 298⁰

236 259 373 289 SERMO
394 249 492 307 ναι]
717 263 908 302 QUARTA
936 263 1062 295 mas.
1790 258 1836 306 73

236 378 401 418 peccato
446 371 553 418 quod
598 369 833 406 commisisti
876 379 912 406 et
945 371 1060 418 longe
1095 371 1239 407 minori
1274 381 1467 420 perpetuo
1500 373 1551 408 sis
1581 379 1690 420 sayi-ng
1710 381 1775 408 that
1793 380 1833 409 its

237 430 498 476 dampnatus:
533 442 626 475 ergo
659 428 885 465 necessario
919 442 958 464 es
988 430 1283 477 dampnandus,
1309 439 1345 466 et
1369 432 1553 478 negando
1570 417 1842 479 willlcltilssiiiinehsiz.

239 486 434 522 minorem
469 499 608 534 gravas
641 486 712 522 tibi
747 486 913 531 crimen,
947 488 1098 523 addens
1133 487 1402 524 mendacium.
1438 489 1552 524 Multi

237 543 341 581 enirn
376 545 564 591 leguntur
596 544 636 580 in
668 544 867 592 scriptura
900 545 1108 593 dampnati
1142 545 1244 582 sicut
1279 547 1416 593 Caym,
1458 547 1554 582 Saul

237 611 273 638 et
307 602 426 638 ceteri
459 602 527 650 qui
561 602 692 638 minus
725 603 976 651 deliquerant
1022 617 1142 651 quam
1188 613 1229 640 tu
1275 604 1343 652 qui
1377 604 1554 640 crebrius

236 660 421 708 peccasti.
468 660 541 696 Hic
574 660 721 696 dicitur
766 662 936 708 dyabolo
981 663 1089 708 quod
1134 662 1300 709 replicat
1345 662 1553 710 nugatorie

236 727 465 755 commenta
499 718 696 754 mendacii
729 719 830 755 sicut
863 719 1006 767 primo.
1043 722 1142 756 Nam
1178 733 1221 756 ex
1252 720 1328 756 fide
1358 720 1554 768 scripture
1573 730 1629 758 We
1644 730 1844 771 answerjiim

236 789 354 812 nemo
389 776 677 824 dampnabitur
721 776 796 813 nisi
830 777 948 813 fuerit
984 777 1156 814 finaliter
1188 777 1430 826 impenitens
1463 791 1554 826 pec-
1571 766 1844 835 jssssflffgn‘i't'ssg'cg'ssffi]

237 835 365 871 cando
398 834 437 870 in
471 834 665 882 Spiritum
700 836 906 871 Sanctum.
953 837 1001 871 Et
1035 845 1191 872 constat
1224 849 1267 872 ex
1301 838 1440 873 eadem
1475 837 1552 872 fide
1658 836 1761 863 damn.

236 893 343 941 quod
377 892 483 928 istud
516 902 726 940 peccatum
761 902 818 929 est
852 893 1053 929 inlinitum
1088 894 1247 941 gravius
1270 908 1391 942 quam
1415 908 1555 942 pecca-

236 960 321 987 turn
367 950 531 999 aliquod
576 950 750 987 finaliter
793 951 1023 999 penitentis.
1079 954 1294 997 Quomodo
1340 966 1433 1001 ergo
1474 966 1554 988 non

236 1010 487 1045 erubesceret
522 1011 691 1045 mendax
735 1009 807 1046 iste
847 1011 954 1057 quod
988 1010 1171 1046 commisi
1215 1012 1331 1059 plura
1374 1012 1434 1047 vel
1478 1010 1555 1047 alia

238 1067 391 1103 maiora
424 1066 593 1103 crimina
626 1081 747 1115 quam
782 1069 1024 1116 dampnatus
1070 1068 1141 1105 iste
1186 1068 1254 1117 qui
1299 1082 1345 1105 eo
1389 1069 1475 1116 ipso
1515 1068 1554 1104 in

237 1125 431 1173 Spiritum
465 1126 657 1161 Sanctum
691 1125 747 1162 sic
781 1126 972 1174 peccavit.
1019 1128 1203 1174 Deponat
1244 1139 1337 1175 ergo
1372 1127 1554 1163 diabolus

237 1192 467 1220 commenta
512 1183 710 1220 mendacii
755 1193 791 1220 et
835 1193 962 1220 servet
1005 1184 1134 1221 viator
1178 1185 1312 1229 fidem,
1361 1198 1471 1233 spem
1518 1194 1554 1220 et

237 1241 447 1278 caritatem
481 1241 520 1277 in
545 1241 616 1278 Dei
650 1242 871 1278 ministerio
905 1242 1094 1279 continue
1118 1256 1209 1279 cum
1233 1243 1317 1279 istis
1341 1243 1554 1279 virtutibus

237 1312 496 1347 perseverans
530 1309 566 1335 et
600 1313 680 1336 non
714 1310 771 1337 est
804 1301 1085 1348 compossibile
1130 1303 1238 1349 quod
1272 1301 1450 1349 sophista
1483 1301 1555 1337 iste

237 1358 355 1394 faciat
388 1357 461 1394 sibi
496 1358 744 1394 evidenciarn
778 1367 819 1394 ut
853 1360 1047 1407 desperet.
1083 1360 1159 1395 Sed
1183 1359 1286 1396 sicut
1309 1373 1427 1396 nemo
1460 1359 1555 1395 ledi-
1583 1370 1675 1410 It‘wq
1693 1370 1833 1409 sqllhinto

236 1425 301 1452 tur
340 1415 415 1451 nisi
455 1416 614 1452 ledatur
652 1430 673 1452 a
706 1429 745 1452 se
790 1416 875 1464 ipso
921 1419 1157 1463 (secundum
1193 1406 1845 1475 Chrysostomum),degfsssssssgffigffl

237 1474 291 1510 sic
326 1486 444 1509 nemo
477 1474 582 1510 cadit
615 1474 655 1510 in
688 1475 1016 1522 desperacionem
1051 1476 1211 1512 finalem
1246 1476 1321 1512 nisi
1354 1476 1395 1512 in
1426 1476 1554 1524 ipsam

236 1532 387 1568 incidat
422 1544 466 1568 ex
499 1544 538 1568 se
571 1532 670 1580 ipso.
713 1533 791 1578 Qui
824 1533 930 1569 enim
964 1533 1056 1570 vixit
1088 1534 1211 1570 vitam
1246 1534 1433 1571 continue
1467 1547 1555 1583 per-

235 1602 389 1626 versam
424 1599 461 1626 et
494 1599 551 1626 est
584 1603 720 1638 expers
753 1591 836 1639 spei
870 1591 1128 1628 beatitudinis
1161 1592 1215 1628 sic
1245 1594 1448 1641 desperat3
1483 1604 1555 1630 nec

234 1648 350 1684 video
383 1650 587 1696 quomodo
621 1649 765 1696 aliquis
799 1649 913 1686 aliter
945 1650 1090 1697 poterit
1123 1652 1348 1699 desperare.

291 1706 509 1742 Volvamus
533 1719 626 1754 ergo
652 1707 769 1743 fidem
795 1707 990 1755 scripture
1014 1710 1219 1756 quomodo
1243 1709 1382 1755 David,
1400 1711 1553 1755 Petrus,
1594 1710 1828 1773 Gssssslfflesgyv

237 1765 383 1800 Paulus
437 1773 474 1800 et
516 1766 755 1812 Magdalena
807 1779 897 1802 cum
951 1766 1091 1802 ceteris
1143 1767 1340 1803 similibus
1384 1767 1556 1815 graviter
1577 1753 1843 1816 assgssppztigsseeun

235 1831 502 1870 peccaverunt
526 1832 562 1859 et
587 1825 692 1859 Deus
716 1836 758 1859 ex
792 1823 989 1860 infinitate
1022 1837 1090 1861 sue
1124 1825 1398 1862 misericordie
1432 1827 1556 1862 dona-

235 1880 289 1916 vit
322 1880 396 1916 illis
429 1882 597 1928 gradum
633 1881 891 1918 beatitudinis
925 1895 1044 1931 super
1085 1884 1231 1920 multos
1276 1885 1438 1932 angelos
1482 1897 1555 1932 pro

236 1938 311 1974 levi
357 1938 512 1978 merito,
558 1939 597 1975 in
643 1952 722 1987 quo
768 1940 940 1976 finaliter
984 1941 1257 1988 perstiterunt.
1312 1944 1414 1979 Cum
1460 1954 1554 1990 ergo

237 1998 343 2032 Deus
388 1996 437 2032 sit
480 1997 535 2033 ita
579 2010 729 2045 pronus
774 1999 823 2034 ad
868 1998 1140 2035 miserendum
1187 2009 1223 2036 et
1270 2000 1553 2048 premiandum

237 2054 419 2090 homines
453 2054 555 2091 sicut
586 2068 766 2103 unquam
812 2056 953 2101 fuerat,
1000 2070 1090 2094 cum
1135 2071 1253 2094 nemo
1298 2067 1427 2106 potest
1472 2071 1554 2094 esse

238 2114 450 2149 exhaustus
483 2126 552 2149 sue
586 2113 860 2151 misericordie
884 2116 943 2151 vel
967 2128 1228 2164 personarum
1252 2118 1425 2165 accepcio
1448 2117 1554 2166 apud

238 2171 377 2215 Deum,
422 2173 489 2207 sed
533 2180 690 2219 oportet
734 2174 841 2220 quod
886 2173 925 2209 in
970 2187 1210 2222 quocunque
1244 2176 1463 2222 dampnato
1496 2175 1556 2210 in-

238 2238 374 2276 surgat
407 2229 669 2277 ingratitudo,
713 2230 927 2267 infidelitas
961 2240 997 2267 et
1031 2232 1264 2280 desperacio
1304 2246 1347 2269 ex
1380 2246 1419 2269 se
1453 2233 1553 2280 ipso,

237 2296 346 2334 patet
380 2289 486 2335 quod
533 2287 737 2336 inculpato
772 2290 855 2325 Deo
895 2289 926 2325 si
966 2291 1085 2326 homo
1130 2291 1432 2338 dampnabitur,
1480 2292 1553 2328 hoe
1616 2305 1797 2332 Letaman

180 2344 213 2375 Ῡ-
239 2345 311 2381 erit
345 2358 387 2381 ex
426 2358 497 2382 sua
536 2346 783 2394 negligencia
828 2360 907 2383 non
953 2360 995 2383 ex
1030 2351 1125 2384 Deo.
1180 2349 1415 2385 Consideret
1460 2362 1553 2397 ergo
1663 2340 1750 2367 think

1570 2383 1590 2402 ι,
1613 2376 1682 2402 how
1700 2375 1748 2401 the
1763 2374 1842 2400 devil

238 2403 440 2440 homicida
473 2406 678 2452 quomodo
713 2405 896 2441 diabolus
929 2406 1030 2442 iacet
1063 2420 1182 2455 super
1216 2416 1349 2456 caput,
1384 2409 1458 2443 hoc
1482 2416 1553 2451 est,
1575 2410 1648 2437 tries
1669 2414 1699 2437 10
1721 2413 1836 2436 master

239 2461 442 2497 racionem
477 2463 536 2498 vel
567 2463 688 2498 volun
717 2460 720 2515 l
750 2472 873 2499 tatem
907 2464 1081 2500 hominis
1115 2477 1235 2513 quem
1276 2465 1330 2502 sic
1369 2474 1551 2514 temptat.
1634 2445 1681 2472 ¹¹¹⁵
1703 2444 1774 2471 wll.

307 2579 332 2598 2.
354 2572 436 2599 DEI:
463 2572 720 2608 condempnatus:
744 2574 784 2601 ib.
807 2575 836 2601 I:
866 2575 983 2609 igilun·
1012 2576 1051 2602 ib.
1074 2575 1142 2602 DE:
1171 2579 1221 2603 est.
1306 2586 1334 2610 4.
1355 2577 1384 2604 I:
1413 2580 1443 2604 et
1461 2577 1556 2609 Saul,-

237 2607 282 2634 A:
298 2607 370 2635 San.
427 2608 454 2635 εἴ).
468 2607 536 2636 DE:
552 2610 715 2643 nugitoria
725 2619 735 2641 ;
749 2610 788 2635 ib.
799 2611 827 2636 A
840 2610 867 2636 in
882 2618 977 2645 marg.
991 2620 996 2637 :
1012 2610 1198 2645 Responsio:
1215 2611 1235 2637 Ε
1248 2611 1276 2638 in
1290 2620 1386 2647 marg.
1399 2622 1403 2638 ς
1417 2613 1552 2639 Sollicio.

237 2642 265 2669 S.
281 2650 298 2674 Q
335 2642 400 2681 DE:
417 2642 574 2677 peccando
595 2644 688 2670 deest.
764 2652 796 2671 11.
820 2644 859 2670 E:
880 2653 940 2671 non
963 2645 1057 2672 deest.
1132 2654 1172 2679 14.
1196 2646 1222 2672 1:
1245 2647 1344 2683 igitur
1360 2651 1397 2673 [et
1413 2648 1551 2681 passim).

239 2677 278 2704 18.
295 2677 319 2703 D
336 2685 365 2704 ln
383 2685 496 2709 mares
517 2675 599 2704 Nota
613 2679 696 2706 hene.
754 2686 796 2705 22.
813 2680 857 2706 A:
880 2682 925 2706 est
937 2679 1038 2711 deest:
1060 2680 1100 2707 ib.
1115 2681 1144 2707 I:
1164 2682 1252 2708 sicut.
1308 2688 1353 2714 24.
1370 2683 1398 2708 1:
1419 2685 1556 2708 volmnux

237 2712 355 2750 igv‘tur,¹
381 2712 419 2738 ib.
443 2712 510 2739 DE:
532 2712 617 2747 quod
635 2713 743 2740 David.
818 2713 858 2741 25.
882 2714 908 2740 1:
936 2723 1001 2741 cnm
1020 2716 1083 2741 suis
1100 2716 1231 2745 sanctis:
1251 2715 1319 2743 DE:
1340 2724 1405 2743 cum
1424 2718 1556 2747 sanctis,-

238 2747 280 2773 D:
304 2746 502 2781 :Wagdalena
561 2749 605 2773 2¹8.
627 2749 673 2775 A:
695 2749 733 2775 de
751 2749 819 2776 levi.
876 2749 921 2781 28,
936 2757 982 2778 eo.
1005 2750 1036 2776 1:
1057 2750 1156 2784 igitm
1176 2750 1334 2777 Dominus.
1391 2752 1552 2786 29.A1›}2:

237 2781 452 2808 miserandum.
509 2780 548 2808 31.
564 2781 603 2808 E:
623 2786 786 2818 acceptor:
805 2783 845 2810 ib.
862 2784 1094 2813 misericordie:
1107 2785 1156 2811 liic
1169 2785 1290 2820 aliquot
1301 2785 1391 2812 verba
1407 2786 1555 2813 excidisse

238 2815 389 2843 videnlur.
446 2815 484 2849 31,
501 2815 542 2843 32.
560 2816 629 2843 DE:
652 2821 729 2852 aput
747 2818 844 2845 Deum
865 2818 958 2845 deest.
1022 2818 1067 2846 315.
1091 2819 1209 2846 Codd.:
1231 2820 1370 2847 diabolus
1391 2821 1552 2855 quomodo.

314 2898 363 2930 ¹9·
390 2887 441 2919 Cf.
462 2888 600 2930 Wyclif,
628 2889 679 2920 De
697 2889 837 2920 diabolo
865 2897 898 2921 et
924 2891 1089 2922 membris
1116 2892 1189 2923 eius
1217 2891 1290 2923 Pol.
1309 2892 1448 2929 Works‚
1478 2891 1553 2924 362.
