2062 3276
259 598 408 624 Answer:

207 630 266 659 We
286 640 337 659 are
359 631 462 659 bound

229 672 259 693 to
281 667 371 701 hope,
392 675 438 693 we

208 702 284 729 shall
307 701 342 729 be
363 701 466 728 saved.

200 1177 249 1205 No
271 1186 340 1205 man
364 1177 472 1204 should

202 1213 241 1240 let
261 1213 307 1240 his
326 1213 372 1239 sin
389 1212 475 1239 make

230 1248 291 1275 him
314 1248 448 1282 despair.

222 2049 256 2075 In
278 2048 314 2074 all
337 2047 460 2082 despair

218 2084 301 2110 there
322 2083 347 2109 is
368 2082 466 2118 pride.

783 250 1007 282 JOHANNIS
1023 250 1211 283 WYCLIF
1230 250 1487 283 SERMONUM
1574 237 1727 296 [SERMO
1747 248 1799 276 IX·

488 356 670 403 stinatus,
693 364 790 393 tunc
823 369 914 392 cum
947 355 1111 404 paribus
1143 365 1200 393 est
1223 358 1526 404 dampnandus:
1560 369 1655 406 ergo
1682 369 1802 393 nemo

489 416 607 451 habet
641 414 845 451 racionem
877 415 937 450 vel
970 414 1215 451 evidenciam
1255 414 1463 451 resistendi
1502 415 1661 452 diabolo
1694 416 1803 464 quod

488 475 742 520 dampnetur.
777 474 834 508 De
865 471 943 508 illis
976 481 1111 508 autem
1144 473 1288 520 loquor
1315 472 1460 520 quibus
1492 486 1572 509 non
1606 482 1664 509 est
1696 485 1803 509 reve-

489 532 615 568 latum
648 531 757 579 quod
790 530 829 565 in
863 529 1109 566 beatitudine
1141 531 1414 566 salvabuntur.

546 588 620 624 Hic
668 588 758 624 dico
801 591 859 632 (ut
902 600 995 635 sepe
1039 587 1136 623 alias
1188 587 1281 634 dixi)
1325 589 1433 636 quod
1477 588 1644 636 quilibet
1688 590 1837 625 debet5

489 647 659 695 dyabolo
697 646 922 681 discredere
964 654 1001 681 et
1040 645 1266 694 cuicunque
1304 645 1481 682 hortanti
1519 648 1627 694 quod
1666 647 1806 694 damp-

489 704 663 749 nabitur,
709 716 800 739 cum
845 702 1013 751 quilibet
1057 704 1174 739 debet
1227 705 1372 739 habere
1424 704 1558 749 fidem,
1611 716 1723 752 spem
1768 713 1805 741 et

490 762 697 799 caritatem
743 770 780 797 et
819 773 890 808 per
922 773 1170 809 consequens
1209 774 1319 809 spem
1359 774 1428 797 sue
1467 761 1721 807 salvacionis3
1768 770 1805 798 et

489 821 543 857 sic
576 833 656 856 non
690 828 747 855 est
778 818 854 854 nisi
887 819 1020 854 fatuus
1053 828 1090 855 et
1122 820 1310 855 seductus
1334 819 1492 867 dyaboli
1516 819 1584 868 qui
1607 821 1803 868 desperat.

490 880 567 915 Sed
596 879 819 913 notandum
851 878 910 917 (ut
939 889 1032 924 sepe
1062 877 1174 917 alias)
1203 879 1311 926 quod
1340 890 1428 925 spes
1453 886 1510 913 est
1533 877 1802 917 citraclaram
1825 893 1864 915 10

489 935 703 972 scienciam
728 935 807 971 sive
831 935 949 971 fidem
973 947 1095 982 supra
1111 935 1409 971 dubitacionem
1433 935 1512 971 sive
1535 935 1804 979 formidinem,

490 994 544 1030 sic
568 995 674 1042 quod
707 992 916 1040 proposito
949 994 1146 1040 sperando
1179 994 1299 1029 homo
1323 995 1440 1029 debet
1463 993 1595 1029 dicere
1626 994 1667 1030 in
1691 1007 1806 1030 casu:

490 1054 590 1088 ‘Hoc
623 1060 765 1098 reputo
797 1052 858 1087 vel
891 1051 1086 1098 suppono'
1118 1060 1155 1087 et
1187 1064 1259 1087 nec
1292 1052 1367 1087 hoc
1401 1052 1574 1098 credere,
1609 1052 1806 1098 dubitare,

491 1111 710 1146 concedere
742 1110 803 1145 vel
835 1121 993 1156 negare.

548 1170 596 1204 Et
640 1167 670 1203 si
716 1167 840 1203 obicis
885 1168 992 1215 quod
1037 1167 1197 1214 presciti
1241 1176 1278 1203 et
1325 1167 1552 1215 specialiter
1590 1167 1630 1203 in
1669 1167 1864 1205 mortis15

491 1226 659 1262 articulo
703 1226 763 1261 vel
807 1234 896 1272 post
941 1226 1085 1260 debent
1135 1225 1174 1260 in
1226 1225 1552 1273 desperacionem
1599 1238 1720 1274 quam
1768 1226 1809 1261 in

492 1296 635 1332 penam
689 1283 842 1330 peccati
887 1283 1066 1330 preteriti
1110 1282 1254 1331 infligit
1307 1285 1566 1331 dampnando
1618 1284 1808 1329 incidere,

492 1342 594 1378 sicut
627 1344 732 1377 Deus
773 1341 933 1376 indurat
972 1342 1092 1376 corda
1131 1341 1272 1377 talium
1314 1350 1350 1376 et
1384 1341 1478 1377 facit
1513 1341 1809 1378 racionabiliter

493 1401 600 1448 quod
634 1401 860 1446 desperant,
901 1399 964 1434 hic
1005 1398 1150 1434 dicitur
1184 1401 1440 1436 concedendo
1474 1401 1581 1447 quod
1614 1401 1720 1436 Deus
1752 1400 1809 1435 in-

493 1460 610 1494 durat
662 1459 783 1493 corda
842 1457 1064 1502 hominum,
1125 1469 1215 1492 cum
1273 1457 1462 1493 indurare
1515 1457 1611 1493 dicit
1663 1470 1805 1505 penam
1827 1474 1867 1494 20

494 1515 779 1552 racionabilem
808 1517 866 1552 (ut
899 1524 1009 1562 patet
1032 1516 1153 1551 Exod.
1179 1516 1278 1559 IXO).
1312 1517 1401 1551 Non
1433 1525 1568 1551 autem
1604 1515 1680 1563 legi
1713 1515 1810 1563 quin

495 1576 706 1621 desperare
747 1583 861 1609 sonat
901 1573 1051 1609 directe
1090 1573 1129 1608 in
1170 1582 1395 1620 peccatum,
1437 1582 1473 1609 et
1505 1574 1559 1609 ita
1593 1573 1694 1609 sicut
1727 1576 1810 1609 Deo

493 1645 573 1668 non
606 1631 788 1667 convenit
826 1632 956 1667 facere
990 1644 1234 1679 quemquam
1280 1644 1460 1679 peccare,
1506 1631 1560 1667 sic
1605 1644 1676 1667 nec
1718 1631 1812 1667 facit

494 1690 668 1737 aliquem
708 1691 933 1736 desperare,
974 1699 1011 1725 et
1049 1702 1119 1736 per
1158 1702 1406 1738 consequens
1445 1702 1562 1726 nemo
1602 1691 1718 1725 debet
1757 1689 1812 1725 sic

493 1748 644 1792 facere:
678 1756 714 1783 et
737 1747 767 1783 si
792 1747 1000 1795 dampnati
1034 1756 1124 1783 sunt
1156 1747 1383 1783 necessitati
1418 1757 1454 1784 et
1487 1748 1634 1783 habent
1666 1747 1813 1783 indele-
1830 1753 1868 1785 25

494 1806 615 1841 bilem
641 1805 850 1841 materiam
875 1805 1126 1852 desperandi.
1157 1818 1237 1841 non
1260 1814 1395 1841 tamen
1418 1807 1563 1842 debent
1586 1807 1811 1853 desperare,

494 1864 596 1899 sicut
624 1862 628 1914 Ι
657 1876 729 1900 nec
775 1865 919 1899 debent
964 1876 1143 1910 peccare.
1189 1866 1269 1899 Nec
1315 1873 1445 1911 potest
1486 1876 1569 1899 esse
1610 1863 1812 1899 evidencia
1828 1845 1910 1926 ᾖξ’,

495 1921 653 1968 dyaboli
692 1922 753 1957 vel
791 1921 960 1957 alicuius
998 1921 1161 1957 alterius
1200 1923 1307 1969 quod
1348 1923 1467 1957 homo
1500 1923 1643 1957 debeat
1675 1923 1814 1969 despe-
1830 1917 1888 1934 ²*

494 1993 595 2023 rare,
636 1980 828 2026 dyabolus
867 1989 1003 2015 tamen
1042 1992 1113 2027 per
1152 1979 1258 2015 mille
1292 1980 1505 2016 meandros
1537 1979 1690 2015 inducit
1722 1992 1813 2015 suos

495 2038 596 2073 filios
636 2039 685 2073 ad
724 2037 897 2073 finaliter
937 2038 1231 2084 desperandum
1273 2046 1310 2073 et
1349 2037 1577 2085 specialiter
1616 2039 1812 2073 movendo
1829 2041 1870 2073 30

492 2096 740 2132 voluntatem
774 2095 946 2130 hominis
978 2105 1021 2131 ut
1054 2095 1093 2130 in
1126 2107 1368 2143 quocunque
1407 2104 1558 2142 septem
1599 2095 1811 2131 criminum

495 2153 668 2190 finaliter
690 2153 927 2200 requiescat.
963 2153 1075 2188 Sicut
1099 2153 1202 2188 enirn
1227 2153 1408 2188 diabolus
1441 2153 1480 2188 in
1513 2152 1622 2188 omni
1646 2162 1811 2200 peccato

494 2211 678 2247 inmiscet
711 2210 953 2258 superbiam,
988 2210 1044 2246 sic
1077 2223 1155 2246 non
1183 2220 1316 2246 movet
1339 2212 1387 2246 ad
1413 2212 1706 2258 desperandum
1735 2210 1811 2246 nisi

494 2270 742 2305 voluntatem
796 2277 953 2304 moveat
1006 2270 1055 2304 ad
1107 2268 1434 2315 superbiendum,
1488 2277 1530 2304 ut
1575 2270 1811 2316 temptando

496 2326 699 2363 Christum
738 2326 949 2373 tripliciter
988 2326 1029 2362 in
1067 2326 1243 2374 qualibet
1282 2326 1440 2362 illarum
1480 2326 1601 2362 trium
1642 2330 1867 2374 tempta-35

568 2483 585 2501 1.
607 2474 634 2501 I:
657 2474 735 2501 hunc
758 2483 815 2501 »1011
836 2475 982 2501 munibus,
1039 2474 1063 2500 5.
1084 2476 1112 2501 A
1134 2474 1163 2501 iu
1185 2482 1298 2509 marg:
1323 2473 1497 2508 Responsio.
1556 2481 1581 2506 5.
1605 2473 1627 2499 D
1650 2472 1678 2499 in
1695 2481 1809 2507 marg:

499 2509 628 2536 Contra:
655 2508 743 2536 Fldes
764 2512 791 2536 et
819 2517 883 2543 spes
901 2518 961 2536 mm
986 2512 1057 2535 sunt
1079 2509 1122 2535 ad
1146 2509 1346 2544 mzposmfflk:
1377 2515 1398 2535 ¹:
1419 2509 1447 2535 in
1471 2516 1583 2541 marg:
1613 2508 1743 2534 Diabolo
1770 2510 1815 2534 est

496 2544 734 2571 discredendum.
810 2552 850 2570 ιω.
872 2544 898 2571 I:
921 2548 950 2570 et
969 2545 1157 2575 notand1cm;
1182 2546 1220 2570 lb.
1244 2544 1310 2570 DE:
1332 2544 1400 2570 dixi
1418 2544 1520 2578 quod:
1546 2542 1586 2569 ib.
1607 2542 1680 2569 Ab:
1708 2543 1810 2569 ct'rca:

496 2579 520 2605 E
540 2579 623 2605 circa
644 2587 740 2605 coru:
769 2579 868 2605 citra:
894 2579 933 2605 ib.
956 2578 980 2605 E
1000 2580 1029 2605 in
1047 2586 1166 2613 marga
1190 2580 1273 2613 Spes.
1343 2587 1375 2605 11.
1398 2579 1425 2605 I:
1449 2580 1478 2604 et
1495 2585 1597 2612 supra.
1666 2573 1703 2603 13.
1727 2576 1809 2614 DEI:

497 2621 558 2648 quo
573 2620 580 2638 1
598 2614 665 2639 hoc.
741 2613 776 2640 15.
802 2614 823 2639 Ε
839 2621 868 2639 m
890 2621 1005 2647 marg:
1035 2614 1189 2639 Obe'eccm.
1271 2612 1309 2639 18.
1332 2614 1374 2640 A:
1403 2613 1485 2639 Dens
1505 2614 1598 2639 deest.
1673 2618 1714 2645 ις).
1736 2610 1759 2637 E
1780 2619 1809 2637 m

498 2656 610 2682 marg:
633 2648 771 2675 ⁴Solacia.
862 2655 902 2674 21.
923 2649 967 2675 A:
998 2646 1102 2674 Exodi
1125 2647 1183 2674 l'Il.
1211 2646 1257 2674 Cf.
1281 2650 1333 2674 hx.
1356 2647 1406 2678 IX,
1430 2655 1467 2674 12.
1560 2645 1602 2673 23.
1624 2645 1667 2672 D:
1687 2646 1732 2672 sic
1750 2653 1810 2672 non

496 2683 578 2715 siml
595 2682 717 2709 [minda.
786 2682 826 2709 25.
848 2683 906 2709 Al:
927 2683 997 2709 sint.
1067 2681 1106 2712 25,
1129 2682 1174 2708 26.
1196 2683 1223 2709 I:
1246 2682 1415 2709 r'naebilem.
1485 2681 1530 2709 26.
1552 2681 1620 2707 DE:
1642 2680 1810 2707 misericor-

488 2713 598 2749 dmm,-
625 2718 663 2743 1b.
687 2718 713 2744 l:
736 2717 846 2743 dehent
864 2718 957 2744 deest.
1078 2724 1122 2751 27.
1143 2717 1171 2744 I:
1195 2716 1391 2743 evidencimn.
1512 2714 1558 2749 39.
1579 2715 1621 2742 D:
1644 2715 1722 2741 enim
1738 2722 1808 2749 per.

497 2752 534 2778 31.
563 2755 606 2778 A:
634 2759 652 2778 a
680 2759 876 2786 quocunque:
904 2752 944 2778 ib.
966 2751 993 2778 I:
1020 2753 1133 2785 septem
1160 2752 1253 2777 deest.
1378 2748 1421 2777 33.
1443 2750 1512 2777 DE:
1538 2750 1581 2776 sic
1607 2757 1668 2776 non
1695 2751 1811 2781 movet;

498 2787 539 2813 ib.
563 2788 584 2813 l:
604 2787 633 2813 in
657 2794 768 2820 marg:
790 2785 880 2813 Nota.
954 2785 1000 2819 34.
1024 2786 1105 2813 DEI:
1127 2786 1207 2812 unde
1227 2785 1411 2821 temptanda

569 2879 623 2912 29.
648 2870 813 2908 Meandri‚
841 2870 861 2900 i.
888 2879 917 2900 e.
943 2869 1108 2910 ambages
1135 2869 1294 2900 subdole.
1321 2868 1373 2899 Cf.
1392 2868 1508 2908 Trial.‚
1536 2878 1613 2909 pag.
1635 2868 1710 2906 353,
1728 2877 1808 2908 471.
