2062 3276
738 721 837 789 III.
891 722 1179 791 General
1229 723 1446 792 Index.

518 839 739 895 (printed
771 846 820 883 in
854 846 936 884 the
969 847 1305 897 orthography
1337 849 1390 888 of
1417 849 1498 887 the
1531 844 1667 900 text.)

619 960 668 990 A.

228 1025 272 1051 De
293 1023 489 1051 abbaciarum
511 1025 790 1053 constitucionibus
811 1034 853 1054 22.

229 1058 303 1086 Tria
324 1067 340 1085 a
362 1059 451 1086 nobis
472 1059 664 1095 abscondita,
686 1069 779 1097 quare
799 1064 867 1097 399.

227 1093 399 1131 Absolucio
420 1102 436 1120 a
458 1102 535 1129 pena
556 1099 583 1122 et
603 1104 618 1122 a
639 1096 729 1131 culpa
756 1096 803 1131 62,
830 1103 974 1133 122—120,
998 1097 1055 1134 133,

285 1132 347 1163 140,
369 1129 519 1162 184-188.
947 1130 955 1133 ⁷

227 1163 737 1202 Differencieinterabsolucionem
749 1174 827 1202 pape
837 1171 865 1194 et
875 1167 991 1195 Christi
1002 1167 1055 1196 135.

227 1199 455 1236 Absol-ucmnes
470 1198 500 1226 in
515 1199 649 1227 cruciata
667 1209 744 1236 pape
760 1209 820 1228 non
837 1207 942 1230 carent
957 1203 1055 1231 heresi

281 1238 344 1266 140.

227 1267 386 1295 Mendacia
407 1268 537 1296 fratrum
582 1270 660 1297 uoad
682 1270 900 1299 absoluciones
922 1272 958 1300 15,

226 1303 454 1338 Sophisticacio
473 1304 658 1340 Anticiristi
687 1305 768 1333 circa
794 1306 1011 1335 absoluciones
1039 1317 1055 1336 a

284 1345 361 1373 pena
382 1342 409 1365 et
429 1346 445 1365 a
465 1339 555 1374 culpa
576 1339 634 1372 187,
656 1341 715 1368 188.

227 1372 370 1411 Adorant
401 1373 571 1412 Dominum
609 1374 784 1403 inordinate
823 1376 874 1412 qui
913 1386 1055 1412 perverse

280 1412 388 1434 Vivunt
407 1412 453 1435 26.

227 1442 391 1469 Adventus
412 1443 528 1471 Christi
549 1444 660 1479 triplex
679 1453 710 1478 4,
729 1445 752 1478 5,
774 1445 803 1479 6,
824 1447 975 1481 197—205.

228 1476 314 1504 Finis
335 1477 427 1512 primi
448 1478 598 1506 adventus
620 1479 736 1507 Christi
758 1487 817 1513 124.

227 1511 272 1539 De
292 1517 485 1574 53οἓἓέ110010
505 1513 610 1541 altaris
632 1514 712 1548 (vide
732 1519 760 1542 et
780 1515 986 1552 Eucharistia)
1010 1526 1052 1553 91,

281 1553 327 1581 92,
348 1570 373 1574 ..
417 1552 445 1574 et
465 1556 496 1575 se
544 1570 550 1576 .

228 1581 273 1608 De
293 1581 473 1610 ambiciosis
493 1556 558 1618 5³73

229 1615 344 1643 Contra
365 1625 503 1645 amorem
524 1619 718 1647 terrestrium
740 1617 801 1653 372.

227 1651 327 1678 Amor
348 1651 462 1686 duplex
481 1653 552 1686 406.

229 1685 260 1714 S.
281 1686 426 1713 Andreas
448 1687 553 1715 habuit
574 1688 730 1723 quandam
751 1689 939 1724 primitatem
961 1699 1054 1726 supra

280 1724 398 1748 ceteros
419 1723 577 1757 apostolos
598 1722 650 1751 113.

228 1755 272 1782 De
293 1756 407 1794 sanctis
427 1756 568 1792 Anglicis
588 1757 655 1791 488.

227 1790 330 1818 Sancu
342 1791 464 1826 Anglici
477 1800 538 1827 11011
551 1793 776 1821 contenderunt
790 1794 959 1822 secundum
974 1796 1054 1831 leges

280 1825 431 1853 humanas
450 1828 518 1860 488.

227 1859 271 1886 De
291 1859 360 1887 cibo
380 1861 481 1889 anime
500 1860 564 1896 343.

227 1894 340 1935 Hostes
361 1896 462 1923 anime
482 1897 661 1926 excludendi
683 1903 754 1926 sunt
773 1899 932 1928 206-208,

227 1931 342 1958 Anima
368 1931 502 1970 defuncti
524 1941 585 1960 non
606 1933 771 1969 participat
790 1935 910 1970 premio
931 1936 962 1964 in
983 1945 1054 1972 pur-

281 1969 401 2001 gatorlo
423 1967 482 1995 nisi
504 1972 535 1995 ut
555 1968 667 1995 meruit
688 1968 737 1996 hic
757 1969 787 1996 in
809 1970 857 1997 via
878 1978 916 1998 21.

226 2001 435 2064 Apocbalypsis
459 2002 612 2065 {ibgnificat
639 2003 760 2031 futuros
782 2010 908 2033 eventus
929 2007 1055 2035 ecclesie

280 2045 308 2063 1⁸
333 2058 339 2071 ,
363 2045 424 2072 179,
446 2045 454 2064 1
490 2039 505 2064 ‘·

226 2055 372 2106 Aposstoli
388 2071 560 2100 habuerunt
576 2073 655 2100 bona
671 2073 797 2101 mobilia
812 2075 970 2103 moderate
991 2085 1053 2113 109.

226 2107 324 2134 Arma
345 2106 463 2141 salutis,
485 2116 543 2143 que
564 2112 634 2135 sunt
655 2115 719 2143 207.

226 2141 409 2169 Differencia
425 2141 503 2169 inter
519 2142 713 2170 attricionem
729 2147 756 2170 et
771 2144 994 2174 contricionem
1010 2146 1053 2182 57.

226 2175 271 2204 De
291 2176 424 2204 avaricia
444 2175 503 2212 335,
524 2175 589 2211 336,
610 2177 765 2213 372-378.

618 2264 665 2293 Β.

227 2326 351 2354 Nemini
372 2327 462 2355 datur
482 2327 639 2355 beatitudo
661 2328 719 2356 nisi
740 2334 821 2357 emat
841 2338 904 2363 410.

226 2361 345 2389 Bellum
366 2366 411 2390 est
431 2362 575 2390 ultimum
597 2363 752 2398 refugium
774 2364 893 2392 iusticie
914 2372 966 2393 211.

228 2396 297 2431 Que
319 2396 517 2432 requiruntur
537 2397 574 2425 ad
596 2397 711 2425 iustum
733 2398 846 2426 bellum
867 2407 1011 2429 210--212-

228 2431 272 2458 De
294 2431 380 2458 bellis
400 2433 615 2467 corporalibus
636 2432 682 2467 34,
703 2441 751 2468 42,
773 2441 841 2469 209.

228 2466 271 2493 De
293 2466 372 2493 bello
393 2476 406 2493 s
433 2467 544 2495 irituali
565 2467 632 2501 208,
653 2476 720 2503 209.

229 2500 344 2528 Contra
365 2502 410 2528 bel
426 2510 441 2528 a
462 2502 644 2531 clericorum
667 2503 812 2539 195-107,
834 2504 893 2537 218,
914 2513 976 2540 219.

228 2536 350 2562 Bellans
372 2536 483 2571 spoliat
504 2546 535 2564 se
555 2546 571 2564 a
593 2539 696 2573 regula
716 2535 852 2567 caritatis
873 2539 914 2567 35.

226 2569 354 2605 Triplex
376 2571 602 2599 benediccionis
624 2573 705 2600 racio
725 2572 779 2601 515.

226 2604 271 2632 De
293 2605 514 2633 benediccione
533 2607 668 2636 511—515.

225 2639 397 2667 Abutentes
431 2641 521 2668 bonis
552 2642 674 2670 fortune
706 2643 885 2679 indispositi
920 2649 990 2672 sunt
1018 2645 1054 2672 ad

279 2675 431 2703 orandum
452 2675 518 2710 483.

622 2738 663 2772 C.

226 2803 309 2830 Licet
330 2803 441 2830 habere
461 2804 573 2839 caligas
596 2813 658 2838 140.

225 2838 269 2864 De
290 2837 411 2873 captivo
432 2838 633 2873 Hispaniensi
654 2847 700 2873 24.

226 2872 271 2900 De
292 2872 416 2900 caritate
437 2872 486 2908 86,
507 2881 575 2908 407.

1130 958 1296 986 Caritatem
1318 964 1439 995 oportet
1460 960 1597 995 regulare
1617 959 1819 987 christianum
1841 958 1901 987 332.

1130 994 1333 1057 Caritegivum
1360 999 1481 1031 oportet
1508 1003 1539 1022 se
1565 1003 1717 1030 exponere
1737 994 1767 1022 in
1788 1003 1879 1023 causa
1899 995 1954 1023 Dei

1202 1037 1219 1056 0
1293 1037 1342 1060 011.

1129 1038 1231 1092 1101110
1244 1038 1341 1092 'debet
1361 1073 1483 1092 carnem
1505 1065 1655 1100 castigare
1675 1064 1735 1100 216,
1757 1071 1815 1100 217.

1130 1100 1172 1126 [10
1193 1108 1266 1127 cena
1287 1108 1397 1135 magna
1418 1098 1483 1134 370,
1505 1099 1561 1134 371.

1129 1134 1273 1162 Christus
1293 1139 1386 1170 caput
1405 1134 1530 1162 ecclesie
1550 1142 1576 1169 2,
1597 1143 1647 1168 44.

1127 1184 1160 1189 —
1180 1170 1266 1197 testis
1288 1169 1384 1197 tidelis
1406 1169 1464 1196 182.

1127 1219 1159 1224 ——
1179 1204 1208 1232 in
1230 1204 1319 1232 factis
1339 1204 1403 1231 suis
1424 1212 1485 1232 11011
1505 1204 1561 1231 fuit
1581 1204 1744 1237 ambiguus
1766 1202 1821 1231 132.

1126 1255 1160 1258 -
1180 1240 1279 1267 tocius
1299 1239 1426 1267 ecclesie
1445 1239 1501 1266 fuit
1522 1239 1715 1266 ministrator
1735 1237 1791 1266 132.

1127 1290 1158 1294 -
1180 1274 1339 1302 veritatem
1359 1274 1542 1301 catholicam
1564 1273 1706 1301 hostibus
1727 1274 1839 1301 detexit
1860 1273 1917 1302 130.

1127 1325 1160 1329 —
1179 1310 1284 1337 docuit
1304 1309 1405 1336 vivere
1424 1308 1518 1336 vitam
1540 1317 1707 1344 pauperem
1728 1307 1796 1342 364.

1129 1360 1156 1364 —
1178 1343 1453 1386 plus-awpronbavit
1472 1343 1648 1371 oracionem
1668 1345 1840 1379 generalem
1861 1352 1952 1380 quam

1180 1387 1281 1415 specia
1296 1387 1344 1406 em
1365 1387 1404 1406 21.

1128 1430 1156 1433 —
1178 1414 1248 1442 fecit
1267 1414 1325 1441 tria
1345 1413 1486 1441 convivia
1507 1412 1675 1449 468—476.

1125 1465 1159 1468 —
1178 1449 1330 1476 edificavit
1349 1453 1454 1488 gentes
1473 1456 1538 1483 401.

1125 1500 1159 1504 ——
1179 1492 1240 1512 non
1261 1488 1375 1511 amavit
1396 1483 1514 1520 primos
1536 1482 1690 1510 recubitus
1710 1481 1773 1509 233.

1125 1535 1159 1538 -
1178 1527 1240 1546 non
1261 1518 1400 1546 occidere
1420 1518 1516 1545 voluit
1537 1517 1614 1545 sicut
1635 1517 1810 1546 sacerdotes
1830 1517 1874 1554 37,
1896 1517 1953 1546 312.

1127 1570 1155 1573 —«
1201 1553 1345 1588 uinquies
1365 1554 1444 1581 fudit
1466 1553 1647 1588 sanguinem
1668 1551 1728 1579 323.

1125 1604 1158 1608 —
1178 1562 1267 1650 ἓοξεῐ
1288 1596 1359 1616 51105
1374 1588 1411 1616 ad
1427 1587 1656 1616 edificacionem
1673 1587 1798 1615 ecclesie
1814 1588 1953 1616 laborare

1179 1631 1193 1650 2
1263 1630 1277 1650 2
1302 1624 1330 1651 6.

1125 1675 1158 1678 —
1178 1632 1362 1686 excusassbilis
1382 1658 1419 1685 de
1439 1656 1727 1685 communicacione
1747 1666 1818 1685 cum
1846 1666 1953 1693 pecca-

1177 1693 1297 1721 toribus
1317 1693 1382 1728 380,
1403 1691 1462 1720 381.

1126 1744 1158 1748 —
1177 1729 1207 1756 in
1228 1728 1360 1755 adventu
1382 1727 1466 1755 misit
1486 1727 1564 1755 duos
1579 1726 1760 1763 discipulos,
1777 1736 1870 1763 quare
1884 1736 1951 1764 200,

1177 1771 1237 1791 201.

1125 1814 1158 1818 —-
1178 1799 1208 1826 in
1228 1806 1317 1825 cruce
1338 1797 1475 1832 pendens
1496 1796 1600 1824 docuit
1620 1797 1754 1832 primum
1771 1798 1951 1826 mandatum

1178 1833 1310 1861 secunde
1329 1833 1431 1860 tabule
1450 1830 1512 1859 328.

1127 1869 1250 1904 Septem
1262 1868 1355 1895 verba
1367 1866 1482 1895 Christi
1495 1866 1656 1905 pendentis
1668 1867 1697 1894 in
1711 1875 1799 1896 cruce
1811 1867 1873 1904 330,
1886 1868 1950 1903 342.

1126 1904 1170 1931 De
1191 1904 1261 1931 fletu
1282 1902 1397 1930 Christi
1417 1900 1577 1937 392—390.

1128 1939 1232 1973 Quare
1252 1937 1395 1965 Christus
1416 1936 1556 1973 permisit
1578 1945 1609 1964 se
1629 1938 1768 1965 occidere
1789 1937 1853 1973 393.

1127 1973 1272 2001 Christus
1293 1972 1495 1999 solummodo
1516 1971 1614 1999 doluit
1635 1981 1691 2007 pro
1713 1978 1837 2007 peccato
1857 1972 1927 2009 399.

1126 2008 1205 2036 Tres
1226 2016 1317 2035 cause
1337 2015 1431 2043 quare
1446 2007 1589 2035 Christus
1610 2015 1721 2042 passus
1742 2012 1787 2035 est
1807 2006 1871 2043 341,
1894 2008 1961 2042 342.

1127 2043 1271 2071 Christus
1293 2046 1437 2070 mortuus
1458 2046 1503 2069 est
1531 2046 1563 2068 ut
1589 2041 1674 2069 daret
1700 2044 1875 2078 exemplum
1908 2052 1966 2080 que

1181 2078 1324 2105 membra
1345 2077 1455 2104 debent
1476 2084 1635 2110 resurgere
1656 2084 1681 2104 2.

1127 2129 1159 2133 —
1179 2118 1240 2140 tres
1263 2116 1406 2140 mortuos
1427 2111 1587 2139 suscitavit
1607 2120 1641 2139 11.

1127 2164 1159 2167 —
1180 2147 1293 2183 legavit
1314 2155 1421 2182 pacem
1441 2147 1508 2175 360.

1129 2198 1158 2202 -
1180 2190 1273 2218 quare
1296 2182 1326 2209 in
1348 2181 1503 2217 parabolis
1524 2181 1645 2208 locutus
1666 2185 1712 2209 est
1731 2181 1797 2217 262,
1816 2181 1880 2210 263.

1127 2233 1160 2237 -—
1181 2218 1281 2244 solum
1303 2216 1403 2252 potuit
1423 2216 1600 2244 satisfacere
1620 2215 1682 2251 198.

1127 2268 1159 2272 —
1180 2256 1282 2279 utrum
1304 2251 1360 2279 fuit
1381 2255 1561 2286 persecutus
1583 2259 1637 2286 per
1658 2251 1812 2279 seculares
1832 2252 1879 2280 vel
1906 2261 1960 2288 per

1181 2286 1356 2321 spirituales
1377 2284 1520 2313 132-138.

1128 2322 1172 2349 De
1196 2320 1312 2349 Christi
1334 2320 1551 2348 consolacione
1572 2319 1629 2348 355.

1127 2372 1160 2376 —
1180 2372 1212 2376 ——
1233 2356 1435 2384 tribulacione
1456 2354 1513 2383 355.

1127 2406 1160 2411 —-
1180 2408 1212 2410 —
1232 2391 1414 2418 vulneribus
1435 2389 1496 2422 322,
1518 2389 1579 2418 323.

1129 2426 1253 2461 Corpus
1282 2425 1398 2453 Christi
1429 2425 1540 2461 tegitur
1571 2433 1625 2452 sua
1651 2426 1786 2461 qualibet
1814 2427 1964 2462 particula

1182 2460 1338 2488 sensibilis
1360 2460 1545 2488 sacramenti
1567 2458 1625 2488 353.

1128 2495 1259 2523 Errores
1280 2495 1360 2523 circa
1404 2503 1549 2523 ersonam
1572 2494 1688 2523 Christi
1712 2503 1755 2529 14.

1127 2531 1155 2558 A
1183 2530 1357 2566 pariciones
1368 2530 1483 2558 Christi
1497 2534 1568 2566 post
1580 2530 1842 2559 resurreccionem
1855 2530 1905 2567 66,
1917 2532 1964 2566 67.

1129 2539 1245 2592 Cffrisfi
1267 2565 1448 2600 passionem
1471 2564 1657 2603 meditemur
1678 2565 1722 2600 65,
1745 2564 1812 2593 366.

1129 2600 1172 2626 De
1193 2599 1319 2627 caritate
1340 2599 1455 2627 Christi
1477 2598 1544 2633 300,
1567 2598 1632 2635 367.

1127 2634 1271 2662 Efficacia
1292 2634 1453 2669 sanguinis
1475 2633 1592 2662 Christi
1613 2632 1670 2661 183.

1130 2669 1335 2705 Quadruplex
1354 2669 1523 2696 descensus
1546 2668 1662 2696 Christi
1683 2667 1752 2703 436.

1130 2704 1243 2731 Omnis
1255 2704 1349 2731 homo
1364 2704 1453 2731 debet
1469 2703 1635 2731 memorari
1651 2702 1766 2731 Christi
1784 2704 1965 2739 passionem

1180 2737 1240 2773 333,
1262 2737 1327 2773 339,
1349 2738 1418 2773 340,
1440 2737 1506 2766 368.
1727 2772 1732 2776 ,
1792 2772 1797 2777 “

1128 2773 1161 2800 Ι11
1205 2773 1319 2801 nalibet
1340 2774 1436 2801 missa
1457 2773 1546 2801 debet
1565 2773 1623 2808 legi
1645 2779 1755 2808 porcio
1770 2777 1831 2800 vite
1847 2772 1963 2801 Christi

1200 2816 1240 2836 10.

1129 2842 1327 2870 Christianus
1348 2842 1436 2869 debet
1456 2843 1558 2869 dolere
1579 2841 1615 2869 de
1636 2845 1764 2877 peccato
1787 2839 1851 2880 339.

1127 2892 1160 2897 —
1181 2893 1209 2897 —
1232 2877 1335 2905 dolere
1356 2881 1383 2904 et
1397 2877 1532 2912 gaudere
1546 2877 1583 2904 de
1599 2876 1745 2912 passione
1764 2875 1878 2904 Christi
1902 2875 1917 2904 3
1935 2875 1970 2904 38
