2062 3276
138 226 166 255 X
820 224 1186 256 INTRODUCTION.

141 342 226 372 Item
254 341 441 372 Conclusio
469 341 511 371 de
538 341 605 371 vita
632 340 833 371 clericorum
862 347 894 371 et
914 341 1046 382 incipit:
1078 341 1225 372 Licitum
1244 348 1295 372 est
1314 341 1446 372 clericis
1463 341 1608 380 habcre3
1636 348 1668 373 et
1686 343 1869 383 registrum

278 409 381 440 super
406 398 593 429 XXXIIIhus
619 398 905 430 conclusionibus
932 399 1112 430 modicum
1139 399 1334 430 antedictis-

139 458 221 489 Item
248 457 403 499 Epistola
430 458 592 499 Origenis
619 464 652 489 et
678 457 812 498 incipit:
842 457 994 496 Quidam
1021 467 1141 488 eorum
1168 457 1227 499 qui
1254 457 1411 489 libenter.

138 517 220 547 Item
247 516 369 547 Sermo
395 515 539 557 quidam
567 515 626 557 qui
656 515 791 556 incipit:
818 515 992 546 Dominus
1018 514 1213 546 vobiscum.

140 575 224 606 Item
251 575 373 605 Sermo
398 573 740 605 recommendativus
767 573 826 615 qui
855 573 990 614 incipit:
1020 572 1156 603 Labora
1183 573 1272 604 sicut
1298 572 1412 604 bonus
1440 573 1550 604 miles.

139 633 222 664 Item
249 632 430 663 Tractatus
457 632 499 663 de
525 631 626 662 novis
652 630 832 662 ordinibus
860 629 1115 661 monachorum
1144 637 1175 661 et
1203 630 1336 672 incipit:
1366 630 1495 661 Paulus
1522 631 1634 662 docet.

139 691 224 722 Item
253 690 439 729 Quoddam
467 690 597 721 dictum
625 689 666 720 ad
694 688 844 720 scolares
872 689 914 719 de
942 687 1119 719 Fratribus
1145 695 1178 719 et
1203 689 1336 730 incipit:
1363 688 1485 719 Subito
1511 689 1689 730 aurugine.

143 749 227 780 Item
253 748 442 790 Speculum
468 747 675 779 secularium
703 746 927 777 dominorum
955 752 987 777 et
1013 746 1148 787 incipit:
1178 746 1267 776 Cum
1294 746 1420 777 veritas
1448 744 1538 777 fidei.

140 807 223 838 Item
251 806 433 839 Sentencia
471 805 512 836 de
552 804 796 836 incarcerando
836 802 955 835 fideles
993 810 1071 845 post
1109 804 1337 845 quadragInta
1376 810 1525 846 quatuor
1557 804 1630 835 dies
1669 811 1701 835 et
1734 805 1872 846 incipit:

280 864 369 895 Cum
397 864 516 906 prelati
546 874 611 894 con
631 886 638 894 .
658 886 666 894 .
685 886 694 894 .

137 935 222 965 Item
250 934 396 972 Questio
423 933 465 964 ad
493 933 630 965 Fratres
659 934 701 964 de
727 939 944 964 sacramento
971 933 1102 964 altaris:
1138 933 1231 972 Quid
1264 934 1298 964 in
1331 940 1452 964 natura
1484 943 1546 964 sua
1573 940 1624 965 est
1649 932 1717 965 hoc
1744 933 1874 966 album.

140 991 224 1024 Item
253 993 375 1023 Gessta
403 991 481 1033 (sic)
509 1002 587 1023 cum
614 991 800 1034 Rychardo
818 992 900 1023 Vicz
928 998 960 1023 et
986 992 1121 1034 incipit:
1149 991 1354 1024 Reverende
1382 992 1523 1023 domine
1550 998 1582 1023 et
1608 991 1721 1023 frater.

142 1050 225 1082 Item
253 1050 416 1081 Pulcrum
442 1049 526 1091 quid
555 1056 588 1080 et
613 1050 746 1091 incipit:
775 1049 877 1081 Unde
905 1060 1062 1081 ememus
1090 1060 1197 1092 panes
1223 1057 1262 1081 ut
1288 1050 1498 1082 manducent
1523 1049 1583 1081 hii.

142 1109 224 1139 Item
254 1108 413 1146 Quedam
441 1106 638 1139 exhortacio
665 1115 697 1139 et
722 1108 856 1150 incipit:
884 1109 917 1140 Si
945 1108 1057 1139 clerus
1086 1114 1118 1140 et
1144 1115 1306 1150 quatuor.

144 1166 227 1197 Item
256 1166 382 1197 Gwido
410 1166 443 1196 In
469 1166 647 1197 Racionali
674 1177 739 1197 suo
766 1168 907 1208 exponit
933 1167 1132 1198 oracionem
1161 1167 1384 1198 dominicam.

144 1224 227 1255 Item
256 1224 416 1263 Quedam
444 1224 532 1255 dicta
559 1224 691 1266 Rogate
717 1234 786 1267 que
813 1226 854 1256 ad
882 1235 1003 1267 pacem
1030 1232 1110 1256 sunt
1134 1225 1327 1257 Jerusalem
1355 1232 1417 1257 etc.

143 1283 228 1314 Item
256 1283 331 1314 Fiat
357 1292 421 1324 pax
449 1282 482 1313 in
508 1282 634 1314 virtute
659 1289 728 1314 tua.
755 1284 878 1315 Sermo
905 1283 1024 1325 pulcer
1050 1291 1082 1315 et
1109 1284 1243 1325 incipit:
1272 1284 1417 1325 Propter
1444 1283 1564 1314 fratres
1590 1294 1689 1314 meos
1715 1290 1779 1315 etc,

144 1341 227 1372 Item
256 1341 377 1372 Sermo
403 1341 557 1382 optImus
585 1347 702 1372 contra
729 1341 926 1373 Cruciatam
953 1348 985 1373 et
1011 1343 1145 1384 incipit:
1172 1343 1246 1374 Ave
1272 1342 1357 1373 Rabi
1384 1341 1553 1374 Iohannis
1579 1342 1679 1373 xlx0.

145 1399 230 1430 Item
257 1399 368 1440 Super
394 1398 468 1429 illo:
496 1398 574 1429 Duo
601 1409 639 1430 ex
669 1399 847 1441 discipulis
872 1400 954 1431 Jesu
982 1399 1077 1431 ibant
1102 1400 1176 1442 ipsa
1203 1400 1257 1431 die
1284 1400 1317 1430 in
1345 1400 1536 1431 castellum.

146 1458 230 1488 Item
258 1457 369 1498 Super
395 1457 470 1487 illo:
499 1457 586 1495 Quis
612 1465 766 1488 vestrum
793 1457 898 1489 habet
924 1458 1074 1489 amIcum
1103 1458 1197 1489 Luce
1222 1458 1306 1490 XII‘'.

144 1515 229 1546 Item
257 1516 368 1556 Super
393 1515 467 1545 illo:
496 1515 550 1546 Sic
576 1515 671 1546 Deus
699 1515 809 1557 diligit
836 1516 1007 1547 mundum
1032 1516 1109 1548 Joh.
1137 1516 1206 1547 111⁰.

148 1573 231 1604 Item
259 1574 369 1614 Super
394 1573 470 1604 illo:
500 1573 635 1615 Frange
662 1574 824 1605 esurienti
853 1584 980 1616 panem
1006 1582 1117 1606 tuum.

146 1632 229 1662 Item
258 1631 446 1670 Quoddam
474 1631 530 1662 ubi
548 1632 759 1673 „leronymus
785 1632 827 1662 ad
856 1632 1000 1663 dubium
1028 1633 1217 1674 respondet
1244 1640 1275 1664 et
1301 1633 1435 1674 inprit:
1464 1633 1516 1664 Ad
1544 1633 1690 1665 tercium
1719 1633 1877 1665 dubium.

146 1689 245 1720 Tunc
272 1690 305 1720 in
333 1688 399 1720 fine
427 1690 523 1720 istius
549 1690 718 1731 scripture
744 1696 824 1720 sunt
850 1690 969 1732 pulcra
995 1691 1147 1732 quedam
1175 1698 1208 1722 et
1234 1691 1384 1732 primum
1412 1698 1478 1722 est:
1507 1691 1537 1721 O
1565 1701 1665 1723 curas
1683 1690 1878 1722 hominum.

146 1748 229 1779 Item
258 1748 449 1787 Quomodo
476 1749 662 1790 episcopus
688 1755 832 1780 venator
858 1749 1012 1790 arguitur
1039 1755 1070 1780 et
1096 1750 1144 1780 sic
1171 1750 1306 1791 incipit:
1336 1749 1490 1781 Salutem
1518 1756 1549 1780 et
1575 1750 1800 1791 pacienciam.

146 1806 230 1837 Item
258 1806 354 1837 Dicta
381 1806 532 1847 magistri
559 1805 727 1838 ,Iohannis
754 1807 828 1837 Hus
856 1813 971 1837 contra
999 1807 1121 1838 Stokes
1148 1813 1181 1838 et
1206 1808 1339 1849 incipit:
1375 1807 1463 1838 Cum
1497 1807 1643 1849 quilibet
1673 1806 1784 1838 homo
1812 1813 1878 1837 etc-

283 1865 359 1895 Jam
379 1864 522 1895 alterius
541 1865 709 1906 scripture
728 1872 891 1896 tractatus
910 1872 1114 1907 sequuntur.
1133 1865 1235 1905 (This
1254 1866 1380 1897 second
1400 1864 1492 1896 hand
1511 1865 1632 1907 begins
1651 1865 1684 1896 in
1704 1865 1761 1896 fol.
1777 1864 1878 1905 154³.)

147 1934 231 1964 Item
259 1934 308 1965 De
337 1940 470 1974 septem
499 1934 601 1965 donis
628 1935 776 1976 Spiritus
803 1936 916 1966 Sancti
944 1942 977 1966 et
1003 1935 1136 1976 incipit:
1165 1935 1253 1966 Cum
1280 1936 1428 1977 Spiritus
1454 1935 1497 1966 sit
1522 1935 1625 1966 tercia
1651 1944 1810 1976 persona.

149 1992 232 2023 Item
259 1991 378 2022 XVIII⁰
404 2000 607 2033 argumenta
634 1994 758 2024 Strode
785 2000 817 2025 et
844 1994 976 2035 incipit:
1006 1993 1096 2033 Quia
1122 1994 1314 2025 secundum
1342 1993 1603 2035 philosophum.

150 2050 233 2080 Item
261 2049 412 2087 Quidam
440 2056 602 2081 tractatus
629 2051 686 2092 qui
716 2051 849 2093 incipit:
879 2051 1000 2082 Fertur
1026 2052 1203 2092 quendam
1231 2051 1368 2082 fratrem
1398 2051 1564 2082 inflatum.

150 2108 233 2138 Item
260 2107 442 2138 Tractatus
470 2108 511 2139 de
539 2109 739 2150 magisterio
767 2116 798 2140 et
825 2110 959 2151 incipit:
988 2109 1076 2140 Cum
1104 2110 1252 2140 sciencia
1279 2109 1384 2140 inflat.

149 2165 234 2196 Item
261 2175 334 2206 cap.
360 2166 480 2197 ΧΧΙΙΙ0
507 2166 626 2198 Matth.
655 2174 687 2198 et
713 2168 848 2209 incipit:
878 2168 967 2199 Cum
994 2168 1169 2209 sapiencia
1195 2168 1256 2199 Dei
1285 2168 1403 2209 patris.

151 2224 234 2254 Item
260 2223 379 2254 Matth.
404 2224 527 2255 XXIV⁰
554 2231 587 2255 et
613 2225 746 2266 incipit:
776 2226 866 2264 Quia
893 2226 1114 2268 evangelium
1142 2226 1245 2257 istud.

150 2281 234 2312 Item
260 2281 311 2312 De
337 2281 505 2322 religione
532 2283 662 2323 privata
690 2290 721 2314 et
748 2284 881 2325 incipit:
910 2284 945 2314 In
974 2284 1115 2315 materia
1143 2284 1184 2315 de
1211 2284 1379 2325 religione
1407 2283 1550 2325 privata.

151 2339 235 2370 Item
263 2340 313 2370 De
339 2339 526 2370 Solucione
553 2341 677 2372 Satane
703 2348 780 2382 post
807 2342 900 2373 mille
927 2348 959 2373 et
984 2342 1116 2384 incipit:
1146 2342 1323 2381 Quantum
1350 2342 1391 2373 ad
1418 2342 1604 2373 obiectum.

153 2398 236 2428 Item
265 2397 377 2429 forma
403 2398 584 2430 iuramenti
614 2399 757 2430 Arnoldi
786 2406 818 2430 et
844 2400 977 2441 incipit:
1006 2400 1333 2431 Formidantissime
1358 2410 1427 2431 rex.

152 2455 235 2486 Item
262 2461 424 2487 tractatus
451 2456 500 2487 De
528 2456 816 2487 Confessionibus
843 2464 875 2488 et
901 2458 1034 2499 incipit:
1062 2458 1140 2488 Duo
1167 2464 1247 2488 sunt
1273 2464 1487 2488 sacramenta
1513 2457 1688 2498 precipua.

152 2513 237 2544 Item
263 2519 425 2545 tractatus
458 2514 508 2545 De
541 2514 872 2556 Condempnacione
904 2516 993 2546 XIX⁴¹
1021 2516 1295 2547 Conclusionum
1329 2522 1361 2546 et
1393 2515 1525 2556 incipit:
1566 2515 1654 2545 Cum
1687 2513 1879 2545 secundum

290 2572 511 2613 Apostolum.

154 2630 237 2660 Item
264 2636 342 2660 ante
367 2628 433 2660 hoc
460 2630 502 2660 de
528 2630 795 2661 vaticinacione:
824 2631 912 2661 Cum
940 2631 1134 2661 secundum
1160 2637 1297 2661 sanctos
1324 2636 1455 2671 spectat
1481 2636 1544 2661 etc.

153 2688 237 2718 Item
264 2688 314 2718 De
342 2687 480 2718 duobus
507 2689 730 2719 sacramentis
758 2688 952 2719 Eukaristia
979 2688 1173 2730 penitencia
1199 2694 1231 2719 et
1258 2687 1478 2719 confessione
1505 2687 1701 2718 auriculari.

154 2745 239 2776 Item
264 2745 315 2776 De
342 2745 427 2776 Fide
455 2745 632 2777 catholica.
660 2747 857 2788 Suppositis
885 2747 982 2777 dictis
1010 2753 1071 2777 etc.

155 2804 238 2834 Item
265 2804 315 2835 De
342 2803 562 2836 I'erfecci0ne
589 2806 763 2836 Statuum:
792 2805 878 2836 Cum
906 2806 1039 2837 viantes
1066 2812 1097 2836 et
1126 2805 1244 2836 fratres
1271 2803 1475 2846 specialiter.

155 2861 237 2892 Item
265 2862 449 2893 Sermones
476 2863 508 2893 in
535 2861 613 2894 fine.
