2062 3276
213 882 249 902 10

172 965 249 996 Fol.

168 1009 249 1054 291⁶

207 2143 248 2175 3ο

259 235 394 264 SERMO
417 225 470 283 llv]
743 238 935 278 QUARTA
964 239 1089 270 PARS.

267 344 413 381 sufficit
447 353 574 381 totum
611 357 791 392 regnum.
827 346 874 380 Et
909 343 1117 381 excusacio
1158 344 1307 381 diaboli
1348 344 1575 390 adinventa,

266 402 417 439 scilicet
442 404 549 451 quod
575 403 702 439 clerus
726 402 798 439 iste
821 402 964 451 triplex
989 411 1153 451 propter
1178 401 1294 438 istam
1321 402 1576 439 dotacionem

265 460 463 509 spirituali
497 461 687 509 suffragio
720 460 910 497 fortificat
944 472 1110 509 regnum
1144 469 1343 506 nostrum,
1379 469 1435 496 est
1460 461 1577 508 plena

266 518 476 555 accusacio
510 531 581 567 per
613 518 835 555 antifresim
871 518 1086 555 intellecta.
1136 517 1342 567 Numquid
1377 517 1578 554 credimus

267 577 442 625 prelatos
476 586 634 613 nostros
667 576 734 625 qui
768 577 817 613 ad
850 573 1005 613 tantum
1043 589 1114 625 per
1147 575 1370 613 dominium
1405 589 1521 612 suum
1556 589 1577 612 a

267 634 429 672 Christo
463 636 707 683 degenerant
741 635 847 683 apud
882 634 1012 683 ipsum
1060 634 1234 671 dominis
1280 643 1316 670 et
1358 634 1464 683 plebi
1509 646 1578 670 sue

266 692 469 741 copiosius
502 692 738 741 suffragari?
784 692 989 741 Numquid
1035 694 1213 729 secundo
1253 692 1454 728 credimus
1487 691 1577 728 reli-

266 750 399 799 giosos
432 751 755 799 possessionatos
789 763 832 786 ex
866 751 941 787 hoc
976 752 1083 799 quod
1117 764 1138 787 a
1171 750 1364 798 religione
1398 750 1577 799 primeva

265 818 497 857 apostatant
542 818 578 845 et
624 808 872 845 dimittentes
912 809 1123 857 corporale
1162 808 1402 845 laboricium
1442 821 1577 856 sump-

265 866 418 903 tuosius
452 866 637 904 ociantur
670 867 757 915 plus
792 867 1057 915 corporaliter
1089 867 1151 904 vel
1184 866 1447 915 spiritualiter
1486 879 1577 914 pro-

265 927 409 962 derunt
449 937 572 973 regno
605 925 769 961 nostro?
815 927 966 961 Revera
1005 925 1108 961 sicut
1148 924 1292 973 prelati
1331 924 1459 961 nostri
1498 937 1577 961 ser-

267 984 399 1020 vando
452 983 675 1032 primevam
730 983 964 1032 pauperiem
994 978 999 1037 Ι
1028 991 1237 1031 portarent
1290 992 1410 1032 caput
1461 995 1577 1019 suum

265 1041 419 1078 reccius
452 1042 501 1078 ad
534 1041 799 1090 spiritualiter
823 1042 1128 1090 speculandum,
1164 1041 1220 1077 sic
1251 1041 1427 1089 religiosi
1451 1040 1578 1077 nostri

264 1099 553 1148 possessionati
576 1099 855 1148 temporaliter
879 1099 1081 1136 extenuati
1104 1099 1234 1136 forent
1251 1099 1377 1148 magis
1393 1098 1577 1148 dispositi

265 1160 314 1194 ad
348 1159 560 1195 orandum.
595 1160 643 1194 Et
675 1157 872 1207 numquid
902 1157 1028 1195 tercio
1063 1157 1265 1194 credimus
1289 1159 1397 1207 quod
1421 1158 1578 1204 fratres,

265 1215 359 1265 quia
392 1217 439 1252 de
471 1225 531 1253 tot
563 1215 855 1264 temporalibus
888 1216 1067 1264 spoliant
1112 1228 1279 1265 regnum
1326 1225 1507 1253 nostrum
1542 1225 1580 1252 et

265 1283 323 1311 tot
357 1274 577 1312 mendaciis
611 1275 732 1311 modo
767 1285 865 1323 quot
889 1274 1072 1311 Christus
1096 1274 1316 1323 impeditus
1339 1275 1467 1312 fuerat
1491 1286 1578 1322 per-

265 1333 428 1369 turbant
461 1332 603 1370 callide
635 1342 765 1370 totum
800 1345 967 1381 regnum
1014 1345 1057 1369 ex
1101 1333 1280 1370 novitate
1324 1346 1408 1379 sua,
1455 1345 1578 1380 regno

267 1391 416 1427 faciunt
462 1390 727 1439 spiritualiter
772 1392 1107 1439 recompensam?
1161 1393 1311 1428 Revera
1355 1404 1448 1437 non,
1503 1390 1577 1426 nisi

265 1450 485 1485 secundum
541 1449 820 1486 condicionem
875 1449 1001 1497 patris
1054 1449 1256 1486 mendacii
1309 1449 1578 1498 multiplicant

267 1508 370 1544 mala
405 1520 488 1553 sua,
534 1520 626 1544 nam
667 1516 833 1556 peccata
875 1520 950 1556 que
983 1516 1075 1543 sunt
1109 1520 1228 1545 causa
1261 1507 1390 1544 tocius
1423 1516 1578 1556 pertur-

265 1565 444 1602 bacionis
489 1565 599 1614 regni
642 1565 825 1602 nutriunt
871 1574 908 1602 et
952 1566 1170 1603 occultant.
1224 1568 1424 1614 Rogemus
1458 1565 1578 1614 igitur

265 1625 373 1672 quod
412 1636 477 1660 rex
509 1633 646 1660 noster
679 1624 877 1660 Ricardus
921 1625 1156 1661 recordetur
1201 1623 1364 1661 acucius
1410 1625 1457 1661 de
1503 1622 1578 1659 hiis

264 1681 404 1728 tribus,
458 1695 501 1718 ex
545 1682 689 1731 quibus
734 1691 1042 1731 prosperaretur
1087 1695 1253 1731 regnum
1298 1695 1430 1728 suum,
1476 1681 1578 1718 sicut

231 1745 525 1789 Jprosperatur
558 1753 723 1789 regnum
757 1740 906 1777 Christi
941 1741 990 1777 ad
1024 1740 1327 1777 similitudinem
1353 1739 1577 1785 Trinitatis,

264 1811 352 1834 cum
408 1807 521 1847 pater
574 1812 667 1835 suus
722 1799 896 1836 carnalis
942 1799 1171 1836 Edwardus
1222 1798 1496 1835 nobilissimus
1541 1806 1578 1834 et

263 1856 561 1893 strenuissimus
596 1857 761 1894 affectus
795 1857 869 1893 fuit
902 1857 1133 1906 specialiter
1164 1857 1367 1894 Trinitati.

784 1982 978 2022 SERMO
1012 1983 1058 2022 Il.

323 2078 439 2114 Dixit
471 2078 635 2114 Martha
668 2078 720 2113 ad
749 2078 892 2114 Jesum.
929 2079 1015 2114 Joh.
1051 2079 1138 2123 X10‚
1175 2088 1240 2114 21.

1820 242 1857 265 11

1604 466 1671 494 The
1692 475 1801 494 excuse
1822 468 1857 495 of

1616 501 1760 540 spiritual
1777 502 1847 537 help

1668 545 1694 564 is
1716 544 1795 563 vam.

1650 756 1712 783 Arc
1732 755 1810 783 their

1615 799 1741 827 prayers
1762 799 1846 817 more

1661 826 1796 852 effectual

1622 861 1750 887 because
1771 860 1840 896 they

1656 895 1732 922 havc
1753 895 1804 921 left

1620 929 1754 957 Christ's
1773 933 1839 966 truc

1659 964 1805 999 religion?

1599 1510 1659 1539 We
1680 1514 1762 1537 must
1784 1509 1821 1536 ho
1848 1518 1861 1536 c

1616 1553 1673 1572 our
1694 1544 1766 1579 king
1787 1519 1847 1572 will

1653 1579 1693 1607 do
1715 1579 1806 1614 right,

1620 1614 1844 1649 remembcring

1634 1649 1681 1677 his
1701 1649 1826 1676 father's

1603 1684 1746 1712 devotion
1768 1688 1797 1711 to
1819 1684 1867 1711 thc

1662 1719 1796 1755 Trinity.

323 2137 491 2173 Constat
525 2148 568 2172 ex
603 2136 680 2172 fide
713 2135 908 2184 evangelii
942 2137 1051 2185 quod
1075 2136 1260 2172 Christus
1293 2144 1373 2172 tres
1398 2143 1579 2171 mortuos
1594 2142 1661 2171 The
1682 2143 1765 2171 three
1786 2143 1862 2170 dead

265 2194 471 2231 suscitavit
505 2195 554 2231 ad
589 2196 864 2231 denotandum
900 2196 1010 2243 quod
1043 2194 1187 2242 triplex
1233 2203 1290 2230 est
1336 2205 1459 2241 genus
1505 2192 1580 2229 cri-

267 2252 385 2288 minis
419 2265 439 2289 a
474 2265 553 2301 quo
587 2252 998 2301 proporcionabiliter
1031 2252 1175 2289 liberat
1221 2253 1289 2288 sed
1333 2264 1415 2288 non
1459 2252 1578 2288 ultra.

265 2311 424 2347 Martha
457 2319 591 2347 autem
626 2324 741 2347 soror
775 2311 915 2347 Lazari
950 2310 1018 2359 qui
1050 2310 1124 2346 fuit
1162 2309 1375 2347 suscitatus
1414 2308 1581 2345 ultimus

265 2369 409 2404 horum
443 2368 565 2405 trium
598 2368 672 2405 fuit
704 2369 915 2406 familiaris
939 2369 1100 2406 Christo
1134 2381 1179 2405 ex
1211 2367 1508 2405 domesticitate
1541 2367 1580 2403 in

266 2426 356 2477 fide,
389 2426 428 2463 in
462 2426 646 2475 hospicio
680 2436 717 2464 et
752 2426 792 2463 in
823 2427 943 2464 victu.
990 2428 1149 2464 Martha
1194 2435 1329 2463 autem
1368 2425 1478 2475 prius
1511 2426 1580 2463 ob-

332 2557 356 2576 2.
377 2550 421 2577 A:
448 2549 612 2578 secundum
652 2549 720 2578 uod.
806 2559 836 2584 4.
857 2549 1051 2586 antz'fresim;
1077 2549 1116 2577 F:
1144 2550 1313 2577 antetesim.
1406 2548 1431 2577 5.
1453 2549 1497 2576 A:
1523 2556 1581 2583 per

263 2585 426 2612 dominum.
490 2594 531 2618 14.
552 2585 618 2612 (jod
647 2595 670 2613 .:
692 2588 911 2621 temporanter.
975 2593 1013 2620 17.
1029 2586 1072 2612 A:
1088 2592 1147 2620 quo
1161 2584 1309 2612 Christus.
1378 2591 1422 2618 27.
1438 2584 1471 2611 111
1488 2584 1578 2610 Dubl.

263 2619 328 2647 MS.
349 2619 432 2646 there
453 2628 503 2646 are
523 2625 609 2647 notes
636 2620 665 2647 in
686 2620 737 2647 the
763 2619 883 2655 margin
910 2619 939 2647 in
967 2628 982 2646 a
1010 2628 1095 2647 more
1123 2619 1251 2647 modern
1281 2618 1377 2646 hand:
1409 2618 1581 2645 Richardux

261 2653 422 2681 Secundus
454 2654 518 2682 Rex
548 2653 680 2690 Anglt'ae
710 2663 740 2682 α.
773 2663 866 2690 13’77,
897 2654 1029 2682 Eduard
1057 2654 1111 2681 III.
1144 2654 1187 2681 Ae
1220 2654 1377 2688 (Angliae)
1407 2661 1464 2680 rex
1490 2661 1578 2688 ¹327-

263 2689 308 2716 28.
337 2688 395 2716 Hic
421 2697 523 2716 sermo
549 2689 579 2716 in
606 2689 696 2716 codd.
724 2690 762 2723 A,
788 2684 827 2723 D,
854 2689 888 2723 E,
916 2689 939 2717 F
967 2694 1057 2716 extat.
1084 2689 1117 2716 In
1145 2691 1213 2716 cod.
1235 2688 1259 2715 D
1282 2689 1310 2716 in
1340 2688 1473 2715 secunda
1495 2692 1579 2722 parte

264 2724 314 2751 fol.
332 2722 504 2759 12312-1260,
525 2724 555 2752 in
576 2724 644 2752 cod.
665 2724 690 2752 E
709 2724 739 2751 in
762 2724 862 2759 prima
883 2729 967 2759 parte
988 2724 1017 2751 in
1040 2724 1097 2751 fine
1118 2724 1255 2751 habetur.
1329 2722 1371 2750 33.
1393 2723 1433 2750 F:
1454 2722 1579 2749 Martha

264 2766 351 2794 ergo.

336 2829 389 2861 28.
419 2830 548 2872 Gospel
575 2830 615 2861 of
636 2830 694 2862 the
720 2831 824 2862 Missa
851 2842 912 2873 pro
939 2830 1120 2862 defunctis.
1147 2830 1199 2862 Cf.
1218 2828 1376 2873 Wyclif's
1403 2831 1578 2869 Scrmons,

267 2876 321 2908 ed.
347 2876 391 2919 by
419 2877 561 2917 Arnold,
589 2877 627 2917 ΙΙ,
653 2887 730 2920 pag.
759 2887 834 2909 212.
966 2877 1019 2910 31.
1046 2877 1098 2909 Cf.
1125 2877 1309 2909 Sermones
1336 2877 1358 2917 Ι,
1387 2876 1578 2918 317-330.

1596 2178 1692 2206 raised
1708 2179 1745 2214 by
1756 2177 1870 2206 Christ.
