2062 3276
272 246 408 275 SERMO
429 234 524 294 rvi]
767 247 959 287 QUARTA
988 247 1115 278 PARS.
1793 237 1872 282 435

275 367 356 391 non
389 353 571 391 exhibeat
603 366 714 390 suam
750 352 999 401 presenciam
1029 352 1292 400 corporalem,
1327 351 1477 388 audivit
1503 365 1588 388 cor-

274 412 505 461 repcionem
546 411 836 448 revocatoriam
874 411 923 446 ab
957 422 1103 455 errore,
1143 411 1307 458 quando
1347 410 1498 446 dictum
1533 419 1589 447 est

275 470 349 506 sibi
382 470 454 506 nisi
483 470 596 521 signa
630 469 804 505 videritis
835 477 1044 516 tamquam
1078 466 1289 515 generacio
1321 467 1527 504 incredula
1551 476 1588 504 et

275 528 443 576 prodiga
475 537 683 576 tamquam
729 525 941 575 generacio
986 525 1188 570 indurata,
1229 538 1301 560 non
1340 526 1499 562 creditis
1531 526 1588 561 di-

242 585 481 623 5vinitatem
524 584 685 622 Christi.
740 585 818 621 Sed
863 584 1026 632 quando
1071 582 1292 631 precipitur
1338 583 1394 619 ire
1434 583 1511 619 fide
1552 592 1588 619 et

274 656 395 692 opere
429 652 465 680 et
497 651 752 679 assecuratur
784 643 893 690 quod
926 641 1064 678 exinde
1097 639 1279 689 sequitur
1311 640 1435 676 filium
1471 654 1586 676 suum

274 701 416 747 vivere,
457 709 495 737 et
526 709 621 737 tunc
654 701 750 737 hora
782 699 944 749 septima
983 707 1149 735 narrant
1180 698 1286 734 servi
1311 699 1443 748 filium
1477 711 1587 734 suum

276 760 418 803 vivere,
452 768 489 795 et
525 767 620 795 tunc
652 758 819 795 credidit
851 769 936 793 cum
969 765 1049 793 tota
1071 756 1233 806 familia
1267 758 1374 804 quod
1407 756 1589 793 Christus

275 817 463 853 divinitus
503 829 592 853 eum
626 816 838 853 sanaverit.
886 815 994 852 Licet
1032 823 1166 852 autem
1208 813 1383 863 quelibet
1416 827 1588 862 persona
1612 820 1669 860 We
1691 823 1874 858 mayapply

222 890 259 910 10
275 875 439 912 ecclesie
491 874 603 910 cuius
655 874 819 922 spiritus
871 882 1080 922 tamquam
1134 872 1237 909 filius
1291 872 1493 909 febricitat
1546 885 1589 908 ex
1612 857 1672 918 ῘῙἪῘ
1692 857 1869 919 Ηὲᾗὲωζιιῐιῖ]

274 932 612 981 distemperancia
645 941 819 981 quatuor
850 931 1115 968 affeccionum
1149 932 1267 967 debet
1299 943 1441 978 rogare
1475 930 1590 967 Chri·
1605 927 1878 996 Chffi'tissessolx'xyw

274 1001 378 1027 stum
425 1004 498 1039 pro
544 990 627 1026 eius
672 990 887 1027 sanacione
921 998 958 1025 et
996 989 1174 1025 titubans
1215 989 1254 1024 in
1295 988 1371 1024 fide
1412 1001 1455 1024 ex
1495 1001 1588 1025 con-
1724 984 1729 987 “
1872 985 1878 991 ’

275 1049 447 1086 tidencia
486 1048 768 1096 temporalium
808 1061 888 1084 non
927 1047 1053 1084 credit
1090 1046 1300 1095 spirituale
1339 1046 1588 1094 suffragium,

275 1107 349 1143 nisi
374 1109 479 1143 Deus
510 1108 695 1143 ostendat
726 1106 801 1143 sibi
834 1106 947 1154 signa
980 1105 1176 1153 scripture
1209 1117 1320 1141 sacre
1343 1113 1381 1141 et
1404 1104 1589 1152 prodigia

222 1165 556 1213 15inspiracionis
588 1164 757 1211 interne,
798 1164 854 1200 sic
887 1165 995 1213 quod
1027 1173 1123 1199 tunc
1154 1164 1273 1200 vadat
1306 1163 1479 1199 formata
1512 1162 1589 1198 fide

275 1237 353 1272 que
384 1223 480 1259 vivit
519 1235 562 1259 ex
600 1236 720 1271 opere
754 1232 791 1259 et
829 1222 886 1259 sic
925 1230 1187 1270 recognoscat
1226 1222 1333 1269 quod
1373 1221 1472 1257 hora
1510 1234 1589 1268 qua

275 1291 427 1330 septem
473 1290 639 1329 peccata
682 1280 943 1317 remittuntur
983 1289 1020 1316 et
1058 1288 1211 1327 septem
1245 1278 1418 1327 Spiritus
1451 1279 1587 1315 Sancti

275 1339 490 1376 carismata
528 1339 785 1385 inducuntur,
826 1339 933 1387 quod
971 1347 1066 1374 tunc
1105 1337 1268 1386 spiritus
1300 1336 1395 1373 vivit
1428 1340 1512 1373 Deo
1552 1345 1588 1373 et

276 1399 352 1434 hoc
391 1410 435 1434 ex
472 1397 710 1433 narracione
755 1409 925 1445 operum
972 1395 1273 1432 meritoriorum
1320 1408 1396 1443 que
1435 1408 1478 1431 ex
1523 1397 1588 1432 de-

219 1455 451 1492 2olectabili
485 1455 702 1491 devocione
739 1455 801 1491 hic
834 1454 907 1490 sibi
942 1455 1138 1498 referunt;
1173 1462 1208 1490 et
1241 1453 1298 1489 sic
1332 1454 1469 1489 credat
1496 1466 1585 1489 cum

276 1514 463 1550 omnibus
515 1513 710 1559 sensibus,
763 1521 897 1549 tamen
951 1511 1148 1548 extensius
1201 1512 1404 1559 loquendo
1458 1520 1588 1559 potest
1617 1553 1650 1580 C!
1666 1526 1701 1545 οι·
1721 1523 1750 1579 ἷο
1771 1518 1820 1580 illm

1652 1561 1740 1580 Ull'Cl
1762 1562 1788 1579 w
1802 1562 1867 1580 iosc

277 1573 434 1619 regulus
474 1571 546 1608 iste
585 1580 726 1608 notare
765 1570 971 1607 ecclesiam
1008 1570 1085 1606 iam
1121 1579 1344 1617 presentem
1379 1583 1456 1617 que
1489 1578 1589 1605 tam-
1675 1587 1810 1615 children

276 1643 397 1678 quam
451 1629 619 1678 pusillus
670 1642 760 1677 grex
806 1638 863 1665 est
909 1629 1030 1664 frater
1063 1628 1211 1664 Christi
1266 1640 1404 1675 regens
1457 1636 1590 1674 partes
1612 1623 1880 1686 spisigffillssessiclss

276 1701 380 1725 suas.
426 1688 548 1724 Cuius
586 1701 708 1723 unum
752 1688 977 1724 membrum
1012 1695 1053 1722 ut
1094 1686 1196 1721 filius
1234 1686 1435 1721 febricitat
1475 1685 1589 1733 spiri·
1668 1690 1817 1719 restored.

220 1750 259 1781 25
277 1746 437 1782 tualiter
481 1746 520 1782 in
553 1747 855 1794 Capharnaum,
900 1745 938 1780 id
979 1754 1048 1783 est,
1095 1744 1133 1779 in
1179 1757 1274 1790 agro
1320 1743 1589 1791 pinguedinis,

276 1804 370 1852 quia
404 1806 493 1840 Eze.
526 1806 646 1848 xvv),
681 1816 733 1850 49
770 1803 936 1839 dicitur:
984 1803 1065 1837 Hec
1092 1803 1177 1850 suit
1215 1803 1393 1850 iniquitas
1426 1803 1592 1837 Sadame

275 1863 426 1898 sororis
464 1871 546 1898 tue:
584 1863 777 1910 superbia,
816 1862 1003 1897 saturitas
1037 1861 1150 1909 panis
1183 1868 1217 1895 et
1250 1861 1516 1895 habundancia
1556 1868 1591 1895 et

276 1921 398 1956 ocium
446 1921 560 1957 illius.
615 1920 917 1967 Temporalium
971 1918 1132 1965 quidem
1183 1918 1395 1953 affluencia
1447 1927 1503 1953 est
1550 1927 1590 1953 ut

277 1978 494 2026 plurimum
530 1978 689 2014 occasio
713 1977 932 2025 spiritualis
957 1976 1074 2012 febris
1099 1975 1277 2020 ecclesie,
1312 1975 1406 2022 quia
1430 1976 1590 2012 Psalmo

218 2038 395 2082 30CVI0,
431 2038 452 2071 6
499 2036 662 2072 dicitur:
714 2036 991 2071 Clumaverunt
1030 2035 1080 2069 ad
1122 2035 1343 2078 Dominum,
1390 2046 1474 2068 cnm
1520 2034 1589 2068 tri-

276 2095 516 2130 buliu-entur.
557 2095 658 2130 Orat
690 2102 823 2130 autem
866 2093 929 2128 hic
968 2093 1128 2139 regulus
1168 2093 1276 2139 quod
1317 2092 1472 2138 placeat
1507 2094 1590 2127 Deo

276 2153 508 2188 descendere
540 2162 576 2188 et
617 2154 798 2187 membra
837 2164 907 2187 sua
947 2153 997 2186 ad
1037 2159 1402 2197 temperamentum
1445 2149 1591 2197 prime-

275 2224 366 2247 vum
415 2212 619 2253 reducere,
665 2210 758 2258 quia
803 2211 983 2245 nondum
1030 2208 1168 2244 didicit
1213 2209 1322 2244 illam
1368 2207 1589 2244 leccionem

277 2269 456 2317 Apostoli
491 2268 589 2304 Phil.
617 2270 700 2313 1V0‚
732 2278 798 2303 12:
834 2268 919 2303 Scio
953 2267 1179 2302 habundare
1212 2274 1245 2301 et
1278 2267 1355 2301 scio
1385 2268 1589 2314 penuriam

219 2327 367 2375 35pati.
404 2329 484 2362 Nec
509 2327 681 2363 extendit
706 2339 745 2362 se
771 2327 840 2362 hec
873 2325 1009 2362 oracio
1043 2325 1209 2360 ecclesie
1243 2325 1371 2360 solum
1407 2326 1457 2360 ad
1480 2324 1589 2360 vivos

277 2387 343 2420 sed
379 2397 547 2432 capaces
582 2394 761 2420 mortuos
795 2385 1013 2420 secundum
1051 2382 1285 2429 dignitatem
1322 2395 1400 2429 qua
1434 2382 1590 2428 diguiti-

277 2452 418 2479 carunt
451 2456 491 2478 se
525 2443 563 2478 in
596 2443 658 2479 via
692 2446 749 2477 (ut
782 2451 890 2489 patet
924 2453 1108 2477 sermone
1142 2441 1354 2488 proximo).

336 2502 427 2537 Ideo
451 2500 527 2536 isto
551 2500 614 2537 die
637 2501 959 2548 specialiterquo
976 2498 1141 2535 ecclesia
1166 2499 1257 2534 facit
1280 2511 1368 2534 men
1400 2495 1403 2550 l
1433 2498 1588 2534 cionem
1607 2503 1654 2530 On
1678 2504 1737 2530 this
1758 2504 1809 2543 da>¹
1837 2513 1880 2530 wc

277 2572 350 2606 pro
391 2558 559 2594 mortuis
599 2560 715 2594 debet
760 2558 927 2606 quilibet
973 2556 1213 2593 christianus
1252 2565 1458 2603 tamquam
1500 2570 1591 2604 pro-
1612 2539 1875 2608 {12¹ffif:.¹m5plffi¹³¹t'l¹‚{

218 2626 439 2661 40curator
484 2626 521 2652 et
566 2618 783 2653 advocatus
837 2615 965 2651 fidelis
1019 2614 1137 2651 amici
1187 2615 1332 2650 mortui
1381 2627 1453 2662 pro
1503 2614 1590 2661 ipso
1700 2610 1787 2636 30ᾈᾶ-

278 2688 414 2722 preces
449 2674 587 2721 dignas
622 2677 705 2710 Deo
738 2675 954 2710 effundere.
1000 2675 1059 2709 Ad
1095 2674 1168 2707 hoc
1208 2672 1312 2707 enim
1354 2672 1591 2719 relinquitur

186 2482 261 2513 Ful.

181 2528 261 2557 *aab

348 2808 372 2841 3,
392 2817 420 2840 4.
442 2809 486 2836 A:
508 2809 667 2835 incredula
687 2824 719 2827 —
740 2809 908 2843 generacio
930 2808 1023 2834 deest.
1088 2815 1113 2842 7.
1134 2808 1178 2834 A:
1200 2810 1230 2833 et
1248 2806 1342 2833 deest.
1399 2814 1426 2840 o.
1451 2806 1520 2833 DG:
1542 2814 1592 2832 sa-

277 2844 408 2870 naverit.
536 2844 575 2870 10.
596 2844 641 2870 A:
669 2851 727 2878 que
746 2844 839 2870 vincit
857 2851 903 2870 ex.
1030 2851 1069 2877 17,
1092 2842 1132 2869 18.
1154 2843 1198 2868 fl:
1226 2842 1336 2869 Sancti
1352 2857 1385 2860 —
1404 2841 1477 2868 vivit
1496 2840 1590 2867 deest.

278 2886 322 2906 20.
344 2880 388 2905 A:
409 2878 464 2905 hec
481 2878 547 2905 sihi.
622 2876 664 2906 23.
688 2878 729 2905 D:
749 2878 880 2913 pusillus
898 2886 1072 2914 grecorum.
1146 2876 1187 2904 35.
1208 2878 1252 2904 A:
1274 2877 1399 2904 vicinos.

1387 2924 1458 2956 28÷÷
