2062 3276
229 265 311 310 432
813 274 1037 306 JOHANNIS
1054 273 1240 306 WYCLIF
1259 273 1515 305 sERMoNuM
1590 258 1741 316 [SERMO
1762 269 1826 296 Lv.

519 381 707 417 advolant
739 379 823 416 sine
846 393 968 428 pena3
1002 380 1165 417 secundi
1189 380 1281 416 licet
1313 388 1539 428 preponant
1568 378 1826 415 affeccionem

518 438 803 486 temporalium
850 438 1058 475 affeccioni
1105 437 1391 486 spiritualium,
1435 446 1571 473 tamen
1617 446 1659 473 ut
1706 436 1827 484 pluri-

520 509 628 532 mum
669 505 759 532 sunt
797 496 995 544 permixti.
1036 498 1083 532 Et
1124 496 1212 532 illos
1252 504 1411 544 oportet
1450 494 1619 532 cremari
1658 494 1697 530 in
1736 507 1828 542 pur-

519 554 676 601 gatorio
700 554 1065 602 p1·oporcio1·1aliter
1098 555 1146 590 ad
1171 562 1379 601 peccatum
1415 557 1471 598 (ut
1495 561 1657 589 notatur
1681 554 1708 588 Ι.
1734 553 1826 588 Cor.

520 614 603 658 1110,
627 613 701 656 15).
724 612 855 649 Tercii
880 622 968 661 post
990 612 1165 660 graciam
1191 611 1470 659 baptismalem
1494 610 1628 647 statim
1654 609 1829 646 moriun-
1846 612 1862 644 5

521 679 585 705 tur
624 670 707 706 sine
749 671 894 707 merito
932 671 994 707 vel
1033 670 1228 706 demerito
1262 669 1489 716 discretivo,
1528 678 1565 705 et
1598 668 1653 704 illi
1693 667 1830 704 remis-

520 728 676 764 sissime
709 729 971 776 premiantur.
1006 731 1063 764 De
1087 727 1317 776 dampnatis
1350 727 1474 764 eciam
1502 727 1569 775 qui
1602 734 1830 775 preponunt

519 786 556 821 in
592 799 729 822 amore
751 786 991 834 temporalia
1027 795 1116 822 ante
1142 788 1269 821 Deum
1303 799 1417 821 suum
1448 794 1538 821 sunt
1571 785 1648 820 tria
1672 796 1829 832 genera,

518 843 637 892 primi
671 844 738 892 qui
771 845 937 881 omnino
971 852 1206 892 receperunt
1242 844 1357 879 tidem
1398 844 1458 880 vel
1490 843 1561 879 Dei
1601 842 1829 887 carismata,

519 911 555 938 et
601 903 744 938 horum
789 902 953 951 quidam
1008 903 1137 938 solum
1185 910 1451 949 peccaverunt
1498 900 1748 948 originaliter
1795 908 1889 936 etio

520 961 663 996 horum
706 960 870 1008 quidam
912 962 961 997 ad
995 959 1190 1008 originale
1229 959 1468 996 addiderunt
1501 959 1678 1004 actuale3
1717 957 1830 994 tercii

519 1030 612 1054 vero
651 1028 741 1066 post
781 1018 897 1055 fidem
940 1027 977 1055 et
1009 1017 1184 1066 graciam
1226 1017 1506 1066 baptismalem
1542 1017 1696 1064 ingrate
1735 1015 1832 1052 reci-

519 1076 666 1121 divant,
701 1085 737 1112 et
760 1076 861 1113 sicut
894 1076 1014 1124 primi
1041 1075 1262 1116 mitissime,
1298 1076 1352 1111 ita
1376 1076 1439 1111 isti
1462 1075 1694 1123 gravissime
1717 1073 1832 1122 puni-

519 1144 640 1170 untur
672 1140 729 1173 (ut
763 1144 871 1183 patet
904 1135 1005 1171 infra
1029 1136 1222 1171 Sermone
1245 1135 1440 1169 XXXVH‘*
1465 1135 1512 1169 de
1545 1131 1832 1180 ingratitudine

520 1192 660 1238 filiali).
684 1195 785 1229 Nam
810 1202 899 1241 post
923 1192 1162 1229 beneficium
1188 1191 1361 1239 amplius
1385 1200 1588 1239 receptum
1614 1204 1635 1227 a
1660 1189 1832 1226 Domino
1853 1191 1888 1223 15

520 1263 609 1285 eum
645 1251 870 1298 despiciens
911 1250 1037 1298 magis
1070 1259 1221 1298 peccat.
1262 1252 1309 1285 Et
1342 1258 1452 1297 patet
1492 1262 1581 1286 cum
1617 1261 1756 1285 manus
1796 1256 1833 1283 et

520 1310 639 1356 pedes
672 1322 745 1357 pro
779 1318 962 1357 tempore
996 1307 1258 1345 dormicionis
1297 1307 1373 1343 sint
1406 1307 1515 1355 ligati
1549 1308 1681 1355 quoad
1717 1305 1833 1341 meri—

520 1375 602 1402 tum
636 1368 696 1402 vel
719 1367 973 1413 demeritum,
1008 1375 1200 1415 quantam
1225 1378 1388 1413 operam
1424 1367 1611 1402 daremus
1636 1366 1685 1401 ad
1718 1363 1835 1400 semi-

520 1426 697 1460 nandum
739 1438 863 1473 opera
904 1424 1108 1461 meritoria
1147 1426 1240 1460 dum
1282 1423 1344 1460 hic
1383 1437 1532 1460 sumus.
1578 1423 1688 1459 Sicut
1728 1422 1831 1457 enim

522 1495 666 1530 corpus
707 1492 744 1519 et
777 1483 911 1520 anima
949 1482 1142 1531 recipient
1178 1483 1403 1518 mercedem
1445 1482 1565 1517 simul
1597 1494 1670 1529 pro
1709 1479 1833 1516 tercio
1850 1492 1891 1512 20

521 1550 715 1589 tempore,
756 1541 811 1577 sic
844 1550 1003 1589 oportet
1037 1542 1144 1589 quod
1184 1540 1302 1576 simul
1337 1549 1567 1576 mereantur
1599 1538 1833 1587 proporcio<

520 1599 662 1635 naliter
694 1600 743 1636 ad
778 1601 1018 1636 mercedem.

230 1660 316 1696 Fouy
337 1661 505 1696 oshoping
578 1659 631 1692 Ex
665 1670 744 1706 quo
777 1666 887 1705 patet
921 1656 1097 1693 stulticia
1130 1655 1392 1692 mundialium
1419 1655 1661 1703 temporalia
1693 1654 1832 1701 volup-

237 1700 495 1766 pffliissffssffiffby
520 1723 633 1751 tuose
667 1715 1017 1752 accumulancium
1054 1714 1116 1751 hic
1149 1715 1187 1750 in
1210 1713 1273 1750 via
1307 1713 1531 1750 dicencium
1557 1713 1664 1760 quod
1698 1724 1834 1748 execu-

242 1766 332 1800 ΝΟΜ
354 1765 492 1799 legacics.
520 1781 626 1809 tores
659 1773 717 1809 sui
752 1773 949 1809 rediment
982 1772 1137 1809 animas
1170 1785 1308 1809 eorum
1335 1772 1614 1808 defunctorum
1650 1769 1889 1818 pecunia.25

520 1832 619 1867 Nam
654 1831 902 1879 impossibile
937 1840 992 1867 est
1026 1832 1133 1879 quod
1167 1842 1289 1878 opera
1322 1829 1538 1866 elemosine
1570 1829 1728 1865 valeant
1761 1841 1834 1875 pro

520 1897 625 1925 statu
659 1889 818 1937 sompni
843 1888 1051 1925 hom-inum
1078 1890 1126 1925 ad
1151 1889 1335 1933 salutem,
1369 1886 1444 1923 nisi
1470 1886 1834 1935 proporcionaliter

519 1955 561 1982 ut
596 1947 741 1984 meruit
775 1947 837 1984 hic
870 1947 910 1983 in
942 1947 1017 1983 via.
1053 1948 1167 1983 Unde
1199 1959 1292 1994 sepe
1326 1945 1523 1993 contingit
1557 1946 1664 1993 quod
1699 1943 1832 1992 egenis

520 2005 717 2041 defunctis
751 2006 839 2054 plus
871 2005 974 2041 valet
1005 2004 1315 2041 elemosinarum
1350 2003 1515 2050 largicio
1539 2015 1658 2051 quam
1694 2001 1831 2038 mundi

520 2062 708 2099 divitibus
748 2063 815 2112 qui
860 2071 1157 2111 occupaverant
1196 2062 1438 2110 temporalia
1483 2060 1651 2097 civiliter
1690 2059 1753 2096 hic
1794 2059 1831 2094 in
1847 2063 1890 2094 ’.ἕο

518 2120 593 2157 via.
635 2123 746 2158 Patet
788 2134 830 2159 ex
870 2122 946 2157 hoc
985 2122 1092 2169 quod
1133 2132 1349 2167 egenorum
1385 2119 1580 2156 iustorum
1624 2126 1736 2154 erant
1769 2116 1832 2153 hic

520 2179 775 2227 temporalia,
811 2191 898 2215 cum
937 2179 1026 2215 iusti
1054 2179 1129 2214 sint
1159 2179 1299 2221 omnia,
1334 2186 1369 2214 et
1393 2176 1534 2213 divites
1568 2175 1734 2214 civiliter
1767 2187 1832 2211 oc-

520 2246 710 2284 cupantes
734 2239 839 2273 bona
864 2236 1024 2272 Domini
1049 2248 1094 2272 eo
1121 2235 1250 2271 minus
1275 2234 1470 2271 dominati
1494 2234 1548 2270 eis
1572 2246 1651 2282 quo
1674 2234 1762 2282 plus
1786 2245 1831 2269 ea

520 2294 750 2333 dilexerant.
785 2296 1002 2339 Quomodo
1036 2306 1129 2341 ergo
1153 2293 1279 2329 iustus
1304 2292 1489 2329 dominus
1513 2291 1696 2339 capitalis
1720 2290 1831 2327 cuius

519 2361 609 2388 sunt
654 2353 789 2388 omnia
834 2365 913 2388 non
957 2360 1233 2388 remuneraret
1278 2350 1479 2399 copiosius
1519 2362 1676 2386 servum
1715 2362 1828 2385 suum
1847 2350 1887 2384 35»

519 2418 697 2446 utentem
739 2410 892 2446 reccius
938 2410 1051 2446 bonis
1090 2409 1169 2445 suis
1209 2422 1328 2457 quam
1369 2408 1558 2444 ballivum
1601 2406 1663 2443 cui
1701 2407 1830 2443 solum

521 2468 844 2505 accommodavit
877 2468 944 2516 qui
979 2481 1059 2504 non
1093 2476 1250 2504 tantum
1287 2469 1369 2503 Deo
1403 2465 1554 2514 placuit
1587 2465 1627 2501 in
1658 2464 1832 2501 utendo?

256 2528 315 2556 We
336 2533 417 2556 must
436 2529 476 2556 do
578 2528 690 2562 Patet
723 2526 849 2563 eciam
874 2527 981 2574 quod
1006 2525 1172 2561 minima
1197 2524 1403 2561 caritativa
1437 2522 1674 2559 distribucio
1709 2523 1832 2558 bono-

231 2564 504 2626 (Lttfiffefflzxdeul'iosgts
520 2596 607 2619 rum
634 2584 706 2620 Dei
739 2584 779 2620 in
802 2583 968 2620 caritate
1001 2585 1094 2619 dum
1120 2583 1182 2619 hic
1205 2582 1373 2618 vivimus
1398 2590 1454 2618 est
1477 2580 1677 2617 infinitum
1701 2580 1832 2616 valen-

519 2641 602 2677 cior
635 2655 755 2690 quam
790 2650 1101 2690 quantacunque
1133 2642 1331 2677 bonorum
1356 2638 1590 2675 distribucio
1623 2638 1726 2674 facta
1758 2650 1890 2686 pro41·

592 2772 610 2791 1.
632 2763 674 2790 D:
701 2764 835 2791 avolant.
918 2772 946 2796 4.
969 2764 1012 2790 A:
1040 2765 1070 2789 ut
1090 2764 1197 2795 notat,·
1223 2762 1262 2789 ib.
1284 2761 1356 2788 liG:
1384 2761 1399 2787 I
1418 2761 1510 2788 deest.
1593 2768 1620 2795 9.
1643 2761 1686 2787 A:
1725 2760 1833 2791 ’rimm-

521 2799 563 2825 ib.
584 2798 626 2825 D:
648 2798 809 2833 recipiunt.
883 2806 924 2825 10.
946 2797 1018 2824 DG:
1036 2799 1215 2832 peccarunt.
1290 2805 1322 2823 11.
1345 2795 1419 2823 AG:
1441 2796 1549 2822 horum
1570 2795 1669 2828 dees13
1697 2795 1702 2821 i
1732 2816 1737 2821 .
1760 2795 1830 2821 mi:

522 2832 719 2860 addiderant.
792 2840 837 2860 20.
859 2832 902 2859 D:
923 2840 1008 2859 suam
1023 2839 1096 2867 pro.
1169 2830 1215 2865 34.
1238 2831 1278 2857 D:
1301 2831 1408 2867 igitur.

599 2915 648 2945 14.
676 2905 695 2935 i.
722 2915 750 2936 e.
778 2905 899 2936 Sermo
928 2904 1013 2943 LIX,
1040 2913 1117 2945 pag.
1143 2901 1211 2944 464
1238 2909 1269 2933 et
1295 2912 1394 2944 seqq.
