2062 3276
216 258 268 292 44

219 1239 285 1267 The
302 1238 417 1266 wicked
437 1246 494 1265 one

220 1274 347 1301 ronches
359 1282 394 1300 us
405 1274 493 1300 when

266 1317 322 1335 our
342 1307 402 1335 will
424 1308 449 1335 is

221 1343 320 1377 joined
341 1342 414 1370 with
435 1342 494 1369 his.

239 1644 306 1672 The
327 1645 481 1671 membcrs

277 1683 389 1706 cannot
410 1679 444 1706 bc

229 1713 387 1748 separated
410 1714 489 1740 from

281 1749 330 1776 the
352 1748 438 1776 head.

239 2224 334 2251 Error
355 2224 388 2250 of
407 2224 488 2258 Popc

264 2258 343 2285 John
366 2258 458 2286 XXII.

799 257 1022 288 JOHANNIS
1042 255 1226 287 WYCLIF
1247 255 1502 287 SERMONUM
1601 240 1752 298 [SERMO

505 369 643 406 manet,
676 369 710 398 et
742 375 814 399 non
841 370 967 412 potest
995 375 1161 412 peccare
1192 361 1368 411 quoniam
1401 373 1451 397 ex
1482 360 1567 398 Deo
1599 368 1710 396 natus
1742 368 1814 405 θείς

504 419 572 456 ubi
607 429 761 457 certum
796 429 852 457 est
885 422 995 469 quod
1028 420 1281 468 Evangelista
1314 418 1494 467 loquitur
1527 420 1574 455 de
1606 418 1812 455 nativitate

506 491 548 514 ex
582 478 733 515 semine
767 478 1128 526 predestinacionis
1161 487 1197 514 et
1231 479 1278 513 de
1300 485 1467 525 peccato
1490 475 1621 512 finalis
1644 475 1812 524 impeni-

506 536 653 583 tencie3
687 545 725 573 et
758 539 784 572 Ι.
819 537 906 573 Joh.
930 538 998 581 VO,
1040 537 1084 572 18
1126 535 1180 572 sic
1213 534 1419 572 scribitur:
1454 534 1604 570 Scimus
1635 535 1811 582 quoniam

506 595 627 630 omnis
649 596 713 643 qui
743 602 854 630 natus
886 602 940 630 est
973 606 1023 630 ex
1043 593 1129 631 Deo
1151 606 1223 629 non
1241 600 1389 643 peccat,
1421 590 1490 629 sed
1510 592 1716 642 generacio
1739 591 1846 629 Dei5

506 660 707 688 conservat
745 665 829 688 eum
869 659 902 687 et
935 652 1130 702 malignus
1163 664 1233 687 non
1266 651 1391 701 tangit
1424 662 1522 693 eum,
1566 649 1633 685 ubi
1672 658 1812 686 notum

507 720 563 746 est
608 711 716 758 quod
761 709 941 758 loquitur
980 710 1027 746 de
1064 718 1231 758 peccato
1276 708 1407 745 finalis
1451 707 1748 755 impenitencie‚
1794 720 1815 744 a

507 780 587 817 quo
621 769 727 804 malo
761 767 935 816 petimus
968 767 1143 804 liberari.
1180 766 1219 804 Si
1253 776 1386 803 autem
1411 766 1516 802 filius
1540 765 1642 814 regis
1667 764 1815 802 terreni

505 826 564 862 vel
605 825 767 862 alterius
805 834 1036 873 potentatus
1075 825 1198 862 seculi
1239 826 1359 861 habet
1398 823 1740 873 preeminenciam
1774 836 1816 860 ex

508 883 701 931 dignitate
734 883 858 931 patris
892 883 965 928 sui,
1000 896 1049 920 ne
1081 883 1303 920 scurriliter
1335 882 1385 919 sit
1416 891 1624 927 tractatuS‚
1664 890 1816 930 quanto
1836 894 1875 916 10

507 941 634 989 magis
665 941 877 990 generacio
916 941 986 977 filii
1020 941 1091 977 Dei
1129 940 1306 989 adoptivi
1346 949 1483 977 causat
1521 939 1561 976 in
1600 952 1646 976 eo
1686 952 1812 988 quan-

507 1001 599 1036 dam
633 999 928 1048 prerogativam
963 1011 1006 1036 ex
1039 999 1183 1036 virtute
1216 998 1378 1035 seminis
1412 998 1472 1034 sui
1496 997 1736 1043 absconditi,
1770 1009 1817 1033 ne

507 1057 563 1094 sic
596 1070 617 1094 a
651 1059 824 1106 dyabolo
855 1066 1084 1105 superetur;
1117 1058 1223 1094 unde
1246 1069 1315 1105 per
1340 1056 1558 1104 malignum
1583 1055 1818 1104 intelligitur

508 1115 591 1164 ipse
625 1116 819 1164 dyabolus
852 1125 889 1152 et
912 1128 982 1163 per
1005 1125 1156 1152 tactum
1183 1115 1348 1163 maligni
1372 1113 1606 1162 intelligitur
1628 1114 1668 1150 in
1691 1123 1818 1161 temp-

508 1173 709 1210 tacionem
744 1173 945 1210 induccio.
1838 1174 1875 1206 15

568 1232 638 1268 Illa
671 1241 804 1268 autem
838 1233 1059 1268 secundum
1093 1231 1357 1279 philosophos
1390 1239 1559 1278 tangunt
1582 1242 1621 1266 se
1645 1242 1817 1277 quorum

510 1289 652 1326 ultima
691 1299 784 1326 sunt
820 1290 961 1335 simul3
1008 1288 1196 1326 ultimum
1237 1297 1371 1325 autem
1410 1287 1533 1325 animi
1579 1296 1616 1324 et
1660 1286 1819 1335 dyaboli

511 1357 602 1384 sunt
644 1360 713 1384 sue
756 1347 989 1385 voluciones
1034 1360 1124 1384 curn
1170 1346 1357 1395 potencia
1402 1345 1545 1382 ultima
1586 1354 1623 1382 et
1661 1357 1820 1382 summa

511 1405 768 1442 racionabilis
801 1414 985 1442 creature
1018 1405 1067 1442 sit
1099 1418 1171 1442 sua
1195 1406 1391 1442 voluntas.
1427 1406 1500 1440 Iste
1525 1413 1659 1440 autem
1681 1404 1820 1440 volun-

510 1473 611 1500 tates
640 1472 731 1500 sunt
755 1463 888 1510 simul,
913 1465 1075 1512 quando
1098 1463 1139 1499 in
1161 1476 1240 1500 una
1263 1463 1355 1499 volu
1385 1463 1389 1507 Ι
1419 1462 1533 1499 cione
1566 1461 1750 1498 ultimate
1783 1470 1820 1497 et

512 1521 688 1558 indebite
711 1531 803 1558 sunt
827 1521 1061 1567 coniuncte3
1096 1522 1291 1569 dyabolus
1315 1530 1450 1557 autem
1474 1532 1555 1556 non
1579 1528 1710 1568 potest
1733 1532 1820 1567 pre-

512 1579 755 1616 destinatum
791 1579 846 1616 sic
881 1589 1055 1627 tangere.

571 1640 681 1683 Item,
712 1639 761 1674 ad
796 1638 895 1686 Eph.
930 1640 979 1683 10,
1015 1648 1080 1683 22,
1107 1637 1154 1673 23
1195 1636 1290 1673 dicit
1323 1636 1540 1684 Apostolus
1575 1636 1681 1683 quod
1712 1633 1822 1671 Deus

518 1694 715 1733 Christum
757 1696 860 1731 dedit
904 1703 1017 1745 caput
1060 1708 1179 1745 supra
1226 1707 1372 1731 omnem
1419 1694 1617 1730 ecclesiam
1661 1705 1730 1742 que
1768 1700 1821 1728 est

512 1766 654 1803 corpus
686 1754 814 1803 ipsius.
863 1753 903 1789 Si
937 1763 1069 1790 autem
1106 1753 1273 1790 ecclesia
1308 1765 1398 1789 cum
1431 1751 1598 1800 singulis
1633 1750 1823 1787 membris
1840 1754 1879 1785 25

513 1811 593 1850 suis
626 1811 675 1848 sit
708 1824 854 1859 corpus
878 1811 1053 1853 Domini,
1090 1810 1342 1847 manifestum
1379 1819 1436 1846 est
1470 1811 1578 1858 quod
1612 1809 1716 1845 intra
1749 1809 1823 1845 hoc

513 1882 661 1917 corpus
694 1878 854 1917 oportet
887 1882 970 1906 esse
1003 1869 1191 1906 virtutem
1215 1869 1392 1917 aliquam
1417 1867 1638 1916 reghivam,
1673 1875 1710 1903 et
1733 1879 1824 1902 cum

513 1936 673 1975 oportet
706 1928 815 1976 quod
848 1927 898 1963 sit
931 1927 1001 1964 Dei
1035 1927 1159 1964 virtus
1193 1936 1230 1963 et
1254 1926 1325 1963 Dei
1360 1925 1565 1974 sapiencia
1598 1937 1717 1973 quam
1753 1937 1825 1961 nec

513 1986 708 2033 dyabolus
749 1997 822 2022 nec
862 1995 1046 2022 creatura
1086 1985 1221 2033 aliqua
1264 1984 1412 2032 poterit
1451 1995 1653 2032 superare,
1700 1982 1825 2019 mani-

513 2044 655 2080 festum
692 2052 749 2079 est
782 2045 890 2091 quod
921 2044 1076 2079 nullum
1112 2044 1339 2079 membrum
1364 2041 1469 2078 illius
1492 2040 1673 2089 corporis
1697 2049 1825 2088 potest
1843 2045 1883 2076 '30

514 2114 557 2138 ex
610 2101 847 2138 infirmitate
899 2102 958 2138 vel
1012 2114 1106 2138 casu
1160 2100 1296 2149 aliquo
1344 2099 1535 2148 separari.
1590 2100 1681 2135 Ideo
1730 2098 1825 2134 dicit

512 2160 730 2207 Apostolus
773 2161 798 2195 Ι.
834 2161 924 2196 Cor.
959 2160 1061 2205 X110‚
1098 2171 1119 2206 9
1167 2159 1373 2207 quomodo
1412 2166 1469 2194 est
1507 2156 1688 2193 sanitatis
1732 2169 1825 2192 con—

516 2217 654 2253 cordia
687 2216 790 2253 inter
823 2216 979 2265 singula
1010 2218 1190 2253 membra
1214 2215 1375 2253 Christi.
1409 2217 1490 2252 Nec
1521 2224 1579 2251 est
1601 2213 1825 2251 audiendus

514 2276 715 2311 „lohannes
756 2287 861 2323 papa
900 2277 1016 2311 XXII.
1051 2274 1119 2323 qui
1158 2274 1197 2310 in
1236 2273 1316 2310 suis
1350 2272 1698 2321 extravagantibus
1730 2272 1825 2308 fide-

517 2332 620 2369 libus
655 2332 750 2369 dicit
786 2334 894 2381 quod
929 2333 1097 2369 ecclesia
1120 2331 1267 2369 Christi
1301 2344 1381 2368 non
1414 2341 1471 2367 est
1505 2330 1669 2379 proprie
1700 2343 1825 2366 unum
1843 2332 1882 2366 35

518 2403 677 2438 corpus,
725 2403 815 2427 cum
862 2391 1010 2427 directe
1055 2399 1151 2427 tunc
1196 2390 1345 2426 diceret
1384 2389 1492 2438 quod
1530 2388 1613 2436 ipse
1651 2401 1732 2425 non
1771 2396 1827 2424 est

518 2457 639 2496 caput
671 2449 731 2484 vel
765 2450 992 2485 membrum
1028 2448 1133 2485 illius
1167 2447 1362 2496 corporis,
1409 2459 1455 2483 eo
1499 2447 1608 2495 quod
1648 2458 1691 2482 ex
1729 2446 1827 2482 luci·
1869 2453 1872 2455 '

1836 1440 1909 1471 Fol.

1837 1485 1918 1518 233b

588 2591 607 2609 1.
629 2582 793 2617 quoniam:
819 2582 856 2609 E:
886 2582 947 2617 qui.
1037 2590 1067 2615 4.
1088 2583 1115 2609 1:
1142 2590 1253 2609 sczmus
1272 2582 1363 2617 quod.
1456 2590 1496 2609 ιο.
1518 2581 1561 2608 D:
1584 2580 1750 2615 potcstatis
1768 2588 1825 2606 sut.

519 2617 558 2645 16.
574 2617 598 2644 E
613 2617 642 2644 in
659 2624 772 2651 marg:
797 2616 909 2643 Tactus
922 2617 1063 2651 maligni.
1139 2625 1176 2651 17·
1198 2617 1226 2644 1:
1247 2625 1311 2643 cum
1333 2619 1380 2649 εἰς
1400 2616 1440 2643 ib.
1458 2617 1486 2643 A
1500 2615 1530 2643 in
1547 2623 1661 2649 marg:
1682 2614 1828 2642 Voluntas

517 2655 563 2679 est
579 2659 698 2679 summa
715 2652 860 2686 potencia
875 2654 905 2678 et
917 2652 1022 2678 ultima
1037 2651 1238 2679 racionabilis
1251 2653 1403 2678 creature.
1478 2650 1517 2678 18.
1538 2649 1620 2676 DEI:
1641 2649 1808 2676 volit-iones
1819 2658 1828 2677 ε

518 2687 557 2714 lb.
578 2687 606 2714 I:
631 2686 777 2724 potencia
796 2686 931 2713 volitiva.
1065 2693 1105 2720 19.
1127 2686 1155 2713 1:
1184 2685 1363 2713 racz'onalis.
1488 2692 1533 2712 20.
1555 2683 1638 2711 DEI:
1665 2683 1824 2710 volicione,

518 2721 559 2749 23.
582 2721 609 2748 Α
630 2729 659 2748 in
681 2728 795 2752 marga
815 2728 848 2753 3⁷.
929 2720 1040 2755 25—27.
1062 2721 1090 2747 I:
1118 2720 1213 2755 ipsius
1236 2736 1238 2738 -
1285 2727 1339 2746 cnr
1363 2728 1397 2746 us
1416 2720 1510 2746 deest.
1590 2716 1632 2745 32.
1653 2717 1754 2745 ADE:
1780 2726 1826 2744 sa-

517 2757 607 2783 nitas.
750 2754 797 2787 34.
824 2755 848 2782 E
874 2754 902 2781 in
933 2763 1047 2789 marg:
1073 2753 1229 2781 lohannes
1256 2753 1325 2781 ᾸΧΙ
1363 2755 1392 2781 in
1421 2753 1656 2788 Extravagante
1679 2752 1825 2779 abutitur.

518 2790 564 2825 34,
585 2789 626 2818 35.
648 2790 675 2817 I:
702 2789 883 2824 infidelibuS.
958 2788 1002 2816 36.
1024 2789 1107 2816 DEI:
1135 2791 1205 2816 tunc
1225 2789 1318 2816 deest.

589 2874 642 2915 34.
671 2872 722 2904 Cf.
750 2873 799 2903 De
824 2871 989 2911 Ecclesia,
1016 2881 1093 2914 pag.
1120 2870 1174 2903 81.
