2062 3276
216 270 232 304 5
244 279 262 303 2
272 270 293 301 6
854 276 1098 308 GENERAL
1124 276 1297 307 INDEX.

211 392 333 418 Fratres
354 391 527 418 laborarent
548 389 691 417 manibus
711 388 749 416 51.

210 442 243 446 —
262 426 393 488 regulas5
403 424 589 461 apostolicas
610 432 671 452 non
692 424 859 450 observant
878 422 916 451 51.

210 477 243 480 —
263 469 360 488 001051
400 469 418 487 1.

210 512 243 515 -
262 495 400 523 animant
420 494 566 522 dominos
586 498 618 522 ut
637 492 833 522 committant
860 491 1034 520 iniusticias

213 582 241 584 —
265 538 336 592 5331
356 564 514 592 homicide
533 563 604 599 498,
623 570 696 599 409.

211 616 244 620 -
265 604 335 627 sunt
356 600 481 627 ecclesie
501 598 625 626 onerosi
644 595 687 626 52.

210 651 243 654 —
266 651 294 654 —
315 651 348 654 —
369 634 489 670 peiores
509 633 642 667 Herode,
664 632 805 661 Scarioth
825 636 853 659 et
874 632 967 660 Saulo
994 631 1038 666 59.

211 686 244 689 —
263 669 409 705 Angliam
431 669 614 697 defraudant
634 668 681 698 62,
703 675 755 695 121.

212 705 444 732 Pseudofratres
465 704 629 731 consulunt
649 702 686 730 ad
710 703 787 730 bella
806 701 848 730 35.

212 740 300 768 Secte
319 739 450 767 fratrum
472 743 542 766 sunt
562 739 631 766 dam
659 737 758 765 nande
778 737 848 773 498.

212 775 256 801 130
274 774 405 802 fratrum
426 774 606 801 ficcionibus
627 745 687 800 138.

210 825 244 828 —
265 825 295 828 —
315 809 442 836 edificiis
462 808 504 836 52.

212 844 303 871 Carte
322 844 453 872 fratrum
475 843 599 879 sapiunt
619 841 844 878 blasphemiam
865 839 909 868 23.

210 879 339 906 Novella
359 878 549 906 mendicacio
569 878 699 905 fratrum
721 875 760 912 13,
782 883 916 904 110-112,

212 913 256 941 130
275 914 358 942 furto
379 913 447 948 304,
468 912 536 948 340,
559 913 622 941 502.

604 997 648 1031 G.

216 1065 328 1094 Gracie
348 1069 376 1092 et
396 1064 481 1101 pacis
501 1063 651 1091 connexio
672 1062 734 1090 180.

212 1101 294 1128 Deus
314 1100 454 1136 graciose
474 1098 629 1126 coassistit
650 1097 719 1125 filiis
739 1097 809 1130 467.

214 1135 380 1163 Gratitudo
401 1134 535 1162 maxime
555 1132 720 1160 laudabilis
740 1131 802 1160 365.

213 1170 349 1197 Gulosus
370 1169 529 1205 quomodo
550 1177 581 1196 se
602 1167 715 1195 occidit
735 1166 792 1201 313,
813 1164 878 1201 336,
899 1163 960 1200 337.

602 1253 655 1284 H.

213 1321 349 1350 pharisei
372 1321 497 1348 Christo
519 1320 735 1354 imposuerunt
755 1317 887 1345 heresim
909 1316 935 1344 8.

212 1356 339 1384 Heresis
360 1356 489 1383 fratrum
511 1353 553 1382 33.

213 1391 325 1419 Omnis
345 1390 497 1418 hereticus
523 1393 569 1417 est
595 1388 797 1423 simoniacus,
826 1390 968 1423 apostata
995 1386 1039 1413 vel

265 1426 465 1461 blasphemus
485 1432 513 1460 9.

215 1461 348 1488 Heretici
369 1464 520 1488 vocantur
540 1458 653 1486 mortui
674 1457 738 1494 295.

217 1497 367 1523 Homines
387 1494 633 1523 circumveniunt
652 1493 762 1520 fratres
783 1500 856 1519 suos
877 1490 941 1519 230.

212 1531 366 1558 Perfeccio
386 1529 522 1557 hominis
543 1532 758 1556 consummata
778 1536 836 1563 que
856 1531 902 1554 est
921 1526 979 1554 512.

214 1566 275 1601 Qui
296 1565 437 1592 homines
458 1564 519 1592 sint
538 1562 715 1598 indispositi
736 1562 772 1589 ad
801 1561 953 1590 orandum
980 1568 1041 1596 490

263 1605 294 1627 to
336 1608 382 1630 02.

211 1634 287 1663 Tria
306 1609 372 1662 113011
393 1643 448 1670 pro
469 1633 662 1661 habitacione
682 1631 843 1660 hominum
864 1629 926 1659 356.

213 1671 354 1706 Quatuor
391 1669 590 1697 condiciones
628 1667 847 1703 111-0000010015
879 1666 1040 1693 hominum

264 1713 298 1732 2-
349 1706 412 1732 rs.

211 1714 333 1775 Qilissgs
354 1722 448 1766 hlomo
468 1738 646 1766 satisfacere
666 1745 726 1764 nou
748 1740 850 1772 potest
870 1734 936 1770 309.

213 1774 423 1802 Ηοιῃ101011001
445 1774 519 1807 0115,
539 1773 610 1800 facti
630 1771 686 1800 313.

210 1810 294 1838 Hora
324 1809 433 1836 mortis
462 1813 490 1836 et
519 1808 584 1835 dies
613 1807 718 1835 iudicii
750 1810 891 1842 tempora
926 1804 1041 1832 summi

265 1844 390 1880 periculi
412 1851 478 1877 420.

213 1880 256 1906 lle
277 1879 447 1906 humilitate
467 1886 537 1912 400.

213 1914 329 1950 Hydrie
351 1913 424 1949 quid
447 1913 569 1948 signant
587 1910 648 1948 233,
671 1910 735 1945 234.

214 1950 256 1976 lle
277 1948 434 1986 hypocrisi
454 1955 505 1983 49,
526 1946 568 1982 53,
590 1948 635 1981 54.

612 2032 642 2065 1.

213 2099 414 2134 Quadruplex
434 2106 530 2134 genus
548 2097 695 2125 iactancie
715 2095 877 2131 397-400.

212 2134 340 2170 Triplex
359 2133 464 2161 ieiunii
485 2141 577 2160 causa
597 2131 758 2166 289-290.

216 2168 384 2204 Quomodo
405 2168 508 2195 fideles
528 2168 665 2195 ieiunare
685 2166 796 2193 debent
815 2165 936 2200 49—57.

214 2203 358 2231 Avaricia
385 2202 578 2230 sacerdotum
600 2205 645 2229 est
664 2209 756 2228 causa
776 2208 871 2235 quare
891 2199 1040 2227 ieiunium

265 2239 295 2266 in
317 2237 565 2265 confessionibus
587 2236 625 2264 sit
643 2236 816 2263 iniunctum
837 2234 878 2262 55.

213 2273 379 2300 Jerusalem
401 2271 643 2307 quadrupliciter
664 2270 792 2297 sumiter
812 2270 859 2305 67,
882 2269 943 2297 160.

213 2308 301 2335 Jesus
321 2308 540 2342 interpretatur
560 2306 702 2334 Salvator
723 2303 781 2332 130.

214 2342 358 2370 Finaliter
376 2341 563 2377 impenitens
582 2339 755 2368 excluditur
769 2348 785 2366 a
800 2347 893 2374 regno
909 2338 962 2366 Dei
984 2346 1041 2372 411.

215 2377 290 2405 Tria
309 2384 421 2412 genera
441 2375 693 2411 imperfectorum
714 2373 774 2408 314.

214 2412 377 2440 Instabiles
398 2415 469 2438 sunt
490 2414 647 2445 sperantes
667 2410 698 2437 in
719 2408 925 2443 indulgenciis
945 2409 1014 2444 476.

214 2448 255 2474 Pu
280 2447 345 2473 nari
366 2446 436 2473 11001
455 2449 561 2472 contra
582 2445 719 2472 infideles
740 2442 802 2477 354,
823 2442 882 2471 355.

213 2482 245 2509 In
271 2481 353 2508 deles
365 2480 493 2508 credunt
504 2479 602 2507 Deum
615 2478 740 2506 excitari
755 2486 808 2513 per
820 2478 980 2505 oraciones
995 2475 1041 2504 30.

212 2515 405 2555 Ingratitudo
427 2523 547 2542 summe
568 2513 729 2549 culpabilis
749 2513 813 2541 565.

214 2551 329 2578 Iniurie
350 2550 489 2577 modeste
510 2548 720 2584 persequende
741 2552 812 2575 sunt
831 2546 891 2575 332.

214 2585 296 2612 Deus
316 2585 483 2612 detestatur
504 2584 683 2611 servitorem
704 2582 833 2610 invitum
855 2581 914 2609 253.

214 2619 429 2647 Inobediencia
449 2618 620 2654 indisponit
641 2626 763 2645 servum
785 2617 839 2644 Dei
860 2625 921 2650 241.

214 2654 369 2682 Johannes
389 2653 483 2681 XXII.
504 2653 534 2680 in
556 2656 772 2687 extravagante
793 2652 929 2679 abutitur
947 2658 998 2684 44.

217 2689 333 2717 Contra
354 2689 430 2715 iram
452 2686 513 2715 333.

214 2723 360 2751 ,Iudaicus
382 2723 515 2758 populus
537 2722 635 2757 signat
656 2721 815 2749 ecclesiam
838 2721 891 2748 161.

215 2758 302 2786 Judei
323 2758 510 2785 horruerunt
529 2757 688 2784 Christum
714 2755 945 2784 communicare
973 2762 1043 2782 cum

269 2793 481 2828 peccatoribus
499 2791 561 2825 455.

217 2827 393 2889 Post-diem5
416 2826 520 2854 iudicii
547 2834 607 2853 non
634 2826 689 2853 erit
715 2830 838 2860 tempus
864 2832 919 2851 nec
946 2828 1043 2851 muta-

270 2870 316 2889 010
336 2870 375 2896 49
399 2883 404 2888 .

215 2897 427 2924 Juramentum
448 2895 571 2931 quaudo
593 2895 630 2922 sit
651 2895 769 2922 licitum
790 2902 851 2928 417.

1110 387 1187 426 ,10511
1209 386 1492 447 quare-fumantur
1513 393 1582 412 cum
1605 385 1746 420 reprobis
1774 385 1837 418 468.

1109 422 1238 450 Justlcia
1258 429 1309 456 qul
1353 424 1398 447 est
1418 419 1486 453 346.

1110 456 1236 484 justicia
1258 456 1311 484 Dei
1332 455 1456 483 ordinat
1475 462 1599 482 omnem
1621 462 1730 489 penam
1753 453 1814 481 223.

1506 541 1550 572 L.

1112 606 1264 634 Continue
1278 606 1419 634 laborare
1433 605 1581 632 debemus
1593 604 1623 632 10
1636 604 1724 632 vinea
1737 603 1861 631 Domini
1877 603 1939 637 254.

1113 641 1247 677 Quando
1268 641 1455 668 verificatur:
1483 639 1554 667 Non
1583 639 1719 667 manebit
1744 638 1822 674 lapis
1849 646 1941 674 super

1163 676 1190 703 la
1216 675 1297 703 idem
1318 675 1382 710 393.

1111 711 1173 738 Lex
1223 710 1248 738 ei
1268 710 1464 738 adversarius
1485 709 1655 745 peccatoris
1675 708 1737 744 237.

1112 762 1144 765 —
1163 761 1197 764 —
1217 745 1350 772 maxime
1370 745 1542 772 necessaria
1562 742 1715 778 234—238.

1113 779 1204 807 Racio
1248 788 1281 807 ro
1301 780 1421 815 legibus
1441 779 1585 807 humanis
1605 778 1664 807 235.

1112 815 1207 849 Leges
1235 814 1389 842 iominum
1410 815 1492 849 leges
1512 814 1648 841 intideles
1668 813 1717 849 80,
1739 820 1795 849 172.

1113 850 1208 885 Leges
1228 849 1390 876 hominum
1411 852 1533 884 oportet
1553 849 1689 884 regulare
1710 855 1834 875 omnem
1855 855 1939 874 com-

1165 884 1346 911 munitatem
1366 881 1427 911 233.

1111 919 1204 947 Vivat
1224 919 1318 946 horno
1338 918 1544 946 conformitur
1563 917 1621 952 legi
1641 917 1705 945 Deo
1728 916 1774 945 80.

1113 954 1279 982 Studentes
1299 953 1453 981 humanos
1473 953 1569 980 libros
1591 956 1717 988 peccant
1738 958 1794 987 172.

1114 989 1223 1016 Officia
1243 989 1346 1023 lingue
1366 986 1513 1024 227-231.

1112 1023 1204 1052 Lucis
1225 1024 1431 1058 proprietates
1453 1030 1512 1050 210.

1498 1095 1557 1128 M.

1111 1162 1212 1191 Nemo
1233 1162 1322 1224 debfet
1342 1169 1520 1197 presumere
1542 1169 1573 1188 se
1599 1168 1665 1188 esse
1691 1159 1818 1195 reliquis
1845 1160 1940 1187 maio-

1165 1206 1228 1225 rem
1249 1205 1286 1230 24
1307 1218 1313 1223 .

1113 1232 1257 1260 Mandata
1277 1231 1413 1266 decalogi
1435 1231 1600 1258 observare
1621 1230 1768 1257 debemus
1787 1228 1854 1257 368.

1113 1268 1157 1295 De
1177 1266 1331 1294 mandatis
1353 1266 1486 1293 secunde
1507 1266 1607 1293 tabule
1627 1264 1694 1292 368.

1113 1302 1233 1330 Laudes
1254 1301 1349 1329 Marie
1372 1299 1528 1336 388—392.

1113 1337 1233 1365 Martha
1248 1340 1277 1363 et
1291 1335 1387 1364 Maria
1408 1336 1530 1371 signant
1549 1335 1643 1362 vitam
1659 1334 1789 1362 activam
1805 1338 1832 1361 et
1847 1333 1943 1369 passi-

1165 1380 1234 1399 vam
1255 1369 1318 1407 387.

1113 1407 1157 1435 130
1178 1406 1297 1434 mechia
1316 1405 1385 1440 364,
1405 1403 1468 1432 365.

1112 1441 1182 1469 Non
1205 1441 1397 1468 mechaberis
1415 1438 1480 1474 343.

1114 1477 1157 1504 130
1179 1476 1409 1504 mendicacione
1430 1482 1521 1510 9-11.

1113 1512 1156 1539 [)0
1177 1511 1370 1539 mercacione
1391 1510 1475 1545 regni
1497 1510 1632 1537 celorum
1653 1508 1818 1544 476—2178.

1112 1546 1246 1575 Necesse
1272 1550 1317 1573 est
1342 1553 1466 1573 omnem
1494 1544 1652 1572 hominem
1679 1551 1748 1570 cum
1771 1527 1834 1570 1)οο
1864 1551 1942 1570 mer-

1166 1581 1227 1608 cari
1248 1579 1306 1608 213.

1113 1616 1157 1644 De
1177 1615 1376 1643 mercenariis
1398 1613 1462 1650 367.

1115 1651 1215 1678 Homo
1236 1650 1336 1677 solum
1357 1650 1387 1677 in
1407 1649 1456 1676 via
1471 1648 1559 1676 estin
1576 1652 1655 1675 statu
1670 1647 1807 1674 merendi
1829 1654 1876 1679 20,
1893 1645 1938 1682 93.

1112 1686 1213 1714 Νο100
1233 1689 1334 1747 110ῐὲ51
1353 1684 1463 1712 1001011
1485 1682 1706 1710 beatitudinem
1728 1681 1785 1709 nisi
1802 1690 1837 1708 ex
1852 1682 1940 1709 titulo

1187 1728 1265 1748 racie
1306 1727 1331 1747 2.

1115 1729 1251 1791 Quigdam
1278 1754 1348 1782 libri
1374 1754 1485 1781 veteris
1511 1751 1685 1780 testamenti
1712 1751 1843 1779 contexti
1873 1755 1945 1778 sunt

1166 1789 1299 1823 metrice,
1321 1797 1415 1825 quare
1434 1789 1502 1822 269.

1114 1825 1245 1887 Μίἰὲῖειη
1258 1832 1322 1887 epro
1343 1824 1468 1852 Christo
1494 1827 1540 1850 est
1560 1822 1690 1850 militare
1711 1829 1767 1856 pro
1788 1821 1851 1848 suis
1872 1821 1944 1856 legi-

1188 1869 1223 1888 us
1245 1868 1252 1887 1
1280 1869 1308 1892 4.

1115 1895 1220 1922 Petrus
1241 1902 1301 1921 non
1322 1893 1379 1921 fuit
1399 1893 1435 1920 de
1455 1892 1564 1920 ordine
1586 1891 1741 1919 Minorum
1763 1898 1826 1924 140.

1114 1930 1157 1957 130
1178 1928 1391 1957 misericordia
1412 1936 1461 1962 99.

1114 1964 1328 1992 Conductores
1350 1962 1515 1990 missarum
1538 1969 1583 1993 20,
1605 1959 1643 1987 31.

1114 1999 1226 2027 Mortis
1247 1999 1323 2026 hora
1342 1998 1457 2025 incerta
1478 2005 1572 2032 quare
1593 1994 1654 2032 373.

1113 2035 1224 2062 Utrum
1245 2033 1371 2069 exequie
1391 2037 1586 2060 mortuorum
1614 2034 1684 2057 sunt
1710 2029 1883 2057 fundabiles
1910 2029 1941 2056 in

1166 2069 1320 2104 scriptura
1342 2075 1456 2103 17—24‚
1478 2066 1541 2101 435.

1114 2104 1254 2132 Mortuos
1267 2107 1388 2138 oportet
1401 2110 1470 2130 cum
1484 2100 1695 2129 moderamine
1708 2099 1829 2135 sepeliri
1842 2106 1942 2134 7224.

1498 2186 1548 2217 N.

1115 2254 1230 2281 Omnia
1249 2253 1286 2280 de
1306 2252 1486 2280 necessitate
1506 2251 1645 2278 evenient
1663 2250 1709 2285 45,
1732 2248 1789 2278 130.

1114 2289 1168 2316 Tri
1193 2289 1241 2316 lex
1261 2287 1438 2323 negociacio
1459 2286 1495 2313 ad
1518 2287 1615 2313 celum
1636 2286 1705 2320 470,
1726 2293 1793 2321 477.

1115 2324 1146 2352 S.
1198 2324 1315 2351 icolaus
1335 2329 1459 2350 carnem
1481 2321 1646 2348 maceravit
1666 2327 1724 2356 217.

1114 2359 1157 2386 De
1178 2358 1299 2393 nupciis
1319 2358 1349 2385 in
1372 2356 1489 2384 Galilea
1511 2354 1660 2383 2327-238.

1507 2441 1551 2474 Ο.

1115 2511 1158 2538 De
1190 2509 1326 2537 secundo
1359 2508 1505 2535 mandato
1545 2506 1676 2534 secunde
1714 2505 1831 2533 tabule:
1869 2502 1939 2530 Non

1167 2545 1289 2572 occides
1309 2542 1455 2577 312-314.
1770 2573 1774 2578 .
1915 2571 1920 2576 ⁸

1116 2579 1227 2615 Quoad
1250 2587 1346 2614 papas
1367 2578 1430 2605 sive
1452 2577 1585 2612 prelatos
1605 2584 1666 2603 non
1687 2575 1868 2601 obediamus
1882 2579 1940 2610 ,015

1166 2614 1226 2642 nisi
1259 2614 1296 2640 de
1333 2617 1448 2649 quanto
1487 2611 1625 2638 sonuerit
1661 2610 1691 2638 in
1729 2608 1940 2635 obedienciam

1168 2649 1295 2676 domino
1315 2647 1385 2675 Jesu
1407 2646 1522 2674 Christi
1544 2646 1593 2673 66.

1117 2684 1197 2711 [1005
1217 2683 1319 2710 ocium
1342 2682 1415 2709 odit.

1116 2719 1159 2746 De
1179 2718 1249 2745 ocio
1270 2725 1361 2753 quam
1384 2717 1423 2744 sit
1443 2715 1558 2743 malum
1579 2714 1640 2749 257,
1660 2713 1722 2742 258.

1115 2754 1147 2782 Si
1168 2752 1266 2780 hostis
1287 2751 1457 2791 spiritualis
1477 2759 1535 2777 uos
1555 2752 1689 2784 superat,
1710 2747 1813 2775 ocium
1828 2755 1844 2773 a
1858 2746 1940 2772 cultu

1169 2787 1221 2814 Dei
1243 2791 1288 2814 051
1308 2795 1337 2813 111
1359 2793 1451 2813 causa
1471 2785 1532 2813 250.
1922 2811 1926 2820 1

1117 2823 1185 2857 Que
1205 2822 1304 2849 officia
1324 2825 1395 2848 sunt
1415 2821 1445 2847 in
1466 2819 1592 2847 ecclesia
1618 2817 1757 2856 facienda
1782 2815 1846 2850 485,
1868 2814 1940 2848 481>-

1117 2857 1205 2892 Opus
1226 2857 1266 2883 nil
1287 2856 1365 2883 valet
1386 2855 1450 2882 sine
1470 2854 1594 2882 caritate
1615 2851 1659 2880 03.

1117 2892 1206 2926 Opus
1227 2891 1342 2918 bonum
1365 2898 1419 2925 per
1439 2897 1470 2916 se
1491 2893 1557 2916 orat
1577 2886 1619 2922 25,
1640 2885 1704 2921 433.

2023 0 2046 66 swa

2042 278 2044 282 -
2035 264 2042 270 ⁴
2030 200 2049 254 «Aa-:5⁸
2029 116 2047 194 ³:351
2031 102 2041 108 ¹
2030 71 2044 94 nc

2032 448 2037 462 '¹
2032 400 2051 432 tw
2032 347 2049 366 a:
2041 288 2049 322 n...
