2062 3276
189 902 226 922 10

189 1182 224 1213 15

183 1483 223 1503 20

150 1916 222 1947 Fol.

143 1964 215 1996 331·

182 2058 223 2089 30

246 256 380 284 sumto
403 247 526 305 xrw]
727 260 918 299 QUARTA
948 261 1071 292 PARs.

245 366 312 402 illo
347 367 474 402 Eccle.
510 368 595 413 XIO,
633 368 673 403 3:
721 367 763 402 Si
800 367 980 403 ceciderit
1020 369 1167 418 lignum
1202 371 1252 404 ad
1283 378 1458 406 austrum
1493 379 1557 406 aut

243 425 295 460 nd
325 425 556 472 aquilonem,
588 426 623 461 in
647 437 867 474 quocunque
899 425 981 461 loco
1014 427 1194 463 ceciderit
1226 428 1276 463 ibi
1307 428 1390 465 erit.
1428 430 1557 465 Homo

244 483 406 531 quidem
441 493 697 531 comparatur
731 482 864 519 arbori
898 483 1010 519 cuius
1044 484 1220 521 radicem
1255 495 1555 533 supportantem

244 541 446 578 residuum
480 554 639 578 necesse
673 550 729 577 est
768 540 953 588 prescidi,
988 554 1077 577 cum
1119 543 1293 579 calorem
1332 545 1553 580 naturalem

243 609 402 647 oportet
437 599 629 647 extingui3
675 600 781 647 quod
817 598 848 634 si
882 599 949 635 illa
984 600 1082 636 hora
1115 601 1233 637 fuerit
1264 602 1353 649 plus
1392 601 1555 638 affectus

243 657 493 694 terrestribus
512 670 633 705 quam
654 657 876 701 celestibus,
897 670 977 693 non
997 668 1174 706 resurget
1193 660 1242 695 ad
1267 658 1554 696 beatitudinem

243 716 281 751 in
316 715 425 751 finali
459 715 620 761 iudicio,
669 715 760 764 quia
801 724 940 751 contra
978 715 1151 763 primum
1195 719 1431 754 mandatum
1466 719 1553 766 plus

243 774 414 810 afficitur
466 783 646 810 creature
699 786 820 821 quam
874 774 1044 810 creatori
1092 784 1128 811 et
1180 788 1250 823 per
1306 773 1556 824 consequens

243 831 414 868 moritur
435 831 475 867 in
501 832 677 874 mortali;
711 831 743 867 si
776 840 911 868 autem
946 845 1079 869 ramos
1113 833 1340 870 affeccionis
1376 835 1557 871 habuerit

241 892 291 926 ad
325 890 563 937 temporalia
609 890 855 926 declinantes
896 899 1039 927 trunco
1078 893 1244 928 cadente
1278 893 1328 928 ad
1361 902 1554 939 austrum,

240 958 334 984 tunc
368 948 604 985 affecciones
638 947 893 996 aquilonares
926 949 965 984 in
999 950 1233 997 purgatorio
1267 952 1556 988 comburentur

242 1016 278 1042 et
310 1003 475 1043 truncus
514 1006 743 1043 salvabitur.
793 1008 908 1043 Unde
940 1009 990 1043 ad
1030 1008 1276 1044 domandum
1317 1008 1414 1045 illud
1453 1009 1555 1058 peri-

242 1066 375 1101 culum
421 1065 621 1102 ordinavit
664 1074 807 1101 natura
846 1065 885 1101 in
926 1065 1149 1102 remedium
1194 1066 1399 1114 lapsorum
1445 1065 1554 1116 quod

240 1123 466 1160 necessitati
519 1132 610 1159 sunt
662 1123 783 1169 mori3
837 1123 1034 1160 ordinavit
1083 1124 1208 1161 eciam
1257 1126 1365 1173 quod
1414 1126 1553 1162 mortis

241 1181 433 1218 articulus
457 1181 505 1218 sit
527 1182 713 1227 incertus,
749 1191 789 1218 ut
822 1184 869 1218 de
904 1192 1029 1219 morte
1061 1182 1110 1218 sit
1143 1182 1244 1230 iugis
1278 1183 1493 1221 meditacio
1517 1194 1553 1221 et

241 1239 401 1276 racione
434 1252 504 1276 sue
537 1239 831 1276 incertitudinis
866 1240 1058 1276 continua
1093 1241 1341 1289 preparacio.
1382 1242 1552 1279 Ordina-

241 1298 293 1334 vit
325 1308 469 1334 natura
512 1298 676 1346 insuper
720 1300 829 1346 quod
874 1298 1130 1335 continuacio
1171 1299 1326 1336 diutina
1359 1300 1398 1337 in
1432 1314 1553 1337 unam

240 1366 396 1404 partem
442 1356 742 1405 impossibilitat
786 1357 994 1393 flexionem
1031 1359 1079 1393 ad
1113 1367 1266 1405 partem
1313 1359 1553 1407 oppositam,

240 1424 281 1450 ut
314 1423 423 1462 patet
456 1416 503 1451 de
536 1414 745 1451 arboribus
779 1428 855 1463 que
889 1415 992 1451 flecti
1032 1424 1233 1463 poterunt,
1269 1413 1431 1464 quando
1465 1427 1555 1454 sunt

238 1472 359 1520 virge,
421 1474 489 1509 sed
541 1486 798 1521 nequaquam
852 1474 965 1510 factis
1017 1474 1243 1510 arboribus.
1304 1476 1406 1511 Cum
1460 1488 1553 1524 ergo

240 1528 403 1567 affectus
437 1527 610 1567 hominis
651 1531 908 1568 continuatur
941 1544 1013 1580 pro
1048 1531 1191 1569 maiori
1232 1542 1345 1581 parte
1376 1533 1452 1570 vite
1485 1546 1554 1570 sue

239 1589 279 1625 in
312 1590 616 1637 temporalibus,
662 1589 717 1626 sic
763 1591 870 1638 quod
914 1590 1175 1627 necessitatus
1221 1600 1277 1628 est
1321 1601 1460 1628 contra
1493 1605 1554 1628 ra-

240 1647 395 1684 cionem
431 1647 485 1684 eis
519 1648 640 1694 offici,
675 1650 880 1696 quomodo
913 1661 993 1684 non
1027 1648 1101 1684 erit
1133 1649 1480 1697 impossibilitatus
1513 1650 1553 1686 in

239 1705 407 1742 articulo
442 1706 594 1752 mortis,
619 1708 781 1755 quando
806 1706 879 1743 erit
901 1706 1170 1755 impotencior
1194 1717 1230 1744 et
1255 1721 1403 1744 cuneus
1427 1717 1552 1757 temp-

238 1773 415 1800 tatorum
449 1765 622 1806 acucior,
658 1777 794 1801 amare
827 1765 999 1801 celestia.

295 1821 440 1859 Tercio
485 1824 652 1859 docetur
695 1823 792 1859 illud
840 1836 883 1859 ex
928 1820 1126 1871 scriptura
1175 1824 1405 1873 multiplici3
1456 1837 1549 1861 nam

240 1881 400 1916 Psalmo
434 1883 519 1927 IV0‚
558 1881 573 1917 3
613 1881 777 1917 dicitur:
812 1882 905 1917 Filii
936 1882 1145 1924 hominum,
1179 1895 1298 1931 usque
1329 1895 1401 1931 quo
1432 1884 1554 1933 gravi

213 1968 222 1976 .,
239 1939 358 1974 corde
384 1938 388 1986 Ι
419 1940 552 1987 utquid
585 1939 748 1990 diligitis
782 1940 987 1975 vanitatem
1021 1947 1056 1976 et
1088 1941 1247 1988 queritis
1280 1942 1553 1977 mendacium?

239 1997 341 2033 Cum
375 1997 478 2033 enim
522 2010 633 2033 mens
674 1997 891 2034 affeccione
930 1997 1141 2046 colligatur
1173 1998 1439 2045 terrestribus,
1485 2013 1552 2036 ne-

239 2055 411 2091 cessario
457 2055 530 2092 erit
573 2055 702 2103 gravis
743 2065 779 2092 et
818 2069 889 2104 per
933 2069 1181 2104 consequens
1225 2056 1461 2105 indisposita
1501 2059 1550 2094 ad

238 2125 461 2150 ascensum.
509 2113 689 2151 Christus
735 2114 860 2150 eciam
906 2114 1002 2151 dicit
1041 2114 1287 2163 impossibile
1327 2124 1384 2152 est
1417 2118 1551 2164 quoad

237 2181 422 2208 naturam
464 2173 661 2209 subducto
700 2172 864 2221 speciali
903 2172 1098 2209 miraculo
1138 2174 1293 2210 divitem
1333 2172 1484 2211 intrare
1516 2175 1551 2210 in

238 2242 403 2280 regnum
438 2231 623 2275 celorum,
656 2241 698 2268 ut
730 2240 839 2279 patet
870 2231 1035 2268 Matthei
1069 2233 1192 2278 XIXO,
1228 2232 1293 2268 23.
1336 2234 1424 2268 Non
1458 2245 1551 2281 ergo

238 2289 399 2335 prodest
446 2298 642 2337 temptare
676 2292 802 2326 Deum
849 2289 1088 2326 confidendo
1134 2292 1182 2326 de
1226 2290 1295 2327 tali
1341 2290 1550 2327 miraculo.

181 2346 379 2382 &Tercio
418 2347 696 2395 principaliter
737 2347 919 2396 arguitur
958 2357 1096 2384 contra
1136 2350 1210 2385 hoc
1250 2359 1460 2397 peccatum
1493 2349 1551 2385 in-

237 2405 419 2441 naturale
462 2418 533 2453 per
565 2407 620 2442 Ve
662 2405 864 2454 multiplex
897 2419 968 2443 suo
1001 2407 1208 2454 supposito
1248 2408 1550 2455 prophetatum.

238 2465 338 2498 Nam
373 2462 470 2499 Isaie
503 2465 571 2510 VO,
608 2464 629 2500 8
664 2464 829 2500 dicitur:
867 2465 921 2500 'Ve
952 2465 1017 2514 qui
1047 2465 1279 2516 coniungitis
1312 2467 1467 2502 domum
1500 2467 1553 2502 ad

238 2521 393 2556 domum
427 2529 461 2557 et
501 2535 643 2572 agrum
688 2535 790 2573 agro
834 2523 1035 2572 copulatis.
1082 2525 1130 2559 Et
1164 2523 1261 2560 Isaie
1294 2525 1487 2571 XXX1110,
1519 2538 1548 2561 1:

246 2579 295 2615 Ve
317 2579 595 2629 quipredaris,
628 2593 749 2617 nonne
772 2588 806 2617 et
830 2581 910 2631 ipse
936 2582 1200 2631 predaberis?
1233 2583 1280 2618 Et
1313 2582 1551 2630 generaliter

306 2733 330 2752 2.
347 2727 390 2753 A:
412 2726 455 2753 ad
473 2726 567 2753 deest.
625 2734 665 2754 10.
682 2727 723 2754 D:
745 2730 876 2755 truncto.
938 2735 975 2754 12.
992 2727 1035 2755 H:
1055 2728 1235 2755 docendian.
1298 2736 1336 2756 21.
1354 2729 1396 2756 A:
1418 2729 1552 2756 hominis

237 2761 330 2788 deest.
405 2760 447 2788 23.
471 2760 513 2788 H:
534 2762 685 2796 quomodo
707 2770 766 2789 non
788 2763 850 2789 erit
868 2763 962 2789 deest.
1037 2770 1083 2797 24.
1105 2762 1148 2790 H:
1169 2763 1340 2798 potencior.
1414 2763 1460 2792 26.
1476 2764 1548 2792 Ain

238 2804 352 2829 marg:
377 2795 487 2823 Tereia
507 2796 650 2823 obieccio.
724 2797 768 2823 28.
784 2798 828 2824 A:
849 2798 944 2825 corde
963 2797 1068 2830 twice;
1089 2797 1130 2824 ib.
1145 2798 1189 2825 A:
1211 2798 1367 2826 vanitates
1381 2801 1411 2826 et
1423 2799 1552 2834 queritis

237 2831 331 2857 deest.
417 2838 464 2862 20.
485 2831 530 2857 A:
550 2831 628 2858 enim
648 2830 786 2867 affeccio.
871 2831 910 2860 31.
932 2834 976 2860 A:
998 2835 1045 2860 est
1063 2833 1155 2859 deest.
1242 2831 1283 2860 32.
1307 2833 1349 2860 G:
1371 2834 1551 2869 spirituali:

237 2865 279 2903 HJ
302 2863 473 2892 subssanc'oe
486 2861 708 2905 nisifpecitili‚·
727 2866 767 2893 ib.
784 2868 828 2894 Ae
844 2867 874 2894 in
891 2867 984 2907 deest.
1041 2866 1083 2897 33.
1099 2866 1143 2900 34.
1162 2867 1203 2894 D:
1225 2868 1327 2903 igitur
1336 2869 1467 2908 prodest
1478 2869 1548 2895 nisi.

236 2899 282 2927 30.
305 2900 409 2928 ADG:
430 2904 604 2936 proposito.
678 2899 723 2929 38.
745 2901 865 2929 Codd.:
886 2901 1005 2929 XXXII.
1079 2902 1126 2938 39.
1149 2902 1192 2929 H:
1213 2903 1362 2938 numquid
1380 2906 1409 2930 et
1429 2911 1501 2938 ipse.

1619 1829 1789 1868 Scriptural

1624 1872 1782 1899 warnmgs

1579 1899 1699 1934 against
1719 1898 1832 1926 world-

1654 1933 1756 1961 liness.
