2062 3276
141 250 220 294 364

161 603 336 631 Obediencc
356 606 398 631 to*

148 638 197 665 the
218 636 399 665 command-

219 677 328 700 ments.

718 257 942 288 JOHANNIS
960 258 1144 289 WYCLIF
1165 257 1421 289 sERMONUM
1453 243 1605 301 [SERMO
1627 255 1734 282 xmv.

427 363 515 400 fluis
568 363 672 400 falsis
718 372 754 399 et
798 363 1025 400 irritatoriis
1078 365 1196 400 datur
1247 363 1404 400 occasio
1456 363 1647 412 peccandi
1694 377 1737 400 ex

427 421 628 458 eleccione
681 421 939 458 demeritoria
997 431 1122 459 status
1175 422 1306 458 minus
1359 421 1451 458 boni
1505 430 1736 470 contempto

427 480 575 517 Christi
609 479 788 516 consilio.
835 481 927 517 Ideo
961 480 1142 517 Christus
1181 480 1315 516 docuit
1348 493 1440 517 suos
1472 479 1601 516 vivere
1638 493 1735 528 pau-

428 550 564 586 perem
596 538 719 574 vitam
754 538 1065 586 exproprietarie
1099 547 1135 575 et
1159 538 1363 575 Caribdim
1393 538 1510 575 istam
1535 538 1734 586 aufugere.

485 598 690 642 Quantum
715 597 764 632 ad
780 597 948 633 tercium
965 598 1071 645 quod
1087 606 1143 633 est
1157 596 1415 633 observancia
1438 597 1735 642 mandatorum,
1753 599 1769 632 5

426 663 535 702 patet
574 656 681 702 quod
721 656 868 690 nedum
909 655 1144 703 prohibetur
1184 655 1339 691 mechia
1380 663 1416 691 et
1455 655 1620 701 furtum,
1660 666 1736 702 que

425 721 516 749 sunt
549 712 807 749 seminarium
835 712 1094 749 dissensionis
1128 722 1163 749 et
1186 712 1383 749 discordie
1417 712 1617 749 contrarie
1648 724 1737 749 vere

424 771 547 818 pacis,
580 773 648 807 sed
681 770 828 807 iniusta
861 770 1193 819 concupiscencia
1217 780 1273 807 est
1297 771 1497 819 prohibita
1520 771 1559 806 in
1584 772 1738 807 duobus

426 829 625 865 mandatis
658 828 822 866 ultimis,
856 831 956 864 Nam
991 828 1197 876 prohibito
1221 838 1385 877 peccato
1408 829 1657 877 prohibenda
1681 837 1739 865 est

425 886 508 922 eius
553 886 700 923 viciosa
747 886 871 934 origo.
922 888 1045 923 Actus
1089 895 1222 923 autem
1271 887 1512 923 extrinsecus
1555 899 1637 923 non
1681 895 1795 923 estio

424 953 635 993 peccatum
669 944 744 981 nisi
777 953 942 992 propter
973 953 1183 993 peccatum
1218 945 1257 981 in
1291 945 1425 981 anima
1459 947 1506 981 de
1546 944 1735 992 concupi-

423 1002 582 1039 scencia
627 1002 870 1039 inordinata.
917 1004 1008 1039 Ideo
1053 1002 1222 1050 precipit
1255 1003 1435 1039 Christus
1468 1002 1635 1039 Matthei
1666 1004 1734 1048 VO,

426 1071 490 1108 27,
517 1061 587 1097 28:
622 1061 794 1097 Audistis
816 1061 902 1109 quia
926 1062 1067 1097 dictum
1101 1069 1155 1096 est
1182 1062 1357 1110 antiquis,
1391 1074 1463 1097 non
1488 1061 1734 1097 mechaberis.

424 1120 513 1170 Ego
549 1127 674 1155 autem
709 1120 792 1155 dico
827 1120 929 1155 vobis
967 1121 1032 1168 qui
1070 1119 1209 1155 viderit
1247 1120 1445 1155 mulierem
1478 1120 1529 1154 ad
1560 1119 1736 1168 concupi-

423 1178 604 1214 scendum
645 1190 726 1214 eam
766 1177 840 1212 iam
881 1178 1077 1213 mechatus
1114 1184 1169 1213 est
1207 1190 1289 1214 eam
1328 1178 1363 1213 in
1402 1178 1520 1213 corde
1564 1189 1645 1214 suo,
1694 1177 1790 1213 Si15

425 1249 518 1284 ergo
554 1236 694 1284 plenus
728 1248 944 1272 consensus
977 1234 1194 1272 voluntatis
1227 1235 1267 1271 in
1299 1235 1540 1272 adulterium
1580 1234 1733 1271 inducit

426 1295 608 1339 mortale,
644 1294 769 1330 multo
794 1293 918 1341 magis
950 1293 1281 1341 concupiscencia
1313 1295 1585 1342 superaddens
1617 1293 1727 1341 signa

425 1352 628 1388 sensibilia
661 1361 704 1388 ut
727 1352 944 1399 amplexus,
980 1353 1130 1397 oscula,
1166 1360 1284 1388 nutus
1318 1352 1418 1388 etin
1452 1351 1589 1388 abdito
1612 1360 1739 1387 tactus

425 1423 470 1447 ac
504 1412 623 1446 verba
656 1410 871 1446 luxuriosa.
908 1412 954 1445 Et
987 1409 1042 1446 ita
1075 1410 1231 1446 videtur
1262 1410 1367 1446 viros
1402 1411 1548 1446 habere
1581 1410 1739 1458 plurem

426 1468 629 1505 racionem
664 1467 818 1516 peccati
851 1467 1045 1515 gravioris
1079 1481 1199 1516 quam
1234 1469 1448 1514 adulteras,
1482 1468 1613 1516 primo
1647 1467 1739 1516 quia
1757 1481 1798 1502 20

426 1526 661 1564 naturaliter
714 1528 859 1562 debent
918 1538 1000 1562 esse
1058 1526 1345 1574 prudenciores
1405 1539 1525 1574 quam
1580 1525 1738 1571 femine,

426 1586 601 1621 secundo
647 1584 739 1633 quia
785 1592 924 1620 contra
968 1584 1138 1620 formam
1185 1583 1465 1632 temptacionis
1516 1583 1738 1631 primorum

427 1652 637 1691 parentum
684 1642 754 1678 viri
800 1642 1070 1679 communiter
1107 1651 1306 1690 temptant
1345 1642 1531 1682 feminas;
1585 1641 1740 1678 videtur

427 1711 561 1738 tamen
593 1700 694 1737 sicut
727 1713 799 1737 nec
834 1701 960 1736 Adam
996 1712 1067 1736 nec
1101 1703 1180 1737 Eva
1214 1709 1269 1737 est
1302 1699 1468 1736 omnino
1502 1699 1738 1736 excusabilis

426 1773 447 1796 a
470 1768 649 1807 peccato,
675 1758 730 1795 sic
754 1771 826 1795 nec
850 1759 974 1794 altera
990 1771 1160 1806 persona
1184 1758 1427 1802 adulterans,
1452 1759 1520 1794 sed
1544 1757 1739 1806 contingit
1756 1762 1794 1793 25

425 1817 696 1853 indifferenter
719 1830 823 1853 nunc
846 1816 975 1852 virum
1009 1829 1113 1852 nunc
1146 1816 1335 1852 feminam
1369 1828 1535 1864 peccare
1568 1815 1737 1864 gravius.

426 1878 506 1912 Nec
540 1884 698 1911 moveat
731 1876 838 1923 quod
872 1876 1092 1911 secundum
1126 1874 1396 1922 Augustinum
1430 1875 1501 1910 hec
1534 1882 1625 1910 sunt
1658 1875 1736 1910 duo

428 1935 628 1979 mandata,
654 1933 747 1982 quia
771 1932 1103 1980 concupiscencia
1127 1946 1247 1981 quam
1271 1941 1398 1969 textus
1423 1932 1545 1968 Exodi
1569 1933 1672 1977 XX0‚
1691 1945 1734 1979 17

425 1991 608 2040 exprimit
641 1993 711 2027 sub
735 1991 809 2027 hiis
831 1990 980 2027 verbis:
1016 1992 1100 2026 Non
1124 1991 1366 2040 concupisces
1388 2003 1468 2026 rem
1487 1990 1666 2039 proximi
1686 1990 1741 2025 tui

426 2059 483 2086 est
516 2048 850 2098 concupiscencia
883 2050 1108 2096 oculorum,
1142 2050 1209 2085 sed
1243 2047 1574 2097 concupiscencia
1606 2047 1738 2084 uxoris
1756 2052 1797 2083 30

425 2107 595 2156 proximi
620 2116 676 2144 est
700 2107 1032 2155 concupiscencia
1058 2106 1188 2143 carnis
1218 2107 1380 2143 alterius
1404 2105 1590 2143 racionis,
1626 2107 1738 2142 Unde

425 2165 518 2214 quia
559 2165 688 2214 prima
727 2164 1000 2213 prevaricacio
1040 2173 1096 2201 est
1136 2164 1362 2212 generalior
1395 2177 1515 2212 quam
1548 2165 1737 2210 secunda,

425 2224 514 2260 ideo
548 2223 630 2260 eius
662 2222 891 2271 oppositum
927 2231 982 2259 est
1004 2235 1155 2258 nonum
1191 2224 1424 2259 mandatum
1455 2230 1491 2258 et
1514 2221 1738 2269 prohibicio

426 2281 640 2330 voluptatis
691 2282 730 2317 in
781 2293 992 2328 personam
1038 2289 1120 2317 tam
1166 2280 1351 2317 dilectam
1401 2289 1457 2316 est
1502 2280 1736 2315 mandatum

424 2339 610 2376 ultimum
635 2340 743 2387 quod
766 2339 868 2387 scrip
899 2335 902 2391 Ι
931 2347 1020 2375 tura
1045 2338 1229 2387 exprimit
1261 2339 1332 2374 sub
1366 2338 1440 2374 hiis
1468 2337 1616 2374 verbis:
1650 2338 1737 2373 Non
1754 2318 1837 2395 {2}ss

426 2398 663 2434 desiderabis
696 2409 858 2433 uxorem
892 2397 984 2444 eius,
1016 2409 1088 2433 non
1121 2409 1291 2437 servum,
1324 2409 1396 2432 non
1430 2395 1625 2441 ancillam,
1664 2393 1786 2431 noun

424 2457 569 2495 bovem,
593 2468 664 2492 non
688 2455 851 2503 asinum,
875 2468 946 2491 non
970 2455 1095 2491 omnia
1111 2467 1180 2503 que
1202 2455 1305 2491 illius
1324 2462 1422 2493 sunt.
1447 2453 1737 2491 Communiora

425 2513 530 2550 enim
583 2522 674 2550 sunt
726 2513 861 2561 priora
913 2521 1059 2549 natura
1110 2514 1178 2549 sed
1230 2513 1450 2549 secundum
1497 2511 1735 2560 Apostolum

423 2571 626 2608 Timothei
649 2573 734 2618 V10‚
759 2584 822 2608 10:
857 2571 991 2607 Radix
1022 2571 1188 2607 omnium
1223 2571 1415 2607 malorum
1450 2577 1504 2606 est
1532 2569 1734 2619 cupiditas.

493 2737 518 2756 2.
546 2729 588 2756 A:
619 2730 791 2764 contempti.
918 2730 944 2756 ὃ.
973 2729 1046 2756 DG:
1076 2728 1132 2756 seri
1157 2729 1187 2755 1'11
1217 2729 1285 2755 ista.
1412 2735 1445 2755 11.
1474 2727 1515 2754 D:
1567 2729 1668 2753 actum
1694 2726 1734 2752 in.

425 2766 465 2791 16.
481 2763 554 2790 DG:
575 2771 686 2791 sensus.
744 2764 784 2791 18.
801 2763 874 2791 DG:
895 2764 1087 2791 abscondito.
1146 2771 1188 2798 27.
1206 2762 1277 2790 DC:
1299 2765 1405 2789 movet.
1461 2761 1505 2788 28.
1561 2771 1566 2788 :
1582 2760 1687 2788 Exodi
1696 2760 1733 2788 II.

425 2798 468 2834 37.
490 2807 549 2826 non
560 2808 570 2831 ;
597 2798 639 2825 G:
667 2806 730 2825 nec.
803 2797 847 2826 38.
868 2799 1000 2833 priora:
1026 2798 1070 2825 H:
1093 2797 1218 2832 peiora.
1293 2796 1339 2832 39.
1361 2796 1464 2824 ADH:
1493 2799 1538 2823 est
1558 2796 1651 2823 deest.

496 2880 549 2915 35.
575 2882 684 2914 Exodi
709 2882 780 2922 XX,
805 2892 853 2924 17.
