2062 3276
238 239 375 268 sermo
397 228 480 286 xu.]
724 242 914 282 QUARTA
943 243 1068 275 PARS.
1767 246 1832 271 101

238 348 431 385 contricio
466 357 502 384 et
534 348 665 396 operis
704 348 939 386 satisfaccio.
987 349 1090 385 Utile
1135 358 1268 385 autem
1315 359 1371 385 est
1418 351 1551 386 habita
1567 357 1841 395 oralconsessjon

236 406 539 455 opportunitate
573 406 612 442 in
645 419 760 443 voces
805 420 1080 455 prorumpere,
1127 416 1431 455 verumptamen
1478 409 1550 444 hoc
1578 392 1833 453 nugiltbesuffgpil,

238 478 316 500 non
350 473 406 500 est
440 464 675 512 simpliciter
713 465 997 509 necessarium,
1043 478 1133 501 cum
1179 474 1255 501 stat
1299 474 1550 513 peccatorem
1619 461 1790 531 ῑῐῑιῗῗὲὲῑὲὲἳῑῖ

237 535 279 559 ex
314 535 432 558 causa
467 522 678 570 multiplici
724 535 806 558 esse
852 532 1028 563 mutum:
1083 523 1171 559 ideo
1216 522 1310 559 satis
1355 531 1412 558 est
1457 532 1551 559 tunc
1787 517 1792 522 ’

205 580 381 616 5mentis
415 580 570 616 locucio
604 581 737 628 quoad
772 583 913 617 Deum.
969 582 1060 617 Ideo
1105 580 1206 617 absit
1243 583 1367 617 Deum
1402 580 1550 616 iustum

237 648 273 674 et
308 637 592 674 racionabilem
627 638 694 686 qui
728 651 807 675 non
842 647 971 686 potest
1004 638 1078 674 nisi
1113 638 1291 687 graciose
1337 648 1373 674 et
1417 638 1554 675 leviter

236 695 440 732 hominem
473 708 653 735 onerare.
701 696 906 744 requirere
940 696 1176 744 simpliciter
1209 698 1258 733 ad
1303 696 1549 732 delecionem

236 753 388 802 peccati
421 755 481 790 vel
513 753 786 790 assistenciam
821 754 1039 791 sacerdotis
1078 754 1224 791 terreni
1269 755 1329 790 vel
1372 755 1551 790 vocalem

236 811 521 848 formacionem
555 813 731 860 loquele;
765 821 801 848 et
834 812 907 849 ista
941 812 1135 849 confessio
1169 814 1217 849 ad
1248 815 1376 848 Deum
1410 812 1554 848 intelli-

183 885 220 905 10
234 870 340 918 gitur
374 870 644 906 communiter
675 870 716 906 in
749 870 959 919 scriptura.
1005 871 1069 907 Sic
1115 871 1219 906 enim
1255 871 1459 907 confessus
1493 879 1551 907 est

236 928 417 966 Christus
450 929 534 964 Deo
567 942 647 964 non
680 941 795 964 suum
832 937 1040 977 peccatum
1081 930 1149 965 sed
1182 928 1254 965 Dei
1294 928 1553 976 magnificen-

237 986 338 1023 ciam
373 985 609 1034 graciosam.

294 1046 350 1080 De
384 1044 633 1080 confessione
666 1054 799 1081 autem
835 1044 1068 1081 humanitus
1107 1044 1320 1081 adinventa
1366 1053 1423 1081 est
1468 1053 1553 1082 tota
1591 1049 1659 1078 The
1680 1051 1744 1078 rule
1764 1050 1823 1078 laid

236 1102 424 1150 decepcio
457 1116 579 1150 quam
614 1102 761 1139 dicitur
793 1103 1077 1139 Innocencium
1114 1105 1159 1138 Ill
1194 1103 1400 1139 ordinasse
1434 1112 1470 1139 et
1503 1104 1550 1139 ad
1579 1086 1728 1148 1,]ιᾷἳέᾸῖ
1745 1086 1787 1148 ἵῙγῙ
1807 1120 1833 1148 is

181 1165 217 1196 15
235 1169 393 1208 tempus
427 1173 473 1196 ac
506 1161 676 1197 formam
711 1161 980 1197 absolucionis
1014 1161 1218 1197 limitasse.
1266 1161 1383 1197 Circa
1416 1169 1551 1197 autem
1664 1155 1749 1183 false.

235 1218 351 1255 istam
387 1218 678 1255 confessionem
712 1228 749 1255 et
782 1219 1081 1255 absolucionem
1117 1228 1174 1255 est
1208 1232 1319 1255 error
1343 1218 1551 1265 maximus,

236 1290 326 1313 cum
360 1276 502 1324 prelati
537 1277 677 1313 cesarii
711 1277 1025 1325 sophisticantur
1058 1286 1094 1313 et
1127 1278 1338 1314 absolvunt
1372 1276 1553 1313 homines

235 1343 272 1371 et
305 1336 456 1371 donant
488 1335 563 1371 illis
596 1335 869 1383 indulgencias
898 1337 1119 1371 secundum
1145 1335 1310 1372 ficticias
1334 1335 1550 1372 institutas.
1572 1341 1773 1381 Indulgenpes
1793 1349 1844 1368 are

234 1392 388 1429 Veritas
423 1392 584 1440 quidem
626 1401 683 1429 est
721 1395 842 1441 quod,
889 1393 978 1429 licet
1023 1394 1144 1429 homo
1184 1393 1386 1430 remittere
1427 1393 1551 1441 possit
1628 1380 1779 1404 ‘mmmm'

178 1464 219 1485 20
234 1450 348 1487 alteri
382 1463 494 1487 suam
518 1450 722 1497 iniuriam,
757 1460 891 1488 tamen
916 1464 1034 1487 nemo
1058 1461 1187 1499 potest
1210 1451 1324 1488 alteri
1350 1451 1552 1488 dimittere

234 1517 444 1557 peccatum
479 1508 714 1557 simpliciter
748 1509 823 1545 nisi
858 1511 976 1545 Deus.
1022 1512 1123 1546 Nam
1169 1523 1273 1546 unus
1317 1509 1551 1557 temporalis

235 1566 421 1603 dominus
455 1580 533 1603 non
568 1576 699 1615 potest
743 1568 804 1603 vel
849 1576 984 1604 coacte
1030 1568 1233 1604 remittere
1279 1567 1392 1605 alteri
1438 1581 1551 1604 suam

234 1624 422 1661 iniuriam
457 1624 532 1661 nisi
575 1637 618 1661 ex
660 1626 864 1662 voluntate
909 1625 1031 1662 animi
1077 1624 1152 1662 boc
1198 1635 1380 1672 emanet3
1426 1626 1553 1662 multo

235 1683 359 1731 magis
405 1685 510 1719 Deus
563 1696 744 1720 summus
797 1697 877 1720 non
921 1693 1051 1732 potest
1096 1684 1209 1721 alteri
1254 1684 1447 1721 offensam
1495 1696 1553 1720 re-

178 1744 216 1776 25
236 1741 392 1778 mittere
437 1741 511 1777 nisi
557 1741 812 1789 singulariter
856 1741 938 1790 ipse
981 1742 1092 1788 velit3
1138 1743 1227 1778 ideo
1271 1742 1374 1779 inter
1415 1741 1552 1778 onmia

236 1802 318 1836 Deo
363 1799 526 1847 propria
570 1799 694 1836 nichil
737 1809 894 1848 oportet
940 1800 1131 1837 reservari
1182 1800 1423 1848 singularius
1468 1802 1552 1836 Deo

233 1866 370 1894 nostro
405 1866 441 1894 et
474 1857 528 1894 sic
562 1857 665 1894 inter
698 1871 837 1894 omnes
872 1858 1139 1906 blasphemias
1184 1859 1293 1895 nulla
1334 1858 1461 1895 maior
1494 1867 1551 1894 est

233 1929 354 1964 quam
389 1915 592 1951 hominem
627 1917 745 1952 stulte
779 1929 1010 1964 presumere
1037 1918 1144 1965 quod
1179 1916 1343 1952 dimittit
1376 1916 1550 1953 auctori-

233 1973 352 2010 tative
396 1973 584 2010 iniuriam
620 1974 690 2010 Dei
735 1974 808 2010 sui.
863 1975 939 2010 Sed
985 1976 1344 2011 condescendendo
1389 1983 1432 2010 ut
1476 1974 1550 2011 ista
1573 1979 1631 2008 We
1652 1988 1722 2020 may
1743 1980 1841 2008 admit

176 2036 217 2067 30
234 2031 402 2068 materia
427 2031 518 2068 fidei
542 2031 750 2068 obstinatis
775 2032 934 2068 cesariis
958 2033 1046 2080 plus
1070 2033 1256 2077 lucescat,
1288 2032 1550 2069 admittamus
1589 2016 1818 2079 Cbs'enssffigg‘g'ssast‘v)

233 2089 525 2126 confessionem
580 2089 696 2126 istam
752 2092 969 2127 secundam
1023 2100 1230 2139 tamquam
1282 2090 1548 2127 necessariam
1596 2082 1812 2148 w¹¹e1¹1¹5evg1i⁵⁰¹5¹

233 2149 429 2184 subducta
462 2148 710 2196 blasphemia
743 2157 779 2185 et
811 2148 1030 2196 prudencia
1059 2158 1141 2185 tam
1167 2149 1403 2185 confessoris
1427 2162 1548 2197 quam
1740 2142 1746 2148 ”

140 2232 204 2264 Fol
233 2206 401 2242 confessi
435 2205 565 2242 debite
599 2207 798 2254 copulata.

139 2255 217 2311 3012
290 2266 337 2301 Et
382 2273 490 2312 patet
519 2260 523 2313 Ι
553 2266 661 2312 quod
700 2265 968 2301 necessarium
1004 2274 1060 2301 est
1094 2278 1137 2301 ex
1175 2274 1289 2313 parte
1323 2265 1549 2301 confitentis
1565 2270 1649 2310 Necd
1670 2274 1699 2312 qt
1723 2271 1840 2310 par-don

175 2325 215 2358 35
233 2323 339 2370 quod
374 2322 599 2370 specialiter
632 2322 810 2371 ignoscat
843 2332 1009 2371 peccata
1042 2325 1264 2360 secundum
1312 2325 1420 2371 quod
1455 2323 1549 2359 deli·
1565 2306 1843 2375 ¹1¹1?¹J}n(f?'{g]¹1¹21{{

233 2380 318 2428 quit
362 2380 402 2416 in
436 2382 563 2416 Deum
609 2394 740 2417 suum.
795 2380 906 2424 Sicut
952 2381 1054 2417 enim
1103 2394 1221 2418 nemo
1265 2391 1396 2430 potest
1436 2381 1549 2418 alteri
1663 2375 1746 2404 Hiffi

233 2439 466 2475 benefacere
500 2438 573 2474 nisi
606 2439 882 2487 principaliter
914 2439 1094 2476 servierit
1118 2442 1201 2476 Deo
1225 2453 1310 2486 suo,
1345 2439 1399 2476 sic
1430 2452 1549 2476 nemo

233 2506 362 2544 potest
405 2509 571 2545 peccare
615 2496 655 2532 in
700 2497 822 2534 alium
869 2497 943 2533 nisi
987 2507 1124 2546 peccet
1157 2497 1432 2546 principaliter
1465 2500 1548 2533 Deo

233 2567 318 2597 suo,
353 2563 389 2591 et
422 2567 493 2603 per
526 2567 788 2603 consequens,
822 2568 903 2591 non
936 2565 1066 2604 potest
1100 2565 1232 2593 reatus
1261 2557 1395 2604 quoad
1420 2558 1547 2592 Deum

303 2674 330 2697 ι»,
349 2673 388 2692 10.
411 2665 451 2692 D:
473 2665 663 2700 intelligitur
682 2666 779 2693 twice.
855 2666 890 2693 15.
912 2666 980 2693 DE:
1003 2667 1205 2702 elsarnmm:
1225 2666 1265 2693 ib.
1282 2666 1350 2694 DE:
1371 2666 1550 2694 solitudinis

233 2697 402 2728 linzt'iaxse:
422 2700 461 2726 ib.
479 2700 503 2726 E
523 2700 551 2727 in
575 2709 688 2735 marga
705 2700 785 2728 Nota
807 2701 843 2728 de
863 2701 1079 2736 confesm'one:
1099 2702 1109 2728 Ι
1131 2701 1160 2728 in
1183 2710 1296 2741 marga
1316 2701 1484 2737 Confessus
1504 2704 1550 2728 est

236 2734 376 2761 Christus
390 2734 455 2762 Deo
470 2735 524 2761 sed
538 2743 598 2762 non
613 2744 698 2762 suum
708 2738 878 2770 peccatum.
936 2744 973 2770 ¹7-
991 2737 1034 2762 A:
1055 2736 1124 2762 iden
1136 2737 1264 2771 prelatl.
1329 2744 1370 2771 19.
1386 2737 1414 2763 I:
1430 2739 1547 2771 posset.

232 2776 278 2795 20.
300 2769 327 2796 1:
349 2769 444 2796 alteri
462 2769 555 2796 deest.
629 2777 674 2803 24„
691 2771 733 2799 25-
755 2770 823 2797 DE:
846 2770 1009 2797 dimillere.
1083 2779 1130 2797 20.
1153 2770 1270 2798 Codd.:
1293 2770 1359 2798 Deo
1381 2778 1546 2798 reservari.

231 2802 272 2830 35.
295 2803 363 2831 DE:
385 2807 415 2830 et
431 2804 628 2843 specialiter:
652 2804 692 2831 ib.
714 2806 741 2833 I:
768 2805 852 2840 quod
868 2805 1086 2840 spiritualiter.
1160 2804 1205 2832 36.
1228 2806 1239 2832 I
1260 2806 1289 2832 in
1311 2814 1424 2840 marg:
1454 2804 1547 2843 Nemo

229 2841 331 2873 potest
356 2839 449 2865 alterz
478 2839 660 2874 benefacere
688 2839 751 2867 nisi
774 2839 994 2875 principaliter
1021 2839 1166 2867 servierit
1194 2840 1269 2867 Deo.
1383 2848 1431 2873 40.
1463 2839 1487 2866 E
1517 2848 1545 2866 ιη

233 2881 328 2907 marg.
341 2883 346 2899 :
369 2873 459 2900 Nota.
