2062 3276
192 896 229 917 10

192 1175 228 1207 15

242 251 377 280 sumo
399 240 539 297 xxxv]
721 253 919 293 QUARTA·
942 253 1067 284 inias.
1759 252 1839 288 290

243 374 363 410 quam
397 369 535 397 sancta
565 369 810 396 sanctorum.
847 360 933 395 Hoc
969 357 1073 395 enim
1115 366 1328 394 attestatur
1365 370 1553 405 compen-

244 419 488 465 diositatem,
528 417 847 466 complecionem
889 425 925 453 et
958 415 1253 464 perfeccionem
1296 414 1554 463 expiacionis‚

244 490 333 514 cum
369 476 485 513 aliter
517 485 721 524 oporteret
754 474 932 511 officium
957 487 1072 510 suum
1100 472 1226 522 repeti
1249 472 1352 509 sicut
1375 472 1553 509 officium

243 535 499 572 sacerdotum
540 534 682 570 veteris
722 531 966 570 testamenti.
1012 534 1060 568 Et
1093 531 1184 568 hinc
1218 539 1310 567 ante
1343 530 1552 567 introitum

243 592 435 630 satisfecit
497 592 726 628 denotando
792 590 971 627 officium
1031 598 1371 626 consummatum.
1437 589 1555 625 Solus

244 660 377 688 autem
402 650 580 687 introivit
604 650 872 693 ascendendo,
906 647 945 684 id
969 656 1039 694 est,
1072 647 1219 684 virtute
1249 646 1414 695 propria
1438 659 1556 695 pene-

244 710 402 746 trando.
449 709 572 744 Nemo
610 715 736 744 autem
773 706 873 742 alius
912 706 1012 743 venit
1049 707 1101 742 ad
1133 718 1216 742 eum
1250 705 1323 741 nisi
1352 712 1502 741 tractus
1533 718 1554 740 α

244 768 363 803 Patre
385 775 421 803 et
445 779 467 803 a
484 765 644 802 Christo
669 764 800 814 capite
825 765 1060 812 deportatus
1084 769 1140 810 (ut
1164 771 1273 811 patet
1294 764 1381 799 Joh.
1398 764 1484 809 VIO,
1501 775 1554 808 44

245 834 281 862 et
316 826 435 861 Hebr.
471 827 533 870 10).

302 882 483 931 Septimo
528 890 662 919 autem
715 880 835 917 distat
886 879 1085 929 perfeccio
1137 877 1359 916 sacerdocii
1407 877 1556 915 Christi
1650 885 1764 924 7.,Τιῃε
1828 920 1830 923 .

244 953 364 989 supra
396 939 673 977 sacerdocium
707 938 850 975 veteris
883 937 1111 975 testamenti
1146 938 1185 974 in
1218 938 1293 973 hoc
1327 937 1435 984 quod
1469 935 1553 984 ipse
1571 922 1832 989 Hsiffiffl‘c'ffigvfigss

245 998 394 1035 invenit
427 996 753 1046 redempcionem
789 1005 967 1033 eternam
1003 1005 1040 1033 et
1072 995 1139 1033 alii
1163 995 1423 1031 solummodo
1456 1003 1556 1030 tem-

246 1057 442 1106 poralem,
467 1056 531 1093 ille
555 1054 883 1103 redempcionem
907 1054 1040 1091 anime
1065 1063 1101 1090 et
1125 1053 1180 1090 illi
1204 1054 1333 1090 solum
1358 1051 1555 1100 corporis,

244 1115 310 1152 ille
343 1128 365 1152 a
398 1127 500 1163 pena
538 1113 719 1156 iehenne,
759 1112 815 1149 illi
848 1126 871 1150 a
902 1125 1004 1161 pena
1045 1111 1161 1160 legali
1200 1110 1429 1159 temporali.
1475 1112 1556 1147 Nec

246 1173 391 1209 mirum
416 1172 507 1221 quia
533 1170 764 1220 redempcio
787 1180 923 1208 eterna
946 1183 1137 1219 suspensa
1161 1179 1218 1206 est
1236 1169 1277 1205 in
1295 1169 1556 1205 tabernaculo

246 1244 392 1279 magno
427 1230 578 1276 mundi,
613 1230 718 1266 ultra
751 1230 826 1266 hoc
850 1230 957 1278 quod
990 1229 1063 1265 fuit
1086 1227 1273 1277 possibile
1304 1228 1554 1263 sacerdotem

245 1290 367 1326 alium
416 1289 671 1326 ascendendo
720 1287 957 1335 pertingere.
1013 1289 1098 1335 Ipse
1144 1295 1279 1323 autem
1334 1284 1557 1333 penetravit

246 1347 413 1384 interius
458 1346 763 1383 tabernaculum
810 1345 849 1381 in
893 1358 972 1395 quo
1017 1357 1175 1393 semper
1219 1343 1291 1380 fuit
1334 1344 1554 1380 secundum

245 1409 387 1451 Deum,
412 1405 560 1442 invenit
584 1403 909 1452 redempcionem
935 1412 1171 1452 perpetuam
1197 1401 1428 1439 eternaliter
1450 1399 1557 1437 ordi-

244 1473 393 1501 natam.

302 1524 402 1558 Cum
438 1530 571 1558 autem
607 1519 806 1556 medicina
839 1519 1035 1568 generalis
1068 1528 1105 1555 et
1140 1517 1363 1555 remedium
1398 1517 1556 1556 univer·
1654 1525 1714 1564 use
1735 1524 1787 1563 of.

244 1582 325 1617 sale
358 1579 407 1616 sit
442 1579 519 1615 fide
554 1577 774 1627 cognitum,
808 1586 989 1626 superest
1021 1577 1154 1614 videre
1193 1576 1401 1625 quomodo
1440 1574 1556 1611 nobis
1589 1564 1828 1629 gfflssffignscffgf

244 1638 414 1675 infirmis
449 1638 604 1674 medela
643 1646 724 1673 tam
760 1649 804 1672 ex
835 1648 876 1672 se
908 1635 1109 1672 sufficiens
1142 1635 1192 1671 sit
1225 1633 1450 1679 salutifera;
1484 1646 1557 1682 pro
1684 1630 1740 1656 δίῃ·

244 1709 324 1745 quo
356 1697 578 1732 notandum
603 1696 710 1744 quod
742 1694 873 1743 primo
895 1693 1075 1730 omnium
1100 1705 1260 1729 necesse
1283 1701 1341 1729 est
1364 1704 1557 1729 evacuare

196 1777 199 1780 «
246 1767 408 1792 causam
445 1753 594 1799 morbi;
640 1754 817 1790 secundo
856 1751 1082 1789 necessaria
1120 1760 1178 1788 est
1211 1750 1437 1799 applicacio
1476 1763 1557 1786 em-

244 1812 384 1861 plastri
424 1821 461 1848 et
494 1812 619 1848 tercio
653 1810 909 1848 continuacio
950 1809 1155 1859 regiminis
1189 1808 1296 1855 sani3
1329 1817 1366 1845 et
1405 1821 1448 1844 ex
1480 1807 1558 1843 illis

245 1870 503 1919 consequitur
549 1871 666 1918 plena
711 1878 748 1905 et
793 1877 988 1917 perpetua
1038 1867 1190 1905 sanitas
1234 1866 1345 1915 prius
1394 1865 1556 1902 infirmi.

246 1931 360 1966 Unde
393 1941 482 1965 cum
517 1927 648 1964 omnis
682 1927 812 1963 morbi
845 1926 1064 1975 spiritualis
1097 1938 1217 1962 causa
1251 1934 1308 1961 est
1332 1933 1556 1973 peccatum,

245 1987 335 2023 ideo
386 1985 549 2022 dixerim
596 1984 837 2022 fraternitati
881 1993 1008 2021 vestre
1054 1984 1260 2033 quomodo
1301 1990 1556 2019 sacramento

245 2044 467 2093 penitencie
500 2042 743 2081 evacuabitis
776 2051 952 2091 peccata.

302 2101 496 2140 Consistit
529 2110 662 2138 autem
695 2113 788 2138 vera
814 2099 1038 2149 penitencia
1072 2099 1111 2136 in
1135 2098 1267 2136 cordis
1292 2097 1555 2143 contricione,
1608 2106 1765 2133 veniit-nce
1786 2106 1812 2144 is

243 2160 283 2197 in
326 2160 406 2197 oris
451 2159 701 2196 confessione
746 2168 783 2196 et
827 2158 960 2207 operis
1005 2157 1300 2201 satisfaccione,
1346 2156 1440 2205 quia
1480 2155 1556 2192 hiis
1588 2141 1828 2207 alnae‘ssffuff-ffijgf„

244 2218 370 2255 tribus
404 2217 531 2255 modis
565 2226 754 2266 peccatur
785 2216 825 2254 in
857 2219 999 2253 Deum.
1035 2217 1161 2252 Debet
1194 2224 1327 2252 autem
1362 2216 1556 2251 accedens
1586 2210 1833 2272 P)}3‘‡''¹b¹f¹‡1¹l<c')¹2]

244 2278 292 2313 ad
327 2276 618 2313 confessionem
650 2276 853 2313 revolvere
886 2274 1096 2323 diligenter
1127 2283 1253 2310 totam
1285 2272 1406 2310 vitam
1441 2285 1555 2309 suam
1579 2253 1604 2279 L)
1627 2265 1635 2273 ⁸
1724 2264 1732 2272 ι
1833 2266 1837 2270 ’

212 2335 452 2383 [quomodo
492 2343 631 2371 contra
673 2333 744 2370 Dei
791 2334 981 2370 mandata
1022 2331 1207 2380 expendit
1251 2331 1334 2368 eius
1374 2333 1479 2368 dona
1519 2338 1556 2367 et

247 2406 366 2441 quam
400 2391 581 2440 graciose
614 2400 795 2441 expectat
819 2393 924 2427 Deus
958 2390 1041 2427 eius
1075 2389 1422 2435 emendacionem,
1457 2390 1556 2425 dans

245 2450 596 2487 continuacionem
621 2459 658 2487 et
681 2458 940 2498 augmentum
964 2450 1163 2485 bonorum
1189 2447 1485 2496 multiplicium,
1519 2455 1557 2483 et

245 2508 301 2545 sic
325 2521 368 2545 ex
393 2508 462 2544 Dei
487 2507 731 2556 gratitudine
763 2507 945 2556 graciosa
969 2517 1005 2543 et
1029 2519 1099 2543 sua
1121 2506 1311 2543 tarditate
1333 2507 1557 2554 dampnosa

245 2566 471 2603 commixtis
515 2575 723 2615 tamquam
768 2578 812 2602 ex
855 2565 944 2613 igne
989 2574 1025 2601 et
1069 2563 1186 2612 lignis
1236 2563 1310 2601 erit
1356 2564 1557 2600 resolvens

314 2711 338 2738 1³.
361 2711 403 2737 G:
433 2713 563 2746 oportet.
644 2711 671 2737 6.
692 2710 736 2738 H:
766 2711 904 2738 veritate.
985 2719 1013 2745 o.
1036 2711 1078 2737 A:
1106 2710 1123 2737 I
1140 2710 1235 2737 deest.
1315 2717 1352 2737 ιε.
1374 2709 1416 2736 D:
1443 2709 1560 2736 scilicet

244 2750 398 2775 eternam,-
428 2746 467 2772 ib.
490 2745 593 2773 DoH:
621 2749 651 2772 et
668 2745 761 2773 deest.
866 2746 900 2773 15.
923 2745 965 2773 ll:
993 2745 1085 2781 quod.
1188 2751 1231 2771 22.
1252 2745 1297 2772 A:
1323 2752 1362 2772 ac
1380 2744 1559 2779 cognitum.-

247 2781 287 2808 Η;
309 2782 353 2808 xic
372 2780 538 2821 cognitum.
612 2779 654 2807 23.
677 2781 750 2807 DG:
772 2781 935 2811 medelanu
958 2781 997 2807 ib.
1019 2782 1080 2807 tam
1101 2779 1194 2806 deest.
1279 2778 1317 2806 31.
1339 2780 1363 2806 D
1385 2780 1414 2806 in
1445 2787 1557 2812 marga

251 2816 326 2843 Vera
339 2815 514 2850 penitencia
529 2815 670 2842 consistit
683 2815 712 2842 in
728 2815 834 2842 tribus.
903 2814 942 2847 31,
959 2814 1001 2841 32.
1016 2816 1040 2841 (i
1054 2824 1059 2841 z
1081 2814 1271 2842 contricione
1284 2814 1360 2842 oris.
1427 2813 1469 2841 32.
1486 2813 1494 2840 l
1503 2817 1510 2837 ὶ
1527 2814 1555 2840 in

247 2859 342 2885 marg.
354 2860 359 2877 τ
383 2850 428 2877 De
441 2849 637 2887 confessione
651 2850 718 2876 oris
732 2858 827 2884 usque
840 2850 883 2877 ati
890 2851 982 2882 finem
996 2849 1072 2876 alibi
1084 2849 1174 2876 valde
1188 2853 1307 2876 contra.
1377 2848 1418 2876 35,
1435 2849 1460 2875 Α
1473 2858 1478 2874 r
1502 2848 1561 2874 Dei

246 2885 394 2912 mandata
414 2890 512 2912 twice.
585 2883 632 2919 39.
654 2884 727 2912 Du:
756 2888 785 2911 et
804 2885 968 2912 resolvens.
