2062 3276
169 900 206 921 10

169 1181 204 1213 15

131 1332 207 1363 Fol.

129 1379 208 1421 319⁰

167 1481 208 1502 20

221 256 357 285 samio
379 244 506 302 xxxt]
702 257 892 296 QUARTA
922 257 1047 288 PARS.
1751 246 1830 291 269

277 363 422 401 Tercio
457 372 590 400 movet
622 363 826 411 predictos
858 361 1062 410 ypocritas
1096 362 1205 409 quod
1239 359 1404 408 quidam
1444 360 1535 396 libri
1563 366 1662 393 Third
1685 375 1824 405 exous-eq

219 421 441 470 ympnidici
475 430 512 458 et
545 420 772 470 prophetici
805 419 949 457 veteris
983 418 1214 456 testamenti
1248 417 1422 454 contexti
1445 427 1537 454 sunt
1562 401 1819 463 sffiigesstvffikisffgt

220 479 399 526 metrice,
435 480 537 516 sicut
570 488 680 528 patet
712 479 760 515 de
792 478 896 515 libro
930 477 1035 514 beati
1058 478 1131 513 Job
1164 489 1238 525 pro
1271 484 1385 524 parte
1418 484 1456 512 et
1489 477 1536 512 de
1597 470 1793 506 ¹'¹¹}'1¹‘·¹¹¹ica¹·

219 538 420 587 aliquibus
456 537 567 574 libris
601 536 845 574 Salomonis.
893 535 1099 572 Professor
1132 547 1226 583 ergo
1260 534 1377 570 huius
1410 543 1537 570 textus

219 598 335 633 debet
369 609 410 633 se
443 596 697 633 conformare
729 607 798 631 sue
832 593 1079 639 auctoritati,
1113 592 1341 641 specialiter
1374 604 1464 628 cum

277 655 407 691 ,Πρω-α
441 655 573 690 iuvant
604 653 752 689 animos
780 652 921 702 paucis
953 651 1282 701 comprehendere
1314 651 1449 686 multa.

278 714 355 749 Sed
397 720 553 749 constat
588 712 697 760 quod
736 711 842 747 istud
883 709 1034 746 dictum
1070 709 1164 746 facit
1203 710 1253 745 ad
1287 708 1685 757 opposituni,R11ytlim
1709 715 1830 754 may-be:

219 783 313 807 nam
348 770 457 806 aliud
492 778 548 806 est
581 769 782 806 canticum
825 768 955 805 laudis
989 769 1049 804 vel
1089 766 1352 816 propheciam
1394 778 1538 803 canere
1554 751 1828 819 ggpdpligsshgggaisse

221 837 258 865 et
291 828 397 865 aliud
431 829 550 865 verba
584 826 880 864 exhortacionis
920 826 1127 863 disserere.
1174 826 1318 871 Quoad
1360 824 1536 872 primum
1554 816 1829 882 ἐὲιίξὶξξΰῧξῗὲεῇ

222 886 329 923 iuvat
362 899 495 923 sermo
530 885 733 932 metricus,
780 884 883 921 sieut
923 893 1033 933 patet
1072 883 1265 920 laudabili
1306 896 1380 919 usu
1414 881 1539 919 canti·
1583 874 1642 916 aii'd
1664 874 1803 916 deridens¹

222 957 360 981 corum
396 944 577 990 ecclesie,
610 945 679 980 sed
711 944 847 991 quoad
880 944 1101 980 secundum
1137 955 1216 978 non
1249 941 1416 977 dubium
1441 940 1537 989 quin
1606 924 1656 950 ¹¹¹⁶
1677 932 1776 951 ωηο·

223 1004 376 1040 colores
425 1001 607 1039 moderni
658 1001 908 1038 confundunt
955 1000 1271 1048 intelligenciam
1321 998 1537 1044 sentencie,

221 1071 306 1098 turn
352 1061 445 1110 quia
495 1059 765 1098 communiter
817 1059 1025 1096 obscurius
1078 1058 1281 1107 profertur
1333 1056 1539 1094 sentencia

223 1128 405 1168 pretextu
448 1119 597 1156 vocalis
641 1117 871 1163 concordie,
925 1126 1011 1153 tum
1058 1116 1185 1153 eciam
1231 1115 1325 1164 quia
1378 1115 1540 1152 auditus

222 1177 500 1214 assistencium
535 1177 716 1214 senciens
750 1175 997 1225 pruriginem
1023 1175 1063 1211 in
1085 1174 1216 1211 verbis
1241 1173 1418 1210 metricis
1451 1174 1539 1221 plus

222 1235 394 1272 attendit
427 1237 478 1272 ad
511 1235 623 1283 signa
655 1233 861 1271 sensibilia
895 1247 1015 1282 quarn
1050 1233 1220 1281 signata,
1255 1241 1292 1269 et
1326 1245 1415 1268 cum
1451 1244 1538 1267 sen-

223 1294 405 1331 saciones
440 1293 743 1341 impertinentes
769 1301 908 1328 mutuo
932 1305 972 1328 se
997 1292 1262 1336 confundunt,
1297 1299 1406 1339 patet
1430 1290 1537 1338 quod

223 1353 379 1389 colores
428 1348 432 1404 J
483 1350 665 1388 moderni
716 1351 954 1388 abstrahunt
1006 1363 1027 1386 a
1079 1358 1277 1397 conceptu
1322 1347 1537 1393 sentencie,

223 1410 294 1447 etsi
319 1411 562 1459 quandoque
596 1409 730 1445 iuvent
765 1408 1002 1445 memoriam
1036 1407 1249 1457 loquentis.
1284 1407 1400 1443 Unde
1425 1418 1537 1442 more

223 1467 523 1505 attendencium
558 1469 607 1504 ad
649 1467 843 1504 melodias
884 1466 1070 1512 musicas,
1116 1479 1189 1514 pro
1236 1477 1382 1512 magna
1426 1472 1540 1512 parte

223 1540 303 1563 non
337 1535 566 1575 reportatur
599 1538 642 1562 ex
676 1524 878 1562 modernis
918 1524 1173 1561 sermonibus
1214 1522 1289 1559 nisi
1328 1527 1407 1570 pro
1442 1531 1540 1558 tem-

224 1597 321 1633 pore
366 1584 613 1633 prolacionis
658 1583 825 1620 titillans
870 1583 1090 1619 delectacio
1131 1593 1167 1618 et
1213 1582 1314 1618 forte
1358 1580 1540 1628 predica-

224 1653 358 1680 torum
405 1644 452 1679 de
499 1655 569 1679 sua
621 1642 843 1678 subtilitate
896 1650 1062 1678 ventosa
1114 1639 1315 1677 laudacio.
1370 1641 1426 1675 De
1472 1638 1541 1674 tali

224 1714 317 1750 ergo
351 1700 542 1737 discrasia
576 1700 737 1737 mortali
771 1699 909 1748 populi
944 1698 1152 1736 christiani
1186 1707 1319 1746 potest
1344 1695 1542 1734 verificari

223 1759 319 1796 illud
352 1759 535 1807 Apostoli
570 1761 621 1795 Ha
657 1760 707 1795 ad
738 1758 998 1794 Timotheum
1034 1759 1116 1803 1V0,
1154 1757 1190 1799 3,
1225 1770 1269 1802 4:
1315 1756 1405 1791 Erit
1445 1755 1542 1790 enim

224 1826 387 1867 tempus,
420 1830 504 1853 cnm
538 1830 671 1853 sanam
697 1816 913 1852 doctrinam
948 1828 1019 1851 nan
1052 1815 1290 1851 sustinebunt
1311 1815 1379 1850 sed
1401 1814 1452 1848 ati
1473 1826 1542 1849 sua

225 1876 417 1913 desideria
451 1876 732 1912 coacervabunt
764 1875 835 1910 sibi
866 1874 1081 1924 magistros
1108 1873 1334 1922 prurientes
1371 1872 1544 1915 auribus,

224 1947 246 1970 α
288 1934 447 1970 veritate
491 1934 642 1982 quidem
683 1933 855 1968 auditum
896 1939 1084 1976 avertent,
1129 1932 1180 1967 ad
1208 1931 1374 1980 fabulas
1416 1937 1542 1965 autem

225 1999 510 2029 convertentur.
557 1993 704 2028 Revera
741 1989 965 2038 complecio
1006 1989 1123 2025 huius
1163 1988 1383 2037 prophecie
1422 1987 1544 2023 instat

226 2050 357 2096 hodie,
392 2062 481 2086 cum
509 2049 636 2086 maior
659 2061 751 2097 pars
785 2057 1069 2096 potentatuum
1104 2047 1269 2083 ecclesie
1303 2046 1352 2082 sit
1385 2055 1541 2082 tanturn

225 2108 361 2145 dedita
394 2107 688 2156 temporalibus
722 2107 830 2156 quod
863 2106 1107 2143 seminantes
1140 2105 1365 2142 doctrinam
1407 2103 1543 2140 saluti—

224 2167 349 2204 feram
384 2174 573 2215 reputant
607 2178 717 2202 more
750 2165 919 2202 stolidos
943 2174 980 2201 et
1005 2164 1095 2200 hinc
1120 2164 1226 2200 iuxta
1250 2176 1322 2200 sua
1345 2161 1544 2199 desideria

226 2234 464 2262 coacervant
509 2224 584 2260 sibi
630 2223 923 2261 ecclesiasticos
969 2222 1036 2271 qui
1081 2234 1222 2259 omnes
1267 2222 1414 2257 debent
1459 2232 1543 2257 esse

227 2283 408 2331 magistri
462 2282 622 2331 populi,
676 2291 714 2319 et
758 2281 962 2330 signanter
1016 2280 1110 2317 dicit
1163 2280 1382 2328 Apostolus
1434 2280 1542 2328 quod

170 2345 185 2377 ‚⁰
227 2348 458 2377 coacervant
503 2350 540 2377 et
586 2353 666 2377 non
719 2341 826 2389 quod
880 2339 1080 2384 ordinant,
1136 2351 1228 2375 cum
1282 2336 1543 2374 ecclesiastici

228 2400 372 2436 debent
405 2411 488 2436 esse
522 2398 693 2435 infirmis
728 2399 889 2434 firmum
925 2396 1196 2434 defensoriurn
1231 2405 1369 2432 contra
1411 2396 1544 2432 hostes

227 2466 435 2506 tamquam
466 2456 587 2494 turris
611 2456 736 2493 David
770 2456 956 2493 edificata
991 2468 1080 2491 cum
1115 2454 1442 2503 propugnaculis,
1477 2454 1544 2489 sed

229 2517 351 2552 modo
375 2524 465 2552 sunt
496 2515 672 2563 impoliti
696 2524 734 2551 et
757 2514 984 2551 inordinate
1010 2512 1128 2561 positi
1152 2521 1318 2561 propter
1342 2512 1543 2548 defectum

298 2682 322 2712 3.
344 2684 387 2712 H:
409 2685 490 2712 beatz
510 2685 605 2712 deest.
689 2694 719 2718 4.
741 2683 814 2712 DG:
837 2684 948 2721 igitur.
1035 2685 1062 2711 0.
1085 2684 1128 2710 A:
1152 2683 1290 2710 innuant.
1384 2681 1411 2710 8.
1432 2681 1475 2709 D:
1500 2680 1546 2708 vel

226 2720 419 2755 prophetam.
563 2728 597 2747 11.
630 2719 704 2747 DG:
737 2720 841 2755 quoad
871 2727 1012 2747 sensum:
1050 2719 1090 2745 ib.
1127 2718 1168 2744 Ητ
1203 2726 1263 2745 non
1297 2716 1419 2745 dubium
1450 2717 1544 2744 deest.

230 2756 270 2783 16.
294 2755 335 2782 H:
357 2754 487 2782 attendit
506 2755 600 2782 deest.
691 2762 729 2782 21.
751 2754 824 2781 DH:
847 2755 909 2781 nisi
926 2754 1017 2790 quod.
1109 2761 1152 2780 22.
1174 2753 1216 2780 D:
1240 2753 1413 2788 prolonus‚·
1438 2752 1477 2779 ib.
1501 2751 1543 2778 G:

227 2790 362 2817 titulans.
425 2788 468 2816 23.
491 2790 532 2816 D:
556 2792 712 2816 ventuosa.
774 2797 820 2822 24.
843 2789 885 2816 D:
907 2789 1024 2824 igitur,-
1051 2788 1090 2815 ib.
1114 2788 1154 2814 D:
1176 2791 1313 2823 pos-sunt.
1376 2787 1417 2814 25.
1440 2786 1544 2813 DGH:

227 2825 256 2851 II
275 2825 368 2852 deest.
442 2824 488 2851 26.
510 2824 551 2851 D:
572 2825 699 2851 salvam.
773 2823 815 2851 32.
838 2824 878 2851 D:
901 2824 970 2851 iure
988 2823 1127 2850 stolidos.
1202 2821 1244 2856 33,
1260 2821 1306 2854 34.
1328 2822 1370 2848 D:
1393 2822 1496 2848 dicunt
1515 2828 1547 2847 se

228 2859 384 2893 magistri.
459 2858 504 2886 3⁴3.
527 2859 569 2886 b:
595 2859 698 2885 dicunt
717 2867 801 2890 esse,-
826 2859 866 2885 ib.
889 2859 931 2885 l›:
959 2858 1110 2893 infernus.
1184 2855 1228 2892 37.
1249 2857 1322 2884 DG:
1351 2857 1449 2884 turris
1469 2856 1547 2883 dans

227 2895 492 2930 appropinquata.
