2062 3276
246 249 382 278 SERMO
403 239 499 297 xix]
730 255 922 294 QUARTA
949 256 1076 288 PARS.

246 371 317 394 sua
351 371 423 407 pro
457 360 611 407 potenti
646 360 814 397 victoria
847 361 1044 409 acquisita
1078 363 1137 398 vel
1171 362 1279 399 aliud
1315 377 1556 401 venenosum

245 428 393 453 nocens
427 417 606 454 ecclesie.

303 476 351 510 Et
383 474 423 510 in
456 475 533 511 isto
567 485 824 513 monstruoso
858 477 1038 513 dominio
1085 477 1270 514 diabolus
1316 480 1365 515 ad
1399 488 1557 516 tantum

244 532 445 569 intricavit
478 534 689 570 ecclesiam
723 536 831 582 quod
863 534 988 571 nescit
1022 537 1228 584 quomodo
1276 536 1420 585 aliquis
1454 551 1559 586 papa

211 590 448 627 §remittere
480 601 614 639 posset
647 591 767 629 alicui
800 592 989 629 iniuriam
1025 594 1091 642 qui
1132 594 1304 631 auferret
1346 608 1367 631 a
1408 604 1559 644 papatu

243 648 519 686 additamenta
553 649 717 696 cesaria,
759 650 850 687 licet
883 650 1095 688 videantur
1128 665 1211 689 esse
1244 653 1448 689 contraria
1481 653 1557 701 legi

243 706 329 743 Dei.
364 709 465 743 Nam
489 709 538 743 ad
563 707 842 744 remissionem
866 709 988 745 talem
1023 714 1079 755 (ut
1103 709 1306 759 inquiunt)
1341 710 1559 760 requiritur

241 764 469 802 satisfaccio
513 765 715 802 sufficiens
761 766 883 814 capiti
929 768 1096 805 ecclesie
1141 768 1209 817 qui
1256 778 1313 805 est
1347 782 1472 818 papa3
1519 778 1557 806 et

243 835 334 859 cum
369 822 453 871 ipse
488 824 607 860 habet
641 825 688 860 de
722 824 808 860 iure
840 825 969 861 tocius
1005 827 1143 862 mundi
1178 826 1294 862 huius
1319 827 1558 873 dominium,

187 894 226 915 10
240 879 397 917 videtur
449 883 499 918 ad
552 881 763 918 minimum
818 896 890 930 pro
944 884 1222 932 complecione
1266 884 1559 922 satisfaccionis

239 937 470 976 huiusmodi
503 941 610 988 quod
643 940 860 989 requiritur
883 941 1090 979 restitucio
1113 942 1213 979 tanti
1239 943 1408 980 dominii
1433 956 1558 992 quan-

238 1005 324 1032 tum
357 997 523 1045 papatui
557 1007 613 1034 est
647 1011 858 1035 annexum.
893 1000 971 1036 Sed
1005 1000 1092 1049 quis
1126 1001 1166 1037 in
1199 1000 1305 1037 istud
1329 1001 1558 1038 sufficeret?

238 1057 328 1091 Non
362 1054 466 1092 enim
501 1056 696 1092 satisfacit
729 1056 796 1105 qui
830 1057 943 1093 fratri
977 1070 1049 1095 suo
1082 1058 1219 1107 viginti
1254 1059 1406 1095 solidos
1446 1059 1557 1108 prius

239 1113 376 1150 debuit
408 1122 445 1150 et
478 1115 700 1162 frangendo
734 1124 854 1163 caput
887 1128 1002 1152 suum
1051 1118 1118 1153 dat
1163 1116 1238 1153 sibi
1279 1117 1433 1166 precise
1466 1117 1557 1154 illos

185 1171 376 1219 15viginti
409 1171 560 1209 solidos
593 1185 693 1221 quos
726 1173 836 1221 prius
870 1174 1007 1210 debuit
1040 1174 1114 1211 sibi
1148 1176 1256 1212 dare.
1300 1176 1436 1212 Fallax
1469 1176 1555 1224 qui-

239 1230 328 1266 dem
363 1238 400 1265 et
433 1230 633 1267 diabolica
667 1240 724 1267 est
757 1232 829 1268 hec
864 1232 1090 1279 evidencia3
1125 1233 1244 1271 fallax
1277 1242 1426 1281 autem,
1461 1234 1555 1282 quia

238 1288 444 1324 concludit
468 1288 692 1338 cuicunque
721 1290 827 1326 clero
862 1291 1014 1337 dotato,
1048 1304 1185 1339 ymmo
1219 1291 1381 1328 cuilibet
1414 1305 1556 1340 pecca-

237 1345 329 1391 tori,
364 1347 472 1394 quod
507 1349 612 1383 Deus
653 1360 733 1383 non
766 1357 899 1396 potest
934 1357 1147 1396 peccatum
1182 1362 1298 1386 suum
1333 1350 1554 1396 remittere,

235 1416 308 1441 nec
342 1403 427 1452 ipse
460 1406 544 1440 Deo
579 1417 651 1441 suo
685 1407 733 1442 de
767 1418 946 1454 congruo
981 1407 1233 1453 satisfacere:
1281 1420 1374 1445 nam
1423 1409 1556 1445 omnis

178 1475 220 1496 20
235 1462 403 1499 clericus
437 1464 599 1499 dotatus
633 1463 706 1499 fuit
750 1464 790 1500 in
834 1465 910 1502 hoc
957 1465 1233 1512 prevaricator
1265 1466 1449 1503 notorius
1483 1466 1555 1504 Dei

234 1520 307 1557 sui.
343 1522 560 1566 Quomodo
594 1533 687 1569 ergo
721 1531 856 1570 posset
888 1523 1118 1561 satisfacere
1152 1537 1224 1573 pro
1258 1533 1443 1573 tempore
1467 1537 1555 1573 per-

233 1578 318 1615 dito
352 1591 431 1628 quo
464 1581 549 1616 Deo
584 1579 720 1616 debuit
753 1580 976 1618 deservire?
1009 1583 1102 1618 Ideo
1135 1595 1273 1619 verum
1299 1583 1555 1620 concluditur

234 1638 343 1685 quod
375 1650 449 1685 pro
482 1638 592 1674 nullo
639 1647 808 1686 peccato
853 1652 925 1675 suo
972 1649 1107 1688 posset
1153 1642 1275 1677 homo
1322 1641 1554 1678 satisfacere

232 1694 309 1731 nisi
343 1704 445 1732 esset
477 1695 730 1733 immensitas
770 1696 1047 1734 misericordie
1082 1699 1317 1736 Salvatoris.
1372 1699 1554 1736 Peniteat

176 1755 216 1788 25
238 1766 331 1801 ergo
365 1754 487 1790 homo
521 1756 605 1791 Deo
640 1755 843 1792 fructuose
889 1765 925 1792 et
971 1757 1128 1794 deserat
1161 1766 1327 1806 peccata
1360 1757 1554 1806 preterita

234 1820 272 1848 et
303 1811 449 1848 virtute
474 1812 606 1849 meriti
632 1813 780 1849 Christi
804 1822 841 1850 et
864 1826 933 1850 sue
958 1814 1090 1862 gracie
1114 1825 1204 1852 sunt
1228 1816 1371 1852 deleta.
1408 1816 1552 1853 Clerici

233 1878 367 1906 autem
421 1869 489 1918 qui
542 1883 623 1907 non
675 1871 853 1919 penitent
906 1874 975 1908 sed
1021 1875 1197 1921 gaudent
1245 1875 1293 1910 de
1338 1873 1553 1911 dotacione

233 1927 434 1965 diabolica
466 1928 652 1965 videntur
685 1941 768 1966 esse
802 1942 845 1965 ex
878 1940 991 1978 parte
1025 1931 1178 1968 diaboli
1223 1941 1432 1980 tamquam
1473 1932 1551 1979 edi,

234 1995 271 2023 et
303 1998 384 2022 non
416 1987 547 2023 solum
582 1987 637 2023 illi
670 1989 738 2024 sed
774 1988 907 2024 cuncti
941 1988 1008 2025 alii
1042 1998 1085 2025 ut
1117 1990 1259 2026 fratres
1291 1999 1328 2027 et
1351 1991 1552 2027 seculares

176 2048 218 2080 30
234 2043 301 2093 qui
332 2044 467 2081 fovent
499 2045 559 2081 vel
593 2045 811 2082 defendunt
844 2055 999 2094 partem
1035 2047 1186 2084 diaboli
1231 2048 1270 2084 in
1316 2049 1390 2085 hac
1424 2058 1550 2097 parte.

232 2104 391 2139 Fratres
425 2111 561 2139 autem
595 2103 721 2152 magis
756 2105 1012 2152 degenerant,
1048 2118 1138 2142 cum
1174 2118 1217 2142 ex
1249 2106 1401 2143 noticia
1429 2120 1550 2156 quam

233 2160 458 2197 didicerant
490 2160 530 2197 in
563 2161 763 2210 scriptura
797 2171 834 2199 et
875 2175 917 2199 ex
963 2164 1213 2212 professione
1258 2165 1425 2213 propria
1471 2179 1550 2214 qua

235 2219 285 2256 ad
318 2231 539 2267 pauperem
572 2219 695 2256 vitam
731 2221 1093 2269 exproprietariam
1134 2222 1364 2271 obligantur
1404 2224 1550 2260 debent

232 2286 367 2314 tenere
401 2278 658 2315 constancius
693 2291 783 2315 cum
819 2292 938 2316 causa
972 2280 1135 2317 Domini
1169 2281 1209 2317 in
1242 2282 1315 2318 hac
1349 2290 1478 2330 parte.

176 2336 216 2371 35
290 2337 339 2372 Et
372 2348 462 2372 cum
497 2335 553 2372 illi
586 2345 678 2373 sunt
711 2337 779 2386 qui
826 2338 952 2386 magis
999 2339 1096 2375 false
1137 2348 1174 2375 et
1206 2340 1376 2376 subdole
1409 2341 1550 2377 adver-

232 2402 384 2441 santur,
418 2394 667 2432 satisfaciant
691 2407 784 2443 ergo
809 2396 1038 2445 quicunque
1061 2406 1295 2445 peccatores
1318 2410 1389 2446 per
1411 2411 1548 2435 veram

234 2451 527 2489 contricionem
564 2453 727 2502 capitali
761 2454 927 2491 domino
974 2464 1010 2492 et
1051 2464 1107 2492 est
1147 2455 1257 2502 satis,
1306 2456 1400 2505 quia
1433 2457 1549 2493 aliter

233 2510 361 2547 clerus
393 2523 464 2559 per
496 2511 613 2547 istam
648 2512 938 2561 proprietatem
974 2515 1222 2551 mundanam
1247 2527 1269 2551 a
1292 2515 1376 2563 lege
1401 2515 1549 2552 Christi

233 2569 481 2616 degenerans
525 2583 733 2619 nunquam
781 2580 915 2619 posset
966 2571 1196 2609 satisfacere
1246 2586 1319 2621 pro
1365 2582 1547 2621 peccato.

173 2628 282 2669 40Et
316 2626 372 2664 sic
406 2627 671 2676 relinquendo
706 2630 777 2666 hec
822 2630 1064 2678 temporalia
1109 2643 1182 2679 pro
1228 2631 1372 2679 quibus
1418 2632 1547 2680 legem

302 2747 326 2775 3.
348 2748 386 2776 E:
416 2753 605 2777 monslruoso
626 2750 719 2778 deest¹
845 2760 870 2786 7.
893 2751 917 2779 E
937 2756 966 2779 iu
989 2760 1102 2787 marg:
1131 2751 1178 2779 Ad
1201 2753 1409 2782 remissionem
1435 2754 1549 2782 inim-ie

229 2783 363 2818 papalis.
437 2784 464 2811 8.
485 2784 554 2812 DE:
577 2785 714 2819 capitati.
788 2786 829 2820 16,
846 2794 884 2821 17.
901 2786 970 2814 DE:
992 2787 1046 2823 qui
1064 2787 1228 2814 concludit.
1302 2796 1348 2816 20.
1369 2790 1414 2817 A:
1436 2790 1545 2816 clerus.

230 2824 278 2851 24.
298 2817 338 2846 E:
359 2819 573 2847 misericordie
591 2819 768 2848 Salvatoris
788 2821 883 2849 deest.
958 2823 1003 2849 26.
1025 2821 1050 2849 E
1064 2822 1093 2848 in
1111 2830 1224 2857 marg:
1248 2822 1365 2851 Clerici
1382 2831 1442 2851 ηοη
1461 2825 1545 2858 peni-

230 2854 325 2880 tentes
351 2853 388 2880 de
413 2853 583 2881 dotacione.
703 2863 748 2890 27.
776 2855 800 2882 E
826 2856 855 2882 in
885 2864 999 2890 marga
1027 2856 1185 2884 Peccatum
1212 2865 1273 2885 non
1299 2858 1462 2886 dimittitur
1487 2859 1549 2886 nisi

229 2886 361 2915 ablatum
383 2889 563 2916 restituatur
581 2889 734 2925 quomodo
755 2890 954 2926 intelligitur.

1776 251 1847 287 165

1614 491 1701 528 They
1721 501 1759 527 go
1781 504 1815 520 so

1600 526 1647 553 far
1667 535 1700 553 as
1721 533 1751 554 10
1772 537 1826 565 say

1587 595 1591 598 -
1638 561 1701 589 that
1722 563 1743 589 it
1764 563 1789 589 is

1585 597 1769 630 1mpossible
1790 598 1839 626 for

1629 639 1687 670 any
1708 637 1739 658 10
1761 632 1796 659 bc

1599 664 1737 700 forgnm
1761 667 1832 694 who

1618 701 1702 727 takes
1723 710 1809 737 away

1586 735 1705 762 secular
1727 744 1834 770 power

1580 769 1659 797 from
1684 770 1733 797 the
1754 771 1847 806 Pope.

1573 2351 1771 2390 Satisfaction
1794 2352 1841 2380 for

1675 2395 1733 2414 sm.
