2062 3276
242 251 378 281 SERMO
400 240 495 299 nn]
720 254 910 295 QUARTA
938 255 1065 287 PARS.
1767 258 1778 283 1
1791 259 1840 295 79

243 368 354 408 patet
393 359 433 396 in
470 372 662 408 processu
703 360 896 409 evangelii
936 360 1217 409 consequentis
1256 372 1299 397 ex
1338 369 1445 397 textu
1485 361 1553 398 illo

232 418 317 467 suit
348 418 461 454 homo
494 419 633 456 missus
664 432 685 455 a
719 420 802 455 Deo
835 432 961 467 usque
995 420 1044 455 ad
1079 419 1198 455 finem
1231 418 1338 455 libri.

301 477 350 512 Et
382 476 476 525 quia
509 477 708 525 premium
749 476 873 513 allicit
906 478 954 513 ad
990 477 1184 523 laborem,
1226 475 1317 513 ideo
1357 476 1554 524 premittit
1633 483 1780 524 Rexqards

242 534 461 571 Johannes:
496 535 641 571 Beatus
663 535 728 583 qui
747 535 843 585 legit
865 542 899 570 et
922 535 1029 570 audit
1062 535 1177 570 verba
1205 535 1416 584 prophecie
1444 535 1555 571 huius
1605 519 1815 582 ξζὲεᾞὲῗ-θὲῃὲ)

211 597 278 629 §et
309 600 441 628 servat
473 604 515 628 ea
548 605 618 641 que
650 593 686 628 in
719 605 761 628 ea
793 593 939 641 scripta
977 599 1078 637 sunt,
1118 600 1266 641 tempus
1304 593 1402 628 enim
1429 605 1556 642 prope
1571 588 1843 651 puft'ffe‘wgsg‘eep

243 656 319 693 est;
350 649 417 686 ubi
450 659 560 698 patet
593 650 788 687 mercedis
822 650 1086 696 immensitas,
1122 649 1216 698 quia
1240 650 1448 686 beatitudo
1472 659 1553 686 tam
1786 645 1791 651 ’

245 708 438 755 magistro
479 708 594 744 huius
634 708 817 744 doctrine
856 721 976 756 quam
1017 707 1217 756 discipulo
1250 717 1308 744 est
1340 708 1554 756 promissa.

243 765 432 812 Magister
455 775 620 803 notatur
642 779 713 814 per
746 767 821 802 hoc
855 767 964 815 quod
997 766 1106 816 legit,
1140 766 1361 814 discipulus
1386 779 1456 814 per
1479 767 1556 803 hoc

244 824 352 871 quod
384 824 514 869 audit5
545 833 582 860 et
615 824 708 872 quia
742 824 947 860 modicum
980 832 1038 860 est
1070 825 1200 872 legere
1231 824 1293 861 vel
1317 824 1457 860 audire
1480 824 1556 860 nisi

191 898 229 919 10
243 881 423 918 servacio
457 881 497 918 in
530 894 651 931 opere
683 882 733 918 sit
766 891 916 929 secuta,
950 882 1041 919 ideo
1074 882 1200 918 tercio
1232 882 1437 929 signanter
1460 882 1557 918 dici-

244 948 308 975 tur
349 947 384 976 et
420 947 551 976 servat
590 953 632 976 ea
671 953 741 989 que
777 941 812 976 in
846 953 888 976 ea
920 941 1065 990 scripta
1110 948 1209 976 sunt.
1256 942 1297 977 In
1336 940 1557 988 prophecia

244 997 408 1045 quidem
441 998 636 1035 Johannis
674 998 825 1046 scripta
864 1007 956 1034 sunt
993 998 1201 1046 passiones
1239 998 1553 1035 tribulacionum

243 1068 317 1103 pro
361 1056 524 1093 nomine
558 1055 707 1092 Christi
752 1069 828 1105 que
873 1069 999 1105 usque
1040 1057 1090 1093 ad
1130 1056 1236 1092 diem
1282 1056 1421 1093 iudicii
1465 1065 1558 1092 sunt

243 1123 421 1150 venture.
457 1115 524 1151 Ille
557 1124 691 1151 autem
725 1123 856 1151 servat
889 1114 965 1151 ista
997 1114 1217 1162 obprobria
1251 1123 1374 1163 atque
1397 1114 1557 1163 penalia

191 1175 228 1209 15
244 1172 311 1220 qui
355 1172 624 1221 equanimiter
663 1182 701 1209 et
745 1171 926 1209 hilariter
963 1172 1004 1209 in
1044 1172 1210 1209 caritate
1257 1172 1347 1221 ipsa
1390 1172 1559 1209 sustinet

244 1243 317 1278 pro
350 1229 514 1267 nomine
545 1233 636 1267 Jesu
669 1230 831 1267 Christi.
866 1233 914 1267 Et
948 1239 1127 1268 moveret
1159 1232 1210 1267 ad
1242 1229 1328 1279 ipsa
1361 1230 1559 1267 sustinen-

245 1289 340 1324 dum
374 1290 482 1338 quod
515 1298 672 1337 tempus
708 1289 838 1326 finalis
871 1288 1007 1325 iudicii
1048 1297 1107 1325 est
1145 1297 1228 1325 tam
1268 1301 1408 1337 prope,
1447 1297 1557 1325 tanta

244 1347 461 1384 necessitas
493 1346 664 1383 istorum
699 1356 912 1384 eventuum
947 1356 1005 1384 est
1037 1347 1171 1383 futura
1204 1356 1241 1383 et
1270 1359 1422 1383 merces
1445 1346 1559 1383 istius

246 1405 482 1441 sufferencie
530 1414 612 1442 tam
663 1405 865 1451 inmensa;
918 1418 1007 1442 cum
1058 1405 1163 1442 enim
1216 1413 1375 1453 tempus
1430 1404 1560 1441 finalis

189 1462 383 1499 zoiudicii
429 1463 479 1499 sit
523 1472 603 1500 tam
652 1476 790 1512 prope,
846 1463 1026 1511 sequitur
1071 1464 1179 1512 quod
1224 1472 1354 1499 totum
1399 1472 1560 1511 tempus

247 1520 428 1557 medians
461 1520 511 1558 sit
544 1521 749 1558 modicum
784 1530 821 1558 et
854 1521 894 1557 in
928 1521 1241 1569 comparacione
1275 1523 1324 1558 ad
1358 1520 1561 1569 perpetui-

246 1588 370 1616 tatem
405 1579 664 1616 beatitudinis
697 1580 811 1628 quasi
844 1579 1012 1616 instans.
1048 1579 1144 1625 Quis
1175 1592 1268 1627 ergo
1293 1588 1444 1616 attente
1468 1592 1562 1615 con-

246 1638 427 1674 siderans
460 1638 534 1675 ista
568 1638 646 1674 tria
685 1637 973 1675 tribulaciones
1011 1646 1094 1674 tam
1137 1646 1442 1674 momentaneas
1480 1649 1562 1673 non

247 1696 539 1734 delectabiliter
571 1696 810 1733 sustineret?

191 1756 230 1789 25
306 1756 420 1792 Unde
452 1755 633 1803 sequitur
666 1755 705 1790 in
739 1763 864 1791 textu:
897 1755 1094 1790 „Iohannes
1125 1761 1268 1802 septem
1302 1754 1471 1790 ecclesiis
1494 1765 1564 1802 que
1624 1760 1691 1788 The
1713 1767 1821 1797 seven«

247 1820 335 1848 sunt
366 1814 402 1849 in
435 1813 539 1849 Asia.
579 1813 723 1849 Gracia
764 1813 869 1848 vobis
907 1819 943 1848 et
975 1824 1062 1861 pax
1093 1812 1139 1847 ab
1173 1824 1214 1847 eo
1247 1812 1311 1860 qui
1341 1819 1396 1848 est
1428 1819 1462 1847 et
1501 1795 1853 1865 qzti'AS⁶5¹,¹,u{{³ghnei⁵fy⁰t¹he

247 1878 332 1906 erat
365 1879 399 1908 et
430 1872 496 1920 qui
526 1879 709 1907 venturus
741 1878 808 1907 est.
846 1870 920 1907 Ubi
944 1879 1053 1918 patet
1077 1869 1352 1906 subsalutacio
1369 1869 1562 1906 Johannis
1596 1863 1840 1927 Whsslfiiglffoeh

248 1929 323 1964 toti
357 1928 413 1965 illi
448 1930 599 1978 populo
634 1928 695 1966 cui
736 1928 892 1973 scribit3
937 1941 1030 1964 nam
1072 1940 1142 1975 per
1181 1936 1334 1975 septem
1376 1927 1563 1964 ecclesias
1782 1922 1788 1927 ¹

249 1999 325 2035 que
363 1996 456 2023 sunt
489 1987 529 2023 in
562 1987 656 2024 Asia
697 1985 843 2022 minori
888 1986 1070 2034 signatur
1115 1985 1352 2022 universitas
1398 1985 1563 2022 ecclesie

193 2044 472 2091 30militantis‚
521 2046 615 2094 quia
658 2046 878 2081 secundum
919 2043 1157 2091 Gregorium
1198 2043 1356 2080 Omelia
1400 2045 1559 2079 XXVIIa

249 2103 478 2151 septenario
513 2103 706 2151 figuratur
738 2102 977 2139 universitas
1010 2101 1226 2138 numerati.
1262 2103 1309 2137 Et
1333 2110 1443 2149 patet
1467 2114 1565 2150 quo-

250 2162 373 2198 modo
406 2161 483 2198 ista
515 2160 737 2210 prophecia
770 2160 809 2197 in
841 2159 1104 2209 generalitate
1137 2159 1292 2196 excellit
1322 2159 1564 2208 prophecias

248 2219 392 2257 veteris
416 2220 660 2257 testamenti.
694 2221 784 2256 Non
816 2218 922 2255 enim
958 2217 1215 2266 singulariter
1248 2219 1465 2266 prophetat
1497 2217 1564 2254 uni

250 2278 373 2314 tribui
404 2279 465 2315 vel
504 2278 573 2314 uni
612 2277 719 2326 genti
758 2290 832 2326 pro
878 2286 1061 2325 tempore
1108 2276 1269 2313 modico
1314 2276 1413 2312 citra
1459 2275 1564 2312 diem

193 2335 399 2383 35iudicii‚
460 2338 529 2373 sed
583 2335 823 2384 generaliter
881 2348 1006 2384 usque
1056 2336 1106 2372 ad
1162 2334 1275 2371 illum
1333 2334 1439 2370 diem
1492 2333 1566 2370 toti

321 2490 341 2510 1.
362 2481 390 2509 I:
413 2489 556 2514 excessm
581 2482 620 2509 ib.
642 2481 741 2509 ADE:
764 2484 1003 2517 consequentem
1026 2480 1172 2520 ib3DE1:
1195 2488 1213 2507 a
1233 2483 1324 2508 textu.
1399 2488 1427 2513 4.
1447 2480 1474 2507 I:
1493 2487 1566 2515 pro-

245 2516 347 2558 pizele.
410 2525 435 2549 7.
457 2517 500 2544 A:
523 2517 613 2543 liuius
631 2517 793 2544 sentencie.
858 2524 897 2543 10.
919 2515 988 2543 DE:
1010 2519 1104 2543 tercio
1125 2516 1219 2543 deest.
1278 2523 1311 2543 11.
1332 2515 1360 2542 1:
1381 2518 1452 2542 sunl
1471 2515 1565 2542 deest.

252 2553 290 2585 ι’),
307 2560 349 2585 14.
370 2552 439 2579 DE:
481 2559 519 2579 uo
541 2560 635 2587 usque
650 2573 655 2578 .
673 2573 679 2579 .
697 2573 702 2578 .
721 2573 725 2577 .
742 2552 871 2579 venturi.
945 2551 981 2578 15.
998 2551 1097 2578 ADE:
1119 2559 1176 2586 que
1195 2550 1417 2585 equcmimiler;
1439 2550 1479 2577 ib.
1496 2549 1565 2577 DE:

252 2587 281 2614 in
302 2587 433 2614 caritate
474 2591 546 2613 eest.
622 2595 660 2622 17·
676 2586 758 2614 DEI:
779 2587 819 2614 sit
838 2589 900 2614 tam
913 2593 1020 2620 prope.
1096 2593 1207 2621 17—20.
1225 2585 1292 2612 DE:
1314 2588 1399 2612 tanta
1420 2600 1450 2604 -
1468 2592 1569 2620 prope

252 2622 346 2648 deest.
421 2628 466 2648 20.
487 2622 514 2648 I:
537 2624 629 2649 totum
650 2621 744 2648 deest.
827 2628 870 2649 22.
891 2621 919 2648 1:
941 2621 1057 2656 igitur;
1086 2620 1127 2647 ib.
1148 2621 1192 2648 A:
1214 2619 1398 2647 attendente.
1472 2619 1516 2648 25.
1537 2619 1566 2647 1:

250 2655 410 2684 Jolzannis.
484 2656 529 2683 28.
552 2656 621 2683 DE:
643 2657 695 2683 cui
711 2655 821 2684 subdit.
894 2654 933 2683 31.
955 2657 978 2684 E
999 2655 1028 2683 in
1051 2663 1164 2690 marg:
1185 2654 1306 2690 Septem
1326 2654 1462 2682 ecclesie.

324 2750 353 2774 2.
379 2739 456 2772 Joh.
484 2740 506 2780 I,
533 2739 564 2772 6.
659 2750 692 2780 4.
720 2740 784 2782 Ap.
812 2740 835 2779 Ι,
864 2740 893 2773 3.
993 2739 1044 2771 25.
1073 2739 1116 2771 ib.
1142 2748 1174 2779 4.
1275 2739 1328 2771 30.
1355 2739 1388 2771 S.
1410 2738 1566 2780 Gregorii

253 2787 422 2818 Praefatio
455 2787 489 2818 in
520 2786 646 2818 librum
678 2787 756 2826 Job,
789 2797 862 2828 cap.
883 2787 973 2818 VIII:
1007 2787 1096 2817 Hinc
1128 2792 1179 2817 est
1211 2785 1307 2827 quod
1343 2785 1377 2815 in
1401 2783 1569 2816 johannis

253 2834 462 2876 Apocalypsi
491 2844 552 2875 per
577 2840 711 2874 septem
738 2833 962 2865 ecclesiarum
989 2842 1174 2864 numerum
1200 2832 1405 2863 universalis
1424 2831 1568 2862 ecclesia

257 2880 466 2923 designatur.
486 2880 578 2922 Opp.
597 2885 682 2913 tom.
702 2880 724 2919 Ι,
744 2890 821 2921 pag.
843 2878 892 2913 15.
921 2879 972 2912 Cf.
992 2879 1036 2911 ib.
1056 2889 1157 2921 pagg.
1175 2879 1231 2922 93,
1250 2879 1328 2921 733,
1354 2877 1448 2917 1150,
1474 2876 1568 2920 1593.

1365 2937 1432 2968 12³⁶
