2062 3276
254 254 389 282 sumo
406 244 573 300 xxxva]
738 256 928 295 QUARTA
958 256 1082 287 imas.
1779 249 1853 294 301)

255 362 556 400 detraccionum
592 371 630 399 et
661 362 797 399 omnia
836 374 981 409 genera
1016 371 1273 410 peccatorum
1310 363 1566 399 communius

255 420 354 457 fiunt
392 420 432 456 in
471 421 640 457 sabbato
679 433 798 468 quam
840 419 879 456 in
918 418 997 456 alio
1037 419 1100 455 dic
1138 419 1278 456 feriali.
1326 423 1372 455 Et
1412 421 1450 456 in
1490 422 1565 456 hoc

254 478 430 526 perfecto
463 478 673 515 ostenditis
705 491 773 514 vos
807 490 890 514 esse
923 490 966 513 ex
1002 486 1114 525 parte
1148 477 1312 513 diaboli.
1347 480 1402 514 De
1437 478 1567 526 primo

255 537 446 572 mandato
470 537 644 573 secunde
677 536 810 572 tabule
833 535 907 571 erit
929 548 1139 583 processus
1163 539 1219 581 (ut
1242 544 1351 583 patet
1374 538 1567 572 Sermone

221 596 302 630 5dc
336 594 538 631 dominice
569 595 706 639 XIXO).
761 593 990 630 Retribucio
1034 602 1167 629 autem
1214 593 1438 630 audicionis
1483 606 1567 629 ver-

255 654 397 688 borum
438 651 510 688 Dei
550 661 607 688 est
647 651 866 696 beatitudo,
913 664 1002 687 cum
1044 653 1149 687 Luce
1182 653 1267 696 X10‚
1310 652 1359 687 28
1401 651 1566 688 dicitur:

254 710 368 746 Beati
397 710 461 758 qui
490 710 650 745 audiunt
683 710 838 746 verbum
873 709 950 746 Dei
979 717 1014 746 et
1046 710 1263 745 custodiunt
1295 710 1403 745 illud.

691 834 888 874 SERMO
921 835 1131 876 XXXVII.

311 932 398 967 Hoc
441 931 575 967 sentite
618 931 653 966 iu
701 931 806 967 vobis
844 931 947 979 quod
989 938 1024 967 et
1068 930 1104 966 in
1143 930 1300 966 Christo
1330 931 1431 966 Jesu.
1468 931 1567 967 Phil.

201 993 322 1036 10110‚
356 990 389 1026 5.

313 1047 473 1084 Dictum
509 1055 567 1083 est
599 1046 804 1083 dominica
838 1046 1020 1094 proxima
1052 1048 1260 1094 quomodo
1300 1046 1432 1082 omnis
1466 1047 1567 1083 chri-
1584 1042 1850 1104 ἢξξζζὲὲᾚξςῧῶὓίῃᾟ

254 1107 406 1143 stianus
439 1114 595 1141 tenetur
639 1104 778 1141 audire
823 1106 985 1141 verbum
1038 1104 1109 1140 Dei
1156 1113 1192 1140 et
1233 1104 1436 1141 custodire
1470 1105 1567 1140 illud
1636 1111 1802 1138 ot‘christ.

256 1173 401 1210 mente,
444 1176 561 1200 sensu
605 1172 642 1199 et
687 1163 904 1208 voluntate,
960 1172 997 1199 et
1041 1175 1111 1211 per
1156 1175 1405 1211 consequens
1438 1162 1568 1199 omnis

254 1222 495 1259 christianus
528 1230 686 1258 tenetur
720 1221 931 1269 concipere
965 1220 1168 1258 Christum
1203 1221 1243 1257 in
1276 1220 1426 1267 animo,
1477 1234 1566 1257 cum

201 1280 338 1329 15ipse
370 1280 420 1317 sit
454 1279 689 1328 precipuum
735 1280 898 1316 verbum
935 1279 1019 1325 Dei,
1060 1288 1096 1315 et
1129 1291 1198 1327 per
1232 1291 1481 1327 consequens
1514 1288 1569 1315 te-

162 1374 187 1405 Ρ
217 1374 225 1404 1
253 1348 369 1375 netur
393 1338 595 1375 Christum
620 1338 780 1386 gignere
804 1346 841 1374 et
863 1337 1029 1378 nutrire,
1055 1346 1091 1373 et
1107 1346 1201 1373 tunc
1225 1337 1408 1373 faciendo
1430 1338 1568 1373 volun-

158 1385 238 1451 “22025
253 1406 377 1434 tatem
411 1396 536 1445 patris
561 1395 709 1433 Christi
738 1392 742 1448 Ι
773 1396 815 1431 fit
848 1405 976 1432 mater
1000 1395 1160 1439 Christi,
1196 1404 1237 1431 ut
1268 1395 1438 1443 ipsemet
1472 1395 1567 1431 dicit

254 1454 420 1492 Matthei
465 1455 568 1499 X110‚
617 1455 686 1490 50:
746 1454 969 1502 Quicunque
1013 1453 1109 1489 euim
1151 1454 1299 1502 fecerit
1334 1454 1566 1489 voluntatem

247 1514 377 1564 patris
410 1512 484 1548 mei
514 1513 579 1561 qui
609 1512 644 1548 in
678 1512 769 1548 celis
801 1519 868 1558 est,
902 1512 982 1561 ipse
1014 1524 1119 1547 meus
1159 1519 1274 1560 pater
1318 1518 1352 1547 et
1383 1524 1501 1547 soror
1533 1519 1567 1547 et

197 1582 238 1603 20
254 1579 379 1608 mater
411 1578 476 1607 est.
514 1572 555 1606 In
595 1569 679 1606 istis
723 1569 853 1606 verbis
896 1569 971 1606 tria
1018 1569 1183 1605 dixerim
1230 1568 1389 1605 caritati
1422 1578 1564 1610 vestre,

253 1629 385 1679 primo
438 1629 643 1677 quomodo
697 1627 863 1676 quilibet
914 1636 1090 1664 vestrum
1144 1629 1261 1663 debet
1312 1628 1476 1675 palpare
1527 1640 1567 1663 se

254 1689 399 1736 ipsum,
434 1687 464 1723 si
509 1686 628 1723 sentit
662 1686 864 1723 Christum
905 1686 944 1722 in
978 1685 1182 1721 intellectu
1218 1694 1254 1721 et
1287 1685 1444 1722 affectu.
1500 1687 1567 1721 Se-

254 1747 386 1783 cundo
426 1746 542 1781 debet
580 1753 721 1781 notare
763 1756 893 1780 mores
940 1753 976 1780 et
1014 1743 1136 1779 vitam
1171 1743 1318 1780 Christi
1359 1743 1453 1792 quid
1494 1756 1566 1791 pro

253 1804 368 1841 nobis
385 1816 523 1852 passus
540 1812 610 1847 est,
627 1812 663 1839 et
682 1802 806 1838 tercio
826 1803 942 1838 debet
966 1802 1072 1838 iuxta
1087 1803 1207 1838 verba
1224 1801 1413 1838 thematis
1427 1802 1569 1837 sentire

198 1864 289 1898 251'n
321 1874 361 1899 se
394 1863 475 1911 ipso
508 1860 728 1897 imitatorie
761 1861 862 1909 quod
893 1859 1015 1896 sensit
1048 1861 1084 1895 in
1113 1860 1269 1896 Clu-isto
1290 1860 1380 1896 Jesu
1414 1860 1566 1908 previe3

254 1920 385 1969 primo
408 1920 572 1968 inquam
594 1920 786 1955 debemus
810 1918 1037 1954 examinare
1067 1917 1360 1954 conscienciam
1385 1927 1565 1954 nostram

253 1978 281 2015 si
332 1990 516 2014 amamus
567 1977 770 2013 Christum
825 1985 1008 2012 nostrum
1064 1975 1330 2019 conditorem,
1382 1984 1563 2012 nostrum

254 2038 551 2084 redemptorem
606 2044 643 2071 et
694 2043 877 2071 nostrum
922 2033 1223 2082 premiatorem.
1278 2035 1377 2070 Cum
1432 2043 1564 2070 autem

252 2105 330 2131 tres
369 2103 459 2130 sunt
497 2105 666 2142 persone
705 2092 849 2141 quibus
888 2093 1109 2128 secundum
1143 2092 1398 2128 Aristotelem
1445 2093 1567 2127 homo

197 2156 333 2190 ‘Sonon
367 2161 497 2200 potest
541 2151 784 2196 satisfacere,
833 2150 984 2186 scilicet
1029 2152 1148 2195 Deus,
1196 2162 1340 2198 parens
1374 2159 1411 2186 et
1444 2151 1565 2198 peda-

253 2223 390 2259 {10qu
444 2218 553 2258 patet
597 2210 706 2258 quod
756 2208 796 2244 in
841 2207 1002 2245 Christo
1048 2221 1186 2244 omnes
1231 2207 1304 2244 iste
1348 2216 1427 2244 tres
1473 2220 1566 2244 con-

253 2268 431 2306 diciones
465 2267 719 2304 conveniunt.
764 2269 849 2315 Ipse
883 2266 988 2302 enim
1008 2266 1196 2314 produxit
1229 2278 1302 2302 nos
1335 2278 1377 2302 ex
1401 2265 1565 2311 nichilo,

253 2327 388 2375 genuit
421 2339 492 2362 nos
527 2338 571 2362 ex
605 2334 732 2361 matre
778 2324 946 2361 ecclesia
979 2324 1174 2372 sanguine
1220 2337 1290 2360 suo
1336 2333 1373 2360 et
1407 2323 1566 2359 instruit

253 2398 326 2422 nos
359 2397 568 2433 quousque
602 2384 772 2420 collocet
804 2382 843 2418 in
878 2382 989 2430 regni
1022 2382 1137 2419 solio.
1162 2383 1254 2418 Ideo
1287 2381 1361 2418 sibi
1384 2391 1567 2418 tenemur

198 2444 237 2478 '35
254 2443 444 2492 precipue
478 2455 521 2479 ex
554 2442 639 2490 lege
671 2440 941 2489 gratitudinis.

322 2553 398 2582 3—5.
421 2554 466 2581 De
480 2554 582 2589 primo
598 2569 629 2572 —
643 2552 720 2580 XIX.
748 2552 811 2580 Hec
831 2553 922 2579 verba
944 2560 1040 2586 marg.
1062 2551 1091 2578 in
1113 2555 1228 2578 textum
1249 2551 1396 2578 incidisse
1417 2550 1567 2578 videntur.

253 2591 279 2617 8.
302 2590 328 2617 H
350 2589 379 2616 iu
401 2597 515 2623 marga
544 2588 652 2615 Sermo
673 2589 749 2615 [5¹15.
867 2595 895 2623 9.
918 2586 986 2613 DE:
1013 2590 1043 2613 et
1061 2586 1156 2613 deest.
1274 2594 1315 2619 ri.
1337 2585 1380 2613 H:
1408 2587 1569 2620 accipere:

253 2626 294 2652 ib.
325 2625 367 2652 G:
401 2624 430 2651 in
462 2623 565 2650 animo
598 2623 694 2650 deest.
830 2629 876 2649 20.
907 2623 950 2648 A:
985 2624 1028 2648 est
1059 2621 1159 2649 deest:
1192 2620 1232 2647 ib.
1263 2620 1307 2647 H:
1341 2620 1440 2647 verbis
1472 2620 1566 2647 deest.

254 2668 292 2687 21.
308 2660 351 2686 A:
374 2658 527 2693 quomodo
542 2658 643 2689 deest:
664 2657 704 2684 ib.
721 2657 744 2684 E
758 2657 789 2683 in
806 2665 919 2691 murga
944 2664 966 2682 1.
1022 2663 1066 2683 22.
1083 2655 1126 2682 Η·.
1152 2655 1303 2682 Christmn
1318 2655 1419 2685 deest:
1441 2655 1480 2682 ib.
1496 2655 1520 2681 Ι)
1537 2655 1565 2681 iu

254 2702 368 2729 marg:
397 2701 423 2720 ·.’.
523 2700 569 2725 24.
596 2693 702 2725 iuxta;
728 2692 771 2719 H:
800 2692 887 2726 ipsa:
915 2691 955 2718 ib.
984 2691 1008 2717 Ι)
1037 2691 1065 2720 iu
1094 2698 1208 2724 marg.:
1229 2699 1262 2724 3.
1372 2690 1414 2717 25.
1440 2690 1567 2724 prevse:

253 2740 326 2768 AH:
352 2724 428 2775 p‘tie:
457 2739 498 2766 ib.
521 2739 564 2766 H:
586 2746 644 2774 que
662 2738 767 2765 sensit.
823 2737 870 2764 26.
892 2738 935 2765 H:
958 2737 1095 2772 expiare.
1149 2743 1196 2768 20.
1219 2737 1243 2763 1)
1265 2736 1294 2763 in
1317 2744 1430 2763 marm:
1456 2736 1569 2770 Quibus

253 2783 312 2802 non
333 2774 476 2802 redditur
495 2773 681 2809 equivalen&
760 2771 799 2800 31.
822 2773 865 2800 H:
887 2773 948 2800 ille.
1023 2770 1064 2799 32.
1086 2773 1129 2799 A:
1153 2772 1231 2798 enim
1253 2771 1352 2804 deest3
1374 2756 1413 2798 iE,
1432 2771 1475 2798 A:
1495 2778 1567 2805 pro-

254 2810 346 2837 ducit.
420 2808 462 2836 33.
484 2809 527 2836 A:
548 2808 664 2844 gignit.

322 2880 354 2913 8.
381 2881 513 2923 Epistle
540 2880 592 2912 for
618 2879 714 2911 Palm
742 2880 896 2922 Sunday.
