2062 3276
166 891 203 911 10

165 1171 201 1203 15

159 2337 198 2370 ‘55

216 245 351 274 sERMO
374 235 411 293 1.]
699 250 889 289 QUARTA
918 252 1043 283 PARS.

215 357 346 405 gelum
389 356 429 392 in
473 356 586 392 cuius
630 370 725 393 voce
771 366 886 394 erunt
931 357 1114 394 homines
1159 358 1293 395 taliter
1338 358 1528 405 innovati,

217 413 310 463 quia
343 415 509 462 angelus
543 423 600 451 est
634 414 732 451 Isaie
767 417 851 463 IX0,
893 424 931 452 et
970 428 1051 452 non
1093 415 1259 452 dubium
1295 415 1391 465 quin
1423 417 1530 465 prin-

217 471 484 520 cipalissimus
514 472 732 520 possibilis;
768 482 804 510 et
829 475 876 510 de
909 473 984 510 ista
1019 486 1116 510 voce
1145 474 1302 510 videtur
1325 474 1529 511 Christum

217 530 439 578 intelligere
469 531 557 567 Joh.
581 532 648 577 VO,
685 533 756 568 28:
799 532 904 568 Venit
937 533 1034 568 hora
1067 533 1103 567 in
1137 544 1208 581 qua
1242 544 1372 569 omnes
1403 533 1466 581 qui
1495 533 1529 568 in

218 589 471 624 monumentis
487 596 574 624 sunt
588 589 744 625 audient
760 590 979 640 vocemfilii
992 591 1080 635 Dei,
1099 599 1136 626 et
1152 590 1317 627 Matthei
1333 591 1471 636 XXV0,
1486 592 1528 626 6:

218 647 349 683 Media
403 654 511 682 nocte
561 648 712 683 clamor
753 648 892 696 factus
936 655 1009 684 est:
1062 648 1164 684 Ecce
1207 660 1369 697 sponsus
1415 649 1526 685 venit.

218 704 338 740 Exite
369 704 519 740 obviarn
553 705 595 740 ei.
622 704 804 742 Christus
828 714 961 742 autem
987 705 1413 754 compendiosissimus
1447 719 1529 743 cre-

219 762 326 798 ditur
355 774 426 810 per
447 774 488 798 se
511 763 642 799 facere
675 763 812 800 omnia
846 763 942 800 talia
974 776 1072 800 voce
1104 776 1187 800 sua.
1223 766 1271 800 Et
1295 765 1344 800 ad
1368 777 1529 801 sensum

219 820 468 857 consimilem
505 820 651 857 dicitur
682 833 755 857 vox
789 821 950 858 Domini
985 834 1068 858 esse
1100 823 1208 858 tuba.
1253 824 1422 870 Propter
1454 822 1530 859 tria
1562 828 1629 856 The
1651 838 1720 856 uses
1741 830 1807 857 osa

219 878 323 915 enim
357 879 487 915 solent
520 878 704 915 homines
736 880 891 926 tubare,
926 879 1077 916 scilicet
1110 888 1276 928 propter
1300 880 1530 917 manifesta-

218 936 374 973 cionem
423 945 459 973 et
506 936 828 985 designacionem
877 938 981 983 belli,
1028 947 1194 986 propter
1238 938 1528 975 iocunditatem

219 996 269 1031 ad
302 995 447 1031 festum
481 995 799 1032 accelerantibus
844 1004 880 1031 et
925 1005 1119 1033 terrorem
1161 996 1446 1032 incuciendum
1480 998 1528 1033 ab

218 1052 304 1101 ipso
339 1053 591 1089 tardantibus
625 1062 661 1089 et
694 1053 820 1090 tercio
854 1063 1020 1102 propter
1067 1056 1392 1103 congregandum
1436 1068 1528 1091 con-

218 1110 349 1147 silium
384 1112 434 1147 ad
467 1113 687 1160 prudenter
724 1111 765 1148 in
802 1111 1013 1160 agibilibus
1057 1114 1324 1161 operandum.
1379 1115 1528 1150 Omnes

218 1178 352 1206 autem
398 1169 471 1206 iste
515 1178 594 1206 tres
640 1183 758 1206 cause
803 1170 957 1207 mistice
1004 1171 1203 1208 intellecte
1248 1172 1443 1208 suberunt
1488 1171 1526 1207 in

222 1227 331 1264 finali
365 1227 514 1264 iudicio
548 1227 801 1265 ordinacioni
835 1228 985 1269 divine;
1020 1229 1110 1266 ideo
1144 1229 1220 1265 ista
1251 1228 1343 1275 tria,
1376 1229 1526 1266 iussum

223 1285 305 1331 Dei,
339 1298 412 1322 vox
444 1286 689 1334 archangeli,
736 1296 772 1323 et
817 1288 914 1323 tuba
947 1287 1096 1324 Christi
1142 1287 1280 1324 dicunt
1324 1287 1526 1336 triplicem

219 1352 351 1380 actum
406 1343 554 1380 Christi
614 1353 651 1380 et
704 1344 933 1381 ordinatam
988 1345 1301 1393 pulcritudinem
1355 1345 1526 1394 triplicis

1609 868 1753 899 lrumpet.

219 1401 412 1447 racionis;
466 1414 559 1438 narn
612 1402 653 1438 in
706 1403 775 1439 illo
821 1403 883 1440 die
928 1403 1091 1440 habebit
1136 1403 1317 1440 Christus
1363 1404 1523 1440 finalem
1541 1410 1815 1438 Clu-istxx-illhold

220 1459 472 1508 triumphum
507 1461 554 1497 de
587 1460 667 1497 suis
702 1461 896 1507 hostibus,
944 1461 1103 1498 finalem
1149 1461 1399 1510 posicionem
1446 1461 1526 1498 suis
1559 1480 1578 1506 1¹

218 1517 482 1564 vescentibus,
517 1518 584 1555 ubi
618 1518 920 1556 continuabitur
952 1520 1200 1568 perpetuitas
1229 1519 1525 1568 solempnitatis

218 1585 310 1613 octo
344 1576 500 1613 dierum
533 1576 783 1614 venientibus
817 1579 867 1614 ad
899 1578 1067 1626 nupcias
1111 1579 1172 1615 vel
1211 1591 1352 1615 cenam
1396 1578 1527 1615 novis-

217 1634 375 1681 simam,
411 1643 448 1671 et
480 1635 605 1672 tercio
638 1648 720 1672 non
760 1637 890 1673 solum
927 1636 1099 1685 apostoli
1144 1638 1212 1673 sed
1258 1649 1398 1673 eorum
1445 1636 1526 1673 veri

216 1692 354 1729 vicarii
393 1706 483 1730 cum
518 1693 678 1730 Christo
724 1694 939 1731 duodecim
985 1694 1111 1731 tribus
1146 1695 1266 1732 Israel
1310 1694 1526 1732 iustissime

217 1750 465 1787 iudicabunt.
711 1744 715 1747 ³

1581 1454 1596 1471 a
1618 1446 1774 1480 perpetual

1582 1480 1684 1507 aschal
1706 1480 1791 1508 feast,

275 1809 359 1845 Erit
393 1818 525 1846 autem
562 1811 662 1846 ordo
695 1809 852 1846 subtilis
885 1823 1006 1859 supra
1039 1811 1223 1847 ordinem
1258 1811 1454 1859 temporis
1486 1811 1526 1847 in
1540 1816 1641 1844 There
1661 1817 1722 1844 will
1745 1818 1780 1844 be
1800 1825 1816 1844 a

1577 1860 1661 1879 more
1683 1851 1781 1879 subtle

218 1867 327 1904 finali
355 1867 517 1904 iudicio.
552 1869 667 1905 Unde
690 1868 893 1916 subiungit
915 1870 1152 1917 Apostolus:
1186 1870 1348 1915 Mortui,
1383 1869 1525 1918 inquit,
1547 1887 1639 1914 order
1659 1887 1731 1914 than
1753 1887 1816 1914 that

217 1926 282 1975 qui
324 1926 359 1962 in
411 1926 566 1963 Christo
610 1935 698 1962 sunt
742 1935 949 1977 resurgent
988 1928 1122 1977 primi,
1167 1927 1305 1963 deinde
1350 1940 1422 1964 nos
1465 1928 1529 1977 qui

218 1983 394 2031 vivimus,
439 1985 503 2033 qui
533 1985 800 2033 relinquimur,
833 1985 952 2021 simul
995 1986 1196 2035 rapiemur
1239 1998 1323 2021 cum
1370 1985 1446 2021 illis
1490 1986 1525 2021 in

161 2048 176 2079 '3
217 2042 375 2078 nubibus
408 2043 557 2078 obviam
589 2043 744 2079 Christo
768 2043 802 2078 in
826 2056 918 2079 aera
943 2051 977 2080 et
999 2044 1053 2080 sic
1074 2056 1228 2093 semper
1249 2056 1333 2079 cum
1358 2044 1526 2079 Domino

216 2101 371 2137 erimus.
407 2103 449 2136 In
472 2100 535 2137 die
567 2110 701 2138 autem
734 2100 954 2138 novissimo
985 2101 1058 2138 erit
1081 2101 1329 2150 perpetuitas
1353 2101 1525 2145 evitatis,

216 2171 306 2195 cum
340 2159 401 2195 sol
434 2167 470 2195 et
505 2168 612 2196 astra
656 2160 818 2196 stabunt
863 2159 903 2196 in
948 2159 1026 2196 situ
1075 2172 1194 2209 quem
1242 2160 1297 2196 eis
1330 2159 1526 2196 Dominus

216 2216 415 2263 limitavit,
439 2216 680 2266 relinquitur
708 2227 842 2254 tamen
875 2219 975 2254 ordo
1000 2218 1163 2267 quidem
1195 2227 1339 2254 nature
1373 2230 1416 2255 ex
1447 2218 1527 2266 pri-

215 2275 361 2312 oritate
393 2275 587 2323 temporis
621 2284 658 2311 et
691 2288 734 2312 ex
779 2276 1080 2324 posterioritate
1125 2276 1395 2323 succedentis;
1436 2276 1526 2313 ideo

216 2333 311 2370 dicit
344 2334 562 2382 Apostolus
595 2335 703 2382 quod
738 2334 886 2371 mortui
919 2334 1177 2371 beatificandi
1221 2343 1264 2371 ut
1297 2335 1526 2383 patriarche

215 2401 252 2428 et
303 2392 424 2428 ceteri
475 2391 680 2429 iudicandi
728 2402 936 2441 resurgent
981 2402 1189 2441 tamquam
1243 2392 1413 2430 materia
1464 2393 1526 2429 vel

215 2449 418 2486 obiectum
453 2449 492 2486 in
516 2452 692 2499 quadam
716 2450 927 2498 prioritate
951 2451 1103 2487 ordinis
1133 2451 1348 2496 naturalis;
1383 2450 1526 2487 deinde

215 2508 389 2556 apostoli
423 2517 460 2545 et
493 2508 567 2544 viri
601 2509 815 2556 apostolici
861 2509 929 2558 qui
974 2518 1158 2558 tempore
1203 2522 1274 2546 suo
1319 2509 1457 2546 vivunt
1490 2518 1526 2546 et

283 2662 308 2681 2.
331 2654 376 2682 Cf.
399 2654 437 2681 Is.
455 2653 505 2683 IX,
519 2654 546 2687 ὁ,
567 2653 736 2689 XXXVII0,
753 2653 788 2682 36
809 2660 837 2682 et
856 2655 961 2687 LXIII,
978 2663 1006 2687 o.
1068 2654 1093 2682 3.
1114 2655 1154 2683 F:
1177 2655 1230 2683 illa
1250 2663 1330 2683 voce.
1387 2655 1412 2683 5.
1433 2656 1478 2682 A:
1500 2659 1528 2682 et

214 2688 307 2716 deest.
433 2697 466 2716 11.
487 2690 532 2716 A:
558 2689 775 2720 signacionem.
897 2689 932 2716 15,
954 2686 994 2717 F':
1021 2690 1074 2717 ille
1093 2694 1163 2717 tres.
1286 2690 1326 2718 16.
1350 2690 1388 2717 F:
1417 2692 1524 2716 iussus.

214 2723 253 2750 18.
274 2724 320 2750 A:
349 2724 480 2758 triplicis·
500 2724 593 2750 deest.
709 2731 750 2751 22.
772 2724 812 2751 F:
839 2732 911 2751 occe
931 2724 1059 2751 dierum.
1168 2732 1215 2756 24-
1236 2724 1276 2752 F:
1304 2725 1335 2752 in
1356 2724 1524 2752 duodecim.

213 2757 256 2785 32.
278 2758 316 2785 F:
345 2759 496 2794 quomodo
517 2767 571 2785 ets.
644 2756 685 2785 35.
706 2759 747 2786 F.-
774 2759 845 2794 quia
866 2759 987 2786 mortui.
1062 2757 1106 2787 36.
1127 2760 1259 2787 materia
1279 2760 1343 2792 uel;
1368 2760 1407 2787 F:
1434 2763 1525 2786 male-

213 2793 303 2820 rialis
329 2794 395 2827 (but
422 2793 572 2828 probably
599 2801 614 2820 a
641 2793 769 2820 mistake
789 2794 838 2821 for
858 2795 985 2822 materia
1006 2794 1074 2828 vel).

285 2877 430 2922 27—31.
455 2877 478 2910 Ι.
498 2876 622 2910 Thess.
648 2877 704 2918 IV,
730 2876 778 2918 15,
805 2876 854 2910 16,

1610 1921 1645 1949 of
1660 1921 1742 1949 time.
