2062 3276
181 878 217 897 lo

179 1156 214 1188 15

173 1456 214 1477 20

168 2029 209 2060 30

235 235 370 264 suano
392 226 446 283 ιι]
715 238 907 277 QUARTA
936 239 1060 270 PARS.

236 343 526 392 participarent
559 352 596 380 et
629 343 807 392 premi03
841 345 1062 381 secundum
1088 345 1331 394 principium
1357 350 1545 396 estquod

1783 245 1826 270 21

1578 356 1633 384 llis
1655 357 1771 384 reward
1794 357 1822 384 in

1583 396 1737 430 urgators
1750 396 1831 419 hulst

235 401 370 439 anima
403 401 580 438 defuncti
612 414 695 438 non
734 401 994 451 participabit
1033 403 1189 452 premio
1229 403 1269 440 in
1308 405 1544 452 purgatorio
1561 399 1596 453 Ee
1616 427 1782 461 according
1804 431 1833 453 [Ο

235 460 309 496 nisi
342 467 385 496 ut
419 459 563 496 meruit
596 459 659 496 hic
693 459 733 496 in
763 459 847 506 via3
881 469 991 508 patet
1025 473 1067 497 ex
1101 462 1176 498 hoc
1212 464 1322 510 quod
1355 462 1542 499 meritum
1560 460 1607 488 his
1622 461 1711 489 merit
1727 461 1756 489 1¹¹
1773 461 1833 488 'ise-

237 516 482 554 mensurabit
515 530 630 554 suum
673 517 947 566 participium,
989 520 1058 555 sed
1097 531 1178 555 non
1219 520 1364 556 meruit
1396 520 1471 557 nisi
1505 521 1544 558 in

234 575 308 621 via,
343 584 386 612 ut
418 583 529 624 patet
563 587 604 612 ex
639 575 839 624 principio
872 575 1070 624 proximo,
1105 589 1199 625 ergo
1233 577 1453 615 conclusio.
1496 580 1544 615 Et

234 646 277 670 ex
310 632 385 670 isto
419 632 675 670 concluditur
709 633 924 670 correlarie
958 636 1067 683 quod
1100 634 1302 671 infinitum
1328 636 1416 684 plus
1439 636 1544 673 valet

234 691 386 728 homini
420 692 692 740 quodcunque
726 691 915 728 meritum
946 691 1111 729 viatoris
1135 693 1398 741 predestinati
1422 706 1542 743 quam

233 750 410 786 valerent
443 758 643 798 quotquot
677 751 782 786 bona
815 750 1058 798 temporalia
1090 751 1151 787 vel
1184 752 1290 788 bona
1330 751 1464 788 meriti
1504 752 1543 788 in

233 820 405 856 persona
439 807 517 844 alia
550 819 626 856 que
661 807 801 844 fierent
834 821 907 856 pro
941 808 1143 846 defuncto.
1179 810 1378 846 Probatur
1401 822 1444 846 ex
1469 811 1543 846 hoc

232 866 341 914 quod
375 866 496 902 homo
530 874 733 913 superstes
766 878 840 914 pro
874 879 1115 915 quocunque
1146 866 1291 904 merito
1314 866 1374 904 vie
1399 867 1543 904 mereri

232 932 366 972 posset
399 923 689 960 beatitudinem
724 925 793 960 sed
832 924 968 961 onmia
1015 924 1159 962 merita
1203 937 1281 973 que
1325 925 1425 961 fiunt
1469 938 1542 974 pro

234 980 402 1018 mortuis
434 994 515 1018 non
555 982 688 1018 valent
727 981 804 1018 illis
844 983 894 1018 ad
933 982 1152 1019 maximum
1192 982 1268 1019 nisi
1308 984 1358 1020 ad
1399 983 1542 1020 libera-

232 1039 388 1076 cionem
423 1052 444 1076 a
478 1039 733 1088 purgatori03
769 1053 861 1088 ergo
896 1040 1116 1078 conclusio.

287 1097 474 1134 Terciun]
511 1106 644 1134 autem
679 1097 922 1146 principium
956 1107 1013 1135 est
1047 1098 1143 1135 fides
1176 1098 1430 1147 infringibilis
1464 1112 1542 1148 qua

231 1155 407 1192 creditur
439 1157 547 1204 quod
580 1164 664 1192 tota
697 1155 935 1193 distribucio
976 1155 1108 1193 meriti
1150 1156 1316 1193 ecclesie
1361 1165 1419 1193 est
1464 1157 1541 1193 sin-

231 1213 422 1262 gulariter
456 1223 547 1262 post
580 1222 754 1251 mortem
790 1213 964 1251 hominis
1004 1214 1045 1250 in
1087 1227 1208 1251 manu
1242 1214 1327 1260 Dei,
1374 1223 1411 1251 et
1450 1228 1539 1251 cum

233 1274 336 1308 Deus
375 1284 456 1308 non
496 1281 631 1320 posset
675 1271 751 1309 nisi
795 1271 897 1309 iuste
942 1272 1084 1320 partiri
1131 1272 1275 1310 merita
1319 1274 1539 1310 secundum

230 1342 400 1378 persone
434 1330 671 1378 dignitatem
713 1330 776 1366 cui
817 1329 1034 1376 distribuit,
1080 1339 1190 1379 patet
1230 1332 1338 1380 quod
1378 1340 1539 1380 oportet

230 1400 445 1436 personam
480 1387 761 1436 premiandam
795 1388 834 1425 in
868 1388 1103 1437 purgatorio
1136 1389 1196 1425 vel
1219 1388 1259 1425 in
1283 1389 1370 1426 celo
1396 1389 1538 1426 mereri

229 1446 269 1482 in
301 1445 376 1492 via,
410 1454 452 1482 ut
484 1445 618 1483 taliter
650 1446 884 1494 premietur.
920 1447 1175 1483 Credendum
1210 1455 1268 1483 est
1301 1446 1406 1484 enim
1431 1449 1539 1496 quod

228 1513 357 1540 totum
394 1504 581 1540 meritum
615 1503 780 1540 viatoris
821 1503 997 1541 defuncti
1038 1504 1145 1541 cadit
1184 1505 1300 1553 plene
1338 1504 1377 1541 in
1419 1518 1539 1542 manu

230 1561 404 1609 Domini,
439 1575 529 1599 cum
563 1562 648 1611 ipse
681 1561 731 1598 sit
764 1562 947 1611 capitalis
981 1562 1168 1600 dominus
1201 1562 1241 1599 in
1281 1563 1392 1600 cuius
1427 1572 1539 1612 pote-

227 1629 329 1657 state
362 1629 523 1669 oportet
555 1632 639 1657 esse
673 1620 811 1657 omnia
845 1620 1024 1657 dominia
1059 1629 1312 1658 mortuorum
1354 1630 1390 1658 et
1423 1621 1538 1670 quid-

227 1678 323 1727 quid
358 1678 452 1715 boni
486 1679 724 1715 habuerunt.
759 1679 852 1715 Ideo
885 1678 959 1715 sibi
982 1679 1237 1727 singulariter
1260 1678 1403 1716 attinet
1426 1688 1538 1716 actus

227 1736 467 1773 distribuere
490 1738 710 1774 secundum
734 1737 890 1785 regulas
907 1736 1062 1774 iusticie
1082 1737 1225 1774 merita
1241 1738 1536 1775 defunctorum.

284 1796 361 1831 Sed
396 1794 606 1832 musitaret
640 1797 867 1832 mundanus
901 1797 1109 1844 quomodo
1150 1808 1224 1844 pro
1263 1795 1344 1832 suis
1383 1805 1538 1844 tempo-

226 1852 375 1889 ralibus
406 1852 491 1889 istis
523 1853 742 1902 suppositis
776 1853 983 1890 ordinaret
1017 1862 1053 1890 et
1086 1855 1306 1891 secundum
1332 1867 1452 1902 quam
1479 1854 1537 1890 in·

224 1911 452 1948 tencionem
476 1924 549 1959 pro
572 1910 844 1960 acquisicione
863 1911 1122 1948 beatitudinis
1138 1913 1354 1949 laboraret.
1371 1911 1538 1948 Videtur

225 1978 358 2006 autem
394 1969 516 2006 michi
563 1971 671 2018 quod
717 1969 1017 2006 securissimum
1064 1970 1166 2006 foret
1211 1969 1417 2007 hominem
1464 1983 1537 2018 pro

224 2036 407 2076 tempore
441 2040 520 2076 quo
552 2027 632 2064 viat
665 2027 766 2064 iuste
798 2027 929 2064 vivere
963 2036 999 2064 et
1032 2041 1113 2065 non
1146 2027 1186 2064 in
1219 2027 1410 2076 suffragio
1452 2041 1537 2065 exe-

224 2094 409 2122 cutorum
442 2086 503 2122 vel
536 2085 709 2122 aliorum
743 2094 952 2123 oratorum
999 2099 1073 2134 pro
1117 2086 1198 2123 suis
1242 2086 1536 2135 temporalibus

223 2143 341 2180 nimis
375 2144 589 2180 confidere.

281 2203 466 2238 Secundo
499 2201 655 2239 videtur
689 2201 785 2238 mihi
825 2203 932 2251 quod
974 2204 1178 2251 pensanda
1219 2211 1276 2239 est
1315 2204 1534 2239 secundum

224 2261 402 2308 regulam
438 2259 586 2297 Christi
620 2259 750 2297 maior
783 2260 937 2297 utilitas
970 2260 1099 2297 tocius
1134 2260 1345 2298 militantis
1368 2261 1536 2298 ecclesie

293 2414 312 2433 1.
334 2406 358 2433 E
378 2406 407 2433 in
430 2414 544 2441 marg.:
572 2413 600 2433 2.
715 2404 739 2440 3,
762 2414 791 2439 4.
812 2406 852 2433 F:
879 2406 1036 2433 meruerit.
1150 2415 1180 2440 4.
1201 2406 1243 2433 D:
1271 2414 1357 2433 suum
1374 2407 1535 2442 premium.

223 2440 248 2468 5.
269 2441 313 2468 A:
344 2441 501 2477 principio
518 2448 577 2476 pro
599 2439 730 2468 Christo.
873 2449 900 2476 7,
921 2441 949 2468 ὃ.
971 2441 1040 2469 DE:
1067 2449 1154 2476 quam
1175 2441 1321 2476 quotlibet
1338 2442 1534 2476 temporalia.

224 2484 257 2503 ιι.
279 2475 347 2503 DE:
373 2476 538 2503 secundum
559 2476 679 2507 omnm,-
707 2476 731 2503 E
751 2475 899 2503 correxit:
927 2475 990 2503 sed.
1084 2483 1121 2503 12.
1144 2476 1186 2503 D:
1216 2477 1305 2503 valet.
1399 2485 1439 2510 14.
1461 2476 1485 2503 E
1505 2476 1535 2503 in

224 2519 289 2538 mar
314 2520 336 2538 .:
365 2519 397 2546 3.
495 2511 536 2538 16.
559 2511 602 2537 A:
631 2510 725 2538 estin
745 2518 847 2538 manu.
945 2519 984 2546 17-
1007 2510 1074 2538 DE:
1100 2514 1210 2546 potest.
1309 2510 1349 2538 18.
1370 2510 1408 2538 E:
1439 2511 1534 2538 cuius.

222 2554 268 2572 20.
290 2519 314 2573 ᾗ
333 2544 363 2572 in
386 2553 497 2580 marg:
519 2543 609 2573 Nota.
683 2553 723 2580 21,
744 2553 787 2573 22.
809 2545 878 2573 DE:
898 2553 990 2572 manu
1008 2545 1075 2573 Dei.
1150 2552 1195 2578 24.
1216 2545 1343 2577 attinet;
1365 2545 1408 2573 D:
1429 2549 1534 2577 actus,-

222 2581 266 2607 A:
294 2580 410 2611 actium
432 2580 472 2608 E:
500 2580 615 2607 cunctis
634 2580 752 2607 attinet.
853 2580 899 2608 26.
923 2581 946 2607 E
966 2580 995 2607 in
1018 2589 1132 2620 marg:
1158 2579 1332 2607 Dubitacio.
1423 2580 1468 2608 28.
1491 2581 1533 2607 l):

223 2614 420 2642 beatitudinis
440 2615 540 2648 deest:
568 2614 606 2642 E:
632 2622 692 2650 pro
713 2615 923 2651 acquisicione
942 2614 1141 2651 beatitudinis
1162 2615 1256 2642 deest.
1394 2613 1439 2642 30.
1460 2614 1485 2642 E
1504 2614 1533 2642 in

223 2657 337 2685 marg.:
368 2649 548 2684 Responsio.
691 2648 730 2677 31.
761 2654 939 2682 oratoriam·
974 2649 1015 2677 I):
1049 2651 1219 2682 viatorium
1251 2649 1276 2676 E
1305 2649 1335 2676 in
1366 2657 1480 2685 marg:
1509 2657 1533 2676 1.

222 2683 265 2712 33.
287 2686 309 2712 h·
330 2684 358 2711 in
382 2692 496 2719 marg:
522 2691 550 2711 2.

293 2768 345 2799 28.
384 2768 419 2798 In
458 2766 622 2798 chronico
655 2767 897 2798 Taboritarum
931 2768 1077 2808 (Fontes
1110 2777 1173 2799 rer.
1201 2767 1369 2799 Austriac.
1405 2777 1433 2807 2,
1462 2768 1533 2808 Vl),

222 2824 299 2855 pag.
325 2812 410 2856 617:
443 2814 703 2845 securissimum
730 2820 790 2853 est,
818 2820 855 2845 ut
880 2814 1026 2855 quilibet
1053 2814 1086 2844 in
1112 2814 1261 2855 presenti
1289 2814 1336 2845 sic
1361 2814 1463 2852 vivat,
1492 2823 1533 2844 ne

222 2867 299 2902 post
323 2859 412 2891 hanc
438 2861 545 2891 vitam
571 2860 686 2901 aliqua
713 2860 923 2901 purgat-ione
950 2861 1111 2901 indigeat.

1582 691 1614 719 ln
1636 691 1686 719 life
1707 701 1721 719 a
1745 701 1813 719 man

1621 734 1690 762 may
1711 726 1770 754 win

1585 761 1716 794 heaven;
1739 762 1814 789 after

1586 795 1674 823 death
1698 796 1733 823 lic
1753 804 1808 823 can

1590 830 1642 857 but
1664 831 1698 857 bc
1719 831 1800 858 freed

1560 864 1638 893 l‘roni
1653 869 1830 901 purgatory.

1578 1097 1647 1125 The
1669 1098 1757 1124 merit
1778 1098 1808 1125 ol

1575 1132 1624 1159 the
1643 1132 1766 1160 Church
1790 1132 1814 1159 is

1559 1167 1671 1204 wholly
1688 1167 1716 1194 in
1734 1167 1830 1195 God's

1662 1201 1727 1237 gift.

1574 1340 1619 1369 He
1639 1340 1818 1369 distributos

1584 1376 1751 1414 according
1771 1380 1801 1404 to

1644 1415 1743 1438 merit.

1579 1806 1606 1832 A
1628 1813 1698 1833 man
1720 1811 1803 1834 must

1559 1840 1652 1868 strive
1674 1841 1720 1868 sor
1742 1841 1826 1876 bliss,

1594 1895 1613 1914 ι.
1637 1888 1673 1923 by
1694 1888 1788 1924 living

1629 1922 1752 1959 rightly,

1560 2220 1585 2239 2.
1609 2212 1646 2248 by
1667 2213 1767 2249 lrying
1788 2218 1818 2241 to

1600 2247 1709 2275 benetit
1729 2248 1778 2275 the

1562 2282 1660 2310 whole
1680 2282 1815 2311 Church.
