2062 3276
225 236 361 266 SERMO
382 225 464 282 ιν]
713 235 905 276 QUARTA
932 235 1059 267 PARS.

228 359 338 395 reges
371 344 606 382 occiderunt
640 344 871 392 prophetas,
895 350 937 378 ut
960 349 1069 389 patet
1093 339 1261 376 Matthei
1285 340 1441 384 XX1110‚
1469 338 1539 386 37:

225 404 456 448 Jerusalem,
478 402 693 438 Jerusalem
723 413 792 450 que
823 399 965 437 occidis
989 399 1205 448 prophetas
1236 405 1271 434 et
1294 397 1447 446 lapidas
1481 408 1543 432 eos

227 463 292 513 qui
321 463 373 498 ad
404 469 439 498 te
471 460 579 497 missi
606 467 714 503 sunm
750 467 787 495 et
819 457 875 494 sic
908 465 1118 494 creverunt
1150 455 1190 492 in
1224 454 1395 492 malicia.
1441 455 1542 490 Nam

228 520 299 558 filii
340 520 460 556 Israel
498 518 642 567 quibus
675 516 785 553 dedit
822 516 949 563 legem
984 516 1216 562 Mosaycam
1256 522 1293 550 et
1326 513 1544 561 prophetas

194 582 409 627 §tempore
458 589 594 625 regum
640 584 677 612 et
727 574 999 619 sacerdotum,
1049 572 1212 620 quando
1260 571 1546 618 regulabantur

227 637 412 686 pessime,
453 642 670 672 renuerunt
702 631 836 669 venire
868 633 917 668 ad
952 631 1071 667 fidem
1104 628 1414 675 incarnacionis,
1455 628 1545 664 ideo

230 695 338 731 misit
382 692 598 730 exercitum
640 693 916 728 Romanorum
962 688 1075 726 cuius
1114 689 1235 724 duces
1279 695 1393 723 erant
1430 686 1546 723 Titus

229 763 266 790 et
302 751 573 800 Vespasianus
617 758 655 786 et
699 747 847 786 occidit
893 746 1118 784 homicidas
1163 744 1311 782 Christi
1350 743 1418 793 qui
1464 753 1547 780 erat

229 810 363 859 magni
409 808 563 846 consilii
608 808 772 855 angelus
819 806 962 842 missus
1006 806 1058 841 ad
1103 816 1193 841 oves
1238 815 1308 853 que
1345 802 1548 853 perierant

176 882 214 903 10
229 870 366 906 domus
388 867 524 904 Israel.
559 868 661 902 Nam
682 866 806 902 XLIIO
831 877 938 901 anno
962 872 1053 912 post
1081 861 1359 900 ascensionem
1384 859 1548 897 Domini

230 926 425 965 exercitus
471 927 747 962 Romanorum
799 921 961 959 inclusit
1004 922 1153 958 Judeos
1207 920 1269 957 die
1314 919 1464 956 Pasche
1510 917 1549 954 in

229 985 447 1022 Jerusalem
482 992 520 1020 et
552 982 701 1019 occidit
740 981 871 1018 decies
910 988 1070 1017 centum
1110 977 1234 1015 millia
1276 987 1313 1014 et
1344 975 1550 1013 succendit

229 1043 448 1081 Jerusalem
488 1041 579 1089 igne
617 1044 674 1082 <ut
713 1048 851 1076 narrat
887 1039 1084 1086 Josephus
1117 1039 1174 1073 De
1206 1036 1315 1072 Bello
1347 1034 1550 1080 Judaico);

232 1112 268 1139 et
307 1111 401 1138 tunc
441 1099 550 1136 misit
581 1098 800 1146 Apostolus
839 1108 1053 1134 conversos
1098 1096 1148 1132 ad
1191 1102 1328 1143 gentes
1373 1101 1551 1129 errantes

178 1161 215 1193 15
233 1169 341 1197 extra
372 1159 477 1195 viam
511 1156 674 1194 Domini
710 1157 769 1203 (ut
801 1163 912 1204 patet
941 1156 1029 1190 Act.
1052 1154 1177 1201 X1110)
1214 1161 1251 1189 et
1283 1151 1552 1200 impleverunt

233 1217 444 1255 ecclesiam
487 1215 727 1252 militantem
768 1215 816 1250 de
855 1211 1138 1262 predestinatis
1172 1219 1209 1248 et
1242 1209 1440 1259 prescitis.
1474 1210 1552 1246 Sed

231 1289 277 1313 ve
316 1275 390 1312 soli
429 1274 497 1338 qui
535 1286 617 1310 non
656 1274 776 1310 habet
815 1271 1026 1308 caritatem
1068 1269 1197 1306 finalis
1237 1267 1550 1317 perseverancie,

233 1334 327 1384 quia
360 1332 490 1370 omnis
523 1331 614 1369 talis
648 1332 894 1379 dampnatur
926 1329 967 1366 in
1000 1328 1142 1365 mortis
1175 1326 1359 1364 articulo.

292 1393 369 1429 Sed
401 1400 584 1438 tempore
616 1389 712 1437 legis
745 1388 878 1437 gracie
910 1387 1002 1424 fecit
1034 1386 1140 1423 idem
1173 1398 1239 1422 rex
1270 1384 1439 1433 nupcias
1472 1383 1553 1419 filio

178 1461 219 1482 20
234 1463 305 1487 suo
330 1459 367 1487 et
391 1448 570 1494 ecclesie,
604 1449 768 1497 quando
791 1454 1006 1495 soporatus
1028 1444 1069 1481 in
1093 1456 1210 1481 cruce
1242 1443 1374 1480 emisit
1405 1454 1553 1490 aquam

197 1518 272 1576 let
309 1507 562 1556 sanguinem,
602 1519 645 1543 ex
684 1505 829 1554 quibus
867 1502 1056 1541 formavit
1094 1501 1318 1547 ecclesiam,
1364 1500 1466 1537 sicut
1511 1512 1555 1536 ex

138 1545 361 1619 ξηῖἑΑάᾱῑη
407 1579 450 1602 so
479 1561 483 1618 Ι
513 1573 658 1613 porato
703 1572 821 1612 capta
866 1571 923 1599 est
967 1560 1144 1610 grossior
1189 1558 1358 1597 materia
1397 1571 1440 1595 ex
1477 1570 1556 1622 qua

137 1604 199 1633 “s
235 1628 340 1661 Deus
373 1623 561 1660 formavit
594 1625 718 1659 Evam
759 1621 818 1672 (ut
850 1628 961 1670 patet
994 1621 1092 1656 Gen.
1127 1619 1195 1667 10).
1249 1621 1347 1654 Istas
1386 1615 1556 1665 nupcias

237 1682 420 1719 meminit
437 1682 652 1727 Johannes,
675 1681 783 1717 XIX0
804 1678 994 1728 capitulo,
1018 1678 1082 1725 34,
1105 1678 1175 1714 35:
1207 1676 1376 1712 Tandem
1393 1674 1556 1725 (inquit)

181 1741 332 1778 :finnus
364 1740 528 1777 militum
562 1740 694 1776 lancea
729 1738 831 1774 latus
863 1738 943 1773 eius
981 1736 1133 1786 apernit
1165 1742 1200 1771 et
1231 1734 1407 1771 continue
1438 1732 1559 1770 exivit

235 1799 398 1849 sanguis
436 1806 471 1834 et
507 1810 620 1846 aqna,
665 1804 699 1832 et
736 1796 801 1846 qui
844 1795 937 1832 vidit
974 1794 1230 1831 testimonium
1270 1792 1481 1842 perhibuit,
1525 1798 1560 1827 et

237 1858 378 1894 scimus
432 1856 518 1906 quia
579 1868 712 1892 verum
773 1861 828 1891 est
881 1852 1138 1889 testimonium
1202 1851 1291 1887 eius.
1360 1852 1408 1886 Et
1465 1849 1559 1885 istas

238 1914 405 1964 nupcias
438 1913 621 1950 meminit
653 1912 870 1961 Apostolus
904 1912 954 1948 ad
987 1911 1088 1958 Eph.
1113 1910 1181 1955 VO,
1210 1909 1280 1945 32:
1314 1908 1401 1944 Hoc
1432 1914 1559 1943 antem

239 1986 424 2024 magnum
457 1979 742 2009 sacramentnm
776 1978 844 2009 est.
877 1981 950 2020 eoo
985 1976 1110 2005 antem
1146 1939 1229 2004 dico
1262 1980 1298 2002 ln
1337 1965 1493 2002 Christo
1526 1972 1561 2000 et

182 2033 275 2068 '3¹0sz
309 2031 480 2068 ecclesia.

298 2091 358 2126 Ad
404 2089 648 2125 credendum
698 2096 830 2124 autem
882 2085 977 2122 istas
1026 2083 1197 2132 nupcias
1250 2092 1341 2131 post
1389 2090 1559 2118 mortem

242 2147 349 2184 misit
374 2149 479 2183 Deus
512 2158 646 2182 servos
680 2158 772 2181 suos
806 2144 943 2181 fideles
967 2144 1015 2180 de
1036 2141 1171 2178 Judeis
1198 2151 1240 2178 ut
1265 2140 1560 2178 Nichodemum

242 2216 278 2242 et
319 2214 485 2251 ceteros,
531 2204 599 2253 qui
638 2202 787 2240 hortati
831 2211 922 2239 sunt
960 2210 1042 2238 tam
1082 2209 1218 2248 gentes
1258 2212 1377 2249 quam
1417 2199 1563 2234 Judeos

243 2264 351 2312 pasci
393 2264 469 2300 fide
506 2261 667 2299 Christi.
723 2262 909 2298 Secundo
951 2259 1058 2296 misit
1092 2258 1311 2306 apostolos,
1354 2265 1563 2304 martyres,

185 2323 224 2356 35
243 2322 490 2358 confessores
536 2330 571 2357 et
618 2322 804 2356 doctores
849 2320 898 2355 ad
939 2318 1254 2355 convertendum
1295 2315 1475 2352 infideles
1514 2315 1562 2350 ad

244 2379 599 2417 christianismum.
634 2380 712 2415 Sed
746 2377 799 2413 hii
831 2376 964 2413 clerici
998 2374 1175 2412 subversi
1208 2384 1300 2411 sunt
1323 2386 1367 2411 ex
1390 2371 1564 2410 avaricia

334 2537 435 2565 .DG:
463 2545 524 2572 qut.
640 2536 664 2563 5.
693 2535 941 2571 regulabunlur;
971 2534 1014 2561 A:
1040 2533 1184 2560 nbantur.
1303 2532 1331 2559 6.
1354 2532 1397 2558 D.
1421 2530 1566 2566 pessthno

246 2571 594 2613 -.D:qmbusd11ces.
643 2571 694 2597 .8
717 2572 760 2598 A.
789 2569 1015 2605 thspvsianus;
1040 2568 1116 2595 DG.
1143 2567 1363 2603 lespesianus;
1388 2566 1428 2593 ib.
1449 2566 1494 2593 A:
1516 2572 1567 2599 qut

246 2593 601 2639 txxice.12,13.1):e't
620 2622 652 2625 -—
671 2605 843 2633 Jerusalem
864 2604 959 2631 deest.
1018 2602 1056 2631 13.
1117 2602 1182 2630 :de
1202 2602 1296 2629 deest
1352 2608 1399 2633 24
1422 2600 1495 2627 DG:
1515 2599 1567 2627 Jo-

246 2643 361 2669 ltannes
390 2641 435 2674 II,·
464 2642 509 2668 A.
542 2643 602 2667 XX.
717 2640 758 2667 23.
790 2641 834 2667 A:
865 2642 895 2666 et
923 2639 1041 2666 lancea.
1156 2645 1201 2672 27.
1231 2637 1275 2664 A:
1306 2634 1566 2670 testtficacionenz

246 2675 290 2703 30.
313 2678 358 2704 A:
386 2685 416 2703 tn
437 2678 531 2703 deest.
605 2674 637 2703 32
624 2696 647 2703 ...
669 2675 714 2702 A:
743 2683 816 2702 suos
835 2674 930 2702 deest.
1004 2672 1050 2700 36.
1072 2673 1116 2700 A:
1145 2671 1444 2699 clzrzstianissimum.

315 2781 347 2814 9.
373 2770 493 2803 Matth.
518 2771 558 2810 X,
585 2769 619 2802 6.
741 2772 790 2804 13.
815 2770 955 2802 Rectius
981 2769 1164 2800 undecies:
1200 2767 1310 2799 Flavii
1335 2765 1489 2808 Josephi,
1515 2765 1569 2797 De

247 2818 345 2849 Bello
376 2818 454 2849 Jud.
480 2817 539 2848 lib.
558 2818 629 2855 VH,
663 2827 737 2858 cap.
771 2817 830 2848 IX:
867 2816 992 2847 Totius
1025 2822 1141 2846 autem
1174 2814 1372 2846 obsidionis
1404 2812 1569 2843 undecies

248 2871 391 2896 centena
417 2863 602 2895 hominum
628 2863 735 2894 millia
761 2864 948 2905 perierunt.

1745 230 1825 268 427

1645 1387 1758 1416 Christ'
1763 1397 1776 1415 s

1587 1424 1738 1459 marriage
1760 1432 1786 1449 xx
1791 1422 1833 1450 1th

1581 1460 1631 1487 the
1650 1458 1775 1487 Church
1797 1465 1836 1484 on

1621 1495 1672 1521 the
1692 1502 1790 1521 cross.
