2062 3276
204 1221 480 1255 Thepunishment

220 1257 402 1294 aggraxated
426 1257 462 1291 b)-

212 1296 470 1318 Circumstances:

217 1639 237 1657 1.
258 1630 325 1658 The
345 1629 464 1664 dignity

213 1666 248 1692 of
264 1666 312 1692 the
334 1665 470 1692 sufferes.

223 1755 247 1773 2.
268 1746 335 1774 The
354 1750 462 1773 nature

228 1782 262 1808 of
279 1781 329 1808 the
351 1781 451 1808 death.

205 2152 229 2180 3.
245 2152 311 2179 The
333 2152 480 2188 publicity

232 2187 267 2214 of
284 2188 334 2214 the
356 2188 450 2222 place.

283 2335 312 2359 4.
332 2326 400 2354 The

215 2362 417 2389 continuance
438 2362 471 2388 of

264 2396 420 2431 suffering.

271 2432 414 2464 tChrist’s

208 2467 337 2493 xvounds
357 2466 427 2501 5475
448 2467 476 2493 in

265 2502 416 2535 numbers)

768 297 991 329 JOHANNIS
1008 298 1194 329 WYCLIF
1214 298 1469 330 sERMONUM
1496 284 1647 343 [SERMO
1668 296 1804 324 XXXIX-

495 401 626 448 ficere,
662 415 755 450 ergo
789 411 862 438 etc.
896 402 1025 439 Maior
1059 412 1167 451 patet
1201 416 1247 439 eo
1279 406 1387 452 quod
1420 407 1525 441 Deus
1557 418 1637 441 non
1675 414 1806 453 potest

494 458 697 496 dimittere
734 470 943 508 peccatum
984 461 1146 509 aliquod
1187 463 1236 497 ad
1270 463 1449 509 regulam
1482 462 1725 510 inpunitum,
1768 472 1805 499 et

494 517 626 554 minor
658 528 767 566 patet
808 531 853 555 eo
886 520 994 567 quod
1033 519 1290 568 presumpcio
1323 521 1496 568 superba
1529 520 1702 557 hominis
1734 534 1804 557 no-

492 576 609 612 lentis
661 576 787 613 subici
839 577 912 612 fuit
963 578 1012 613 ad
1053 577 1124 614 Dei
1169 578 1443 626 equalitatem,
1489 591 1581 626 ergo
1625 578 1805 627 oportuit

494 634 772 671 obedienciam
814 647 898 671 esse
937 644 1092 671 tantam
1133 635 1285 672 scilicet
1324 649 1346 672 a
1380 639 1462 672 Deo
1495 638 1544 673 ad
1579 637 1837 678 hominem;5

495 702 530 728 et
568 693 672 729 istud
719 703 1000 741 argumentum
1048 694 1172 741 tangit
1205 695 1420 742 Apostolus
1458 694 1557 731 Phil.
1592 697 1659 741 110,
1695 696 1731 740 6,
1767 696 1804 741 8,

495 751 629 787 dicens
663 753 768 799 quod
799 752 989 795 Christus,
1022 764 1106 788 cum
1139 753 1338 801 informa
1362 753 1438 789 Dei
1458 760 1567 797 esset,
1591 753 1805 789 humiliavit

492 810 737 858 semetipsum
760 811 898 858 factus
930 811 1106 846 obediens
1139 823 1255 859 usque
1286 812 1337 846 ad
1368 819 1543 847 mortem.

551 870 662 908 Item,
680 868 1042 916 proporcionaliter
1064 878 1106 904 ut
1129 881 1301 916 persona
1325 878 1464 905 contra
1479 882 1599 917 quam
1617 878 1805 917 peccatur

493 935 550 961 est
573 926 743 973 gravior,
769 936 824 962 est
848 927 965 974 culpa
990 926 1129 962 maior.
1164 927 1626 963 Incommensurabiliter
1649 928 1806 975 gravior
1826 941 1864 962 ιο

493 994 549 1019 est
588 985 763 1031 quelibet
802 997 973 1032 persona
1013 984 1146 1020 divina
1186 997 1306 1032 quam
1348 997 1520 1032 persona
1560 986 1735 1021 humana
1769 995 1805 1021 et

492 1055 572 1077 non
595 1044 715 1084 Deus„
751 1055 843 1089 ergo
869 1043 1329 1079 incommensurabiliter
1362 1052 1418 1079 est
1443 1043 1560 1091 culpa
1592 1043 1734 1087 maior,
1770 1053 1805 1079 et

494 1113 564 1148 per
597 1113 846 1148 consequens
886 1110 1045 1149 oportet
1078 1102 1185 1149 quod
1225 1101 1451 1137 satisfaccio
1491 1101 1539 1137 sit
1572 1101 1805 1150 proporcio—

493 1158 637 1194 naliter
677 1159 825 1204 rnaior;
864 1161 970 1207 quod
1010 1172 1090 1195 non
1124 1159 1371 1207 contingeret
1403 1159 1478 1195 nisi
1512 1172 1683 1207 persona
1716 1172 1805 1207 pro-

494 1216 778 1264 porcionaliter
822 1217 950 1264 gravis
995 1219 1192 1253 emendet.
1247 1219 1338 1253 Ideo
1382 1217 1589 1265 supposito
1640 1220 1861 1265 peccatoi5

494 1275 722 1311 remissibili
763 1275 936 1311 hominis
975 1288 1134 1312 necesse
1168 1284 1227 1311 est
1260 1277 1385 1311 Deum
1422 1288 1494 1323 pro
1527 1275 1806 1311 satisfaccione

494 1332 669 1369 hominis
703 1333 905 1369 incarnari
939 1343 975 1369 et
1008 1333 1371 1381 proposcionaliter
1410 1335 1460 1369 ad
1500 1342 1709 1381 peccatum
1745 1333 1806 1369 sui

493 1390 648 1438 generis
682 1404 824 1439 penam
860 1391 956 1439 pati.
991 1393 1106 1428 Unde
1134 1391 1236 1428 sicut
1260 1400 1351 1428 octo
1384 1400 1475 1427 sunt
1499 1391 1806 1428 circumstancie

493 1458 659 1497 peccata
697 1459 920 1497 gravantes,
962 1449 1017 1485 sic
1050 1459 1141 1486 octo
1175 1458 1286 1486 erant
1320 1449 1627 1486 circumstancie
1660 1462 1804 1498 penam

494 1506 643 1543 Christi
681 1517 904 1554 gravantes.
946 1507 1263 1544 Circumstancie
1301 1517 1439 1556 patent
1478 1507 1517 1543 in
1556 1508 1631 1544 hoc
1669 1520 1864 1543 versu22o

500 1565 607 1614 Quis,
632 1567 734 1614 qnid,
758 1566 831 1609 ubi,
855 1573 1004 1614 quante,
1038 1578 1121 1602 cum
1156 1573 1256 1615 quot,
1289 1578 1371 1611 cur,
1406 1566 1606 1614 quomodo,
1640 1566 1803 1614 quando.

553 1625 696 1668 Quoad
729 1636 941 1671 personam
976 1624 1157 1672 punitam
1192 1632 1302 1671 patet
1334 1625 1443 1671 quod
1476 1622 1549 1659 fuit
1577 1623 1805 1671 unigenitus

495 1681 566 1717 Dei
600 1681 675 1717 vivi
710 1690 746 1717 et
779 1694 848 1729 per
882 1694 1129 1730 consequens
1163 1694 1264 1728 pena
1299 1681 1438 1718 maior.
1821 1708 1885 1739 Fol

553 1741 695 1784 Quoad
725 1736 728 1791 Ι
758 1739 1028 1776 substanciam
1063 1752 1163 1787 pene
1196 1748 1305 1787 patet
1338 1741 1445 1788 quod
1478 1739 1550 1775 fuit
1583 1751 1685 1787 pena
1719 1751 1806 1786 gra-
1822 1732 1904 1787 3253>

493 1798 667 1844 vis-sima,
703 1807 788 1833 tum
821 1807 986 1846 propter
1019 1797 1328 1834 horribilitatem
1355 1797 1497 1844 crucis,
1530 1806 1614 1833 tum
1641 1806 1806 1845 propter
1822 1800 1861 1833 25

492 1856 745 1892 vivacitatem
781 1855 975 1904 corporis.
1016 1857 1106 1892 Non
1139 1856 1242 1892 enim
1278 1868 1418 1904 passus
1458 1864 1515 1891 est
1553 1854 1732 1891 Christus
1766 1854 1805 1890 in

494 1923 597 1950 etate
636 1914 821 1960 infantili,
862 1915 1026 1962 quando
1065 1926 1203 1950 sensus
1242 1914 1399 1950 fuerant
1445 1914 1592 1950 fluente
1638 1912 1805 1948 humido

494 1972 725 2008 fleumatico
750 1972 910 2015 ebetati,
934 1984 1008 2008 nec
1032 1972 1071 2008 in
1095 1981 1200 2008 etate
1224 1971 1351 2015 senili,
1370 1973 1532 2020 quando
1551 1970 1804 2007 mortificatis

495 2030 675 2077 partibus
721 2030 827 2067 sicco
876 2039 1006 2066 terreo
1059 2030 1265 2077 riguerunt
1310 2031 1377 2065 sed
1422 2029 1461 2065 in
1508 2029 1640 2065 media
1685 2037 1802 2075 etate,

496 2090 656 2137 quando
689 2101 826 2125 sensus
860 2088 1005 2135 singuli
1039 2088 1196 2124 fuerant
1229 2088 1318 2136 plus
1351 2087 1519 2124 vivaces.
1822 2091 1863 2123 '30

554 2148 698 2192 Quoad
741 2147 875 2182 locum
920 2155 1029 2194 patet
1074 2159 1145 2194 per
1178 2146 1416 2194 Apostolum
1451 2147 1571 2182 Hebr.
1606 2146 1726 2189 X1110,
1759 2154 1802 2179 12

496 2206 602 2252 quod
648 2205 720 2240 fuit
758 2212 874 2240 extra
908 2211 1065 2253 portam
1099 2205 1319 2240 Jerusalem
1361 2212 1398 2239 et
1435 2203 1490 2239 sic
1530 2203 1570 2238 in
1607 2203 1696 2238 loco
1744 2214 1805 2238 ex-

496 2262 723 2310 pectacioni
755 2261 882 2309 gentis
916 2261 1076 2309 proprie
1108 2261 1300 2309 gravioris
1334 2262 1422 2309 plus
1455 2261 1606 2308 patulo,

555 2321 698 2365 Quoad
743 2319 1010 2368 quantitatem
1058 2319 1271 2356 discretam
1316 2320 1376 2355 vel
1421 2318 1653 2354 continuam
1704 2330 1804 2366 pene

496 2378 645 2414 Christi
678 2387 786 2426 patet
811 2379 919 2426 quod
952 2390 1023 2425 per
1045 2386 1171 2414 totam
1205 2377 1327 2413 vitam
1362 2389 1473 2412 suam
1508 2376 1581 2412 fuit
1614 2375 1653 2411 in
1687 2388 1802 2423 pena.
1821 2378 1860 2412 '33

494 2438 542 2471 Et
575 2437 708 2484 quoad
740 2448 951 2472 numerum
994 2444 1148 2483 ponunt
1185 2435 1312 2471 sancti
1351 2436 1459 2483 quod
1497 2434 1661 2471 vulnera
1698 2434 1800 2480 5475

495 2494 698 2530 sensibilia
730 2507 870 2542 passus
899 2493 985 2537 fuit,
1019 2493 1076 2530 sic
1105 2494 1213 2542 quod
1238 2492 1416 2541 quolibet
1441 2492 1504 2528 die
1537 2491 1629 2528 anni
1663 2491 1804 2528 solaris

562 2625 588 2652 7.
611 2617 653 2644 G:
676 2617 825 2643 humiliat.
900 2624 927 2651 ς).
950 2615 992 2643 Η;
1018 2615 1346 2651 proporcimmhililer.
1419 2623 1460 2642 10.
1480 2615 1525 2642 A:
1547 2614 1805 2641 Jncommensmw-

493 2651 604 2685 hilior;
623 2652 664 2679 ib.
680 2656 707 2678 ct
724 2659 761 2678 12.
786 2653 827 2678 H:
849 2651 1146 2686 incomptirabiliter.
1220 2659 1253 2677 11.
1275 2652 1318 2677 A:
1340 2650 1481 2676 hominis.
1556 2649 1590 2676 15.
1614 2649 1658 2676 H:
1677 2652 1804 2683 peccalo

494 2686 588 2713 deest.
715 2687 755 2713 16.
777 2686 821 2713 H:
849 2685 1039 2713 necessitate.
1165 2693 1204 2719 17-
1232 2685 1256 2711 l)
1278 2685 1308 2711 in
1329 2693 1443 2719 marg:
1470 2684 1655 2711 Incarnacio
1679 2683 1802 2710 Clu-isli.

494 2729 536 2755 19.
558 2721 601 2748 H:
623 2724 752 2756 peccata
773 2736 806 2739 —
825 2721 1058 2747 circumsmtzcic
1076 2719 1170 2746 deest.
1280 2727 1325 2746 20.
1348 2719 1373 2746 D
1394 2719 1423 2746 iu
1446 2727 1558 2751 marga
1585 2718 1667 2746 Pena
1691 2718 1808 2745 Christi

493 2756 613 2789 gravis.
710 2763 750 2782 21.
771 2755 813 2781 l):
842 2758 998 2790 quantum,
1020 2758 1103 2790 quot.
1200 2762 1246 2787 24.
1267 2754 1292 2781 D
1315 2754 1343 2781 in
1366 2761 1481 2788 marg.:
1510 2753 1610 2788 Quis?
1626 2752 1716 2787 filius
1736 2752 1803 2778 Dei.

494 2791 539 2816 26.
563 2790 586 2816 s)
608 2790 637 2816 in
659 2798 773 2823 marg:
803 2790 909 2824 Quid?
928 2797 1022 2824 pena.
1102 2796 1146 2825 27.
1168 2789 1240 2816 DG:
1267 2792 1367 2816 erant,
1449 2787 1494 2816 28.
1515 2791 1559 2815 A:
1578 2787 1805 2823 fleugnmtico:

495 2825 520 2850 (l
534 2824 739 2859 :flecmalic0.
805 2832 851 2857 21).
873 2826 916 2851 A:
938 2824 1107 2858 ri'guert'nt.
1171 2823 1208 2851 31.
1231 2824 1256 2850 Ι)
1277 2824 1307 2850 in
1329 2831 1444 2857 marg:
1467 2822 1531 2850 Ubi.
1595 2821 1637 2849 32.
1660 2822 1702 2849 H:
1723 2821 1805 2856 quod

494 2859 596 2892 deest:
622 2860 662 2886 ib.
684 2861 728 2886 A:
755 2867 792 2886 ex
810 2859 862 2886 sic.
963 2859 1008 2891 34.
1030 2859 1055 2885 1)
1078 2860 1106 2886 in
1128 2867 1230 2891 marg:
1261 2858 1424 2893 Quantum.
1523 2856 1559 2884 36
1591 2857 1616 2883 I)
1638 2857 1666 2883 in
1690 2864 1802 2890 marg:

496 2894 596 2929 Quot:
623 2894 662 2920 ib.
684 2897 728 2921 A:
759 2894 885 2921 vulnera
912 2893 983 2925 th',
1007 2893 1067 2927 Vll,
1094 2893 1130 2924 13·
1159 2894 1183 2920 1)
1205 2893 1234 2920 in
1256 2901 1368 2927 marga
1403 2892 1534 2920 Vulnera
1564 2891 1680 2918 Christi
1703 2891 1803 2925 5475.

495 2928 539 2963 37.
563 2928 636 2955 1›G:
657 2929 687 2956 in
708 2929 852 2963 qualibet.

2035 2972 2062 3276 —n-—U-‚o‘tssssssu‘dm'
2034 2916 2054 2958 ‹9⁴ss
