2062 3276
186 275 261 311 308

195 576 220 596 2.
240 568 301 596 Not
321 572 351 594 to
372 567 438 605 take

190 604 287 630 Cod's
310 610 397 642 name
419 610 446 628 ln

281 645 360 664 vain.

209 800 390 827 l‘rcvalence
411 798 445 825 of

200 835 259 861 idle
280 833 440 867 swearing.

202 1723 225 1750 25.
247 1722 295 1750 To
314 1724 387 1757 lteep
410 1724 459 1749 the

258 1758 396 1784 sabbath.

745 278 967 309 JOHANNIS
987 276 1169 308 WYCMF
1189 274 1444 306 SERMONUM
1473 260 1623 317 [SERMO
1640 269 1777 297 XXXV!-

472 384 636 421 divicias
676 393 712 420 et
751 385 924 419 honores
964 395 1084 431 quam
1126 381 1232 418 circa
1271 380 1496 428 spiritualia
1536 388 1577 415 ut
1616 378 1779 414 virtutes

472 451 508 478 et
540 443 628 490 plus
661 442 767 477 dolet
801 442 847 477 de
881 454 1018 477 corum
1064 439 1290 479 amissione.
1337 438 1447 474 audit
1478 439 1597 473 verba
1631 435 1779 472 diaboli

472 509 509 536 et
548 499 713 536 dimittit
757 500 877 535 verba
917 498 987 535 Dei
1038 507 1074 534 et
1120 510 1189 545 per
1228 508 1477 544 consequens
1522 494 1702 542 adiungit
1740 506 1780 529 se

472 570 541 594 sue
574 557 736 594 familie.
785 559 887 593 Deus
926 556 1052 593 eciam
1093 554 1262 603 precipit
1302 554 1341 590 in
1373 554 1548 590 secundo
1589 553 1780 588 mandato

475 615 604 664 prime
647 615 781 652 tabule
834 616 942 663 quod
995 627 1066 650 non
1118 625 1290 649 assumes
1340 624 1473 648 nomen
1520 611 1597 646 Dei
1643 610 1699 646 tui
1745 610 1781 645 in

474 687 634 718 mmmm
679 674 747 709 sed
786 672 970 708 diabolus
1010 671 1180 720 precipit
1224 671 1396 707 falsitate
1435 668 1635 706 contraria
1674 668 1782 716 quod

473 731 577 768 iures
611 744 680 779 per
712 731 879 767 vulnera
912 738 949 766 et
984 730 1166 766 membra
1190 728 1351 773 Christi,
1386 736 1428 763 ut
1457 727 1513 763 sic
1547 727 1618 763 fias
1650 725 1690 761 in
1724 737 1783 761 re-

474 788 689 838 putacione
722 787 932 824 hominum
968 787 1096 823 maior
1130 799 1173 822 ex
1204 785 1333 823 verbis
1366 785 1599 822 audacibus.
1653 785 1700 819 Et
1733 784 1782 819 ad

475 856 631 884 tantum
679 847 720 882 in
764 846 839 882 isto
884 845 1050 882 invaluit
1090 844 1273 880 doctrina
1312 843 1460 880 diaboli
1505 843 1614 892 quod
1655 841 1784 878 maior

475 917 566 954 pars
600 904 807 941 hominum
834 911 948 951 putat
970 915 1051 939 non
1074 915 1157 939 esse
1180 910 1389 950 peccatum
1410 901 1465 937 sic
1489 901 1634 937 iurare.
1667 900 1783 945 Quod

475 962 639 999 indubie
691 961 933 998 contradicit
984 960 1115 997 verbis
1166 959 1355 996 Veritatis
1409 971 1484 1007 que
1529 971 1610 995 non
1654 966 1786 1005 potest

478 1020 648 1057 mentiri.
686 1021 779 1056 Ideo
827 1019 866 1055 in
899 1018 1063 1055 nomine
1096 1017 1259 1054 Domini
1305 1030 1450 1053 moneo
1483 1029 1552 1053 vos
1585 1015 1786 1053 abstinere

476 1092 545 1115 vos
579 1080 627 1114 ab
660 1077 809 1114 illicitis
843 1077 1093 1122 iuramentis,
1129 1088 1217 1112 cum
1252 1075 1347 1112 satis
1372 1084 1428 1112 est
1461 1075 1593 1111 iurare
1626 1074 1661 1109 in
1685 1073 1784 1110 veri-

476 1145 554 1173 tate
585 1144 619 1172 et
651 1136 686 1172 in
720 1136 872 1181 iudicio,
906 1136 1067 1183 quando
1100 1143 1271 1182 oportet,
1305 1141 1339 1169 et
1370 1134 1405 1169 in
1439 1132 1586 1169 iusticia
1618 1144 1691 1180 pro
1724 1143 1787 1168 ve-

478 1195 595 1230 ritate
639 1193 796 1230 iusticie
839 1194 1062 1241 detegenda
1109 1194 1167 1239 (ut
1212 1191 1358 1228 dicitur
1400 1190 1570 1227 Jeremie
1614 1191 1700 1236 lV0,
1734 1199 1786 1225 2.

479 1254 565 1298 Que
597 1253 717 1289 verba
752 1251 914 1287 Domini
946 1251 978 1287 si
1011 1249 1219 1287 audieritis
1253 1262 1295 1286 ex
1336 1261 1527 1298 orebmeo
1560 1257 1602 1284 ut
1635 1259 1787 1295 organo

480 1310 550 1346 Dei
597 1309 687 1355 mei,
733 1318 827 1345 tunc
867 1321 1082 1357 possumus
1123 1307 1162 1343 in
1202 1307 1264 1343 die
1298 1306 1426 1344 finalis
1460 1306 1596 1343 iudicii
1642 1306 1787 1342 habere

479 1368 728 1416 reciprocum
765 1366 1041 1403 testimonium
1075 1375 1111 1402 et
1137 1367 1330 1402 honorem
1363 1365 1471 1413 quod
1504 1364 1627 1400 simus
1652 1363 1788 1400 fideles

479 1426 579 1463 servi
614 1425 684 1462 Dei
723 1425 864 1462 nostri.
897 1427 945 1461 Et
967 1436 1204 1473 quecunque
1228 1436 1319 1472 pars
1347 1431 1529 1459 nostrum
1555 1421 1618 1458 hic
1650 1423 1790 1457 obmu-

479 1493 618 1529 tescat,
664 1483 847 1520 sufferret
891 1482 1167 1519 confusionem
1215 1480 1446 1523 maximam,
1491 1480 1695 1529 proiectus
1752 1478 1790 1514 in

480 1544 664 1579 tenebras
709 1541 923 1578 exteriores
966 1553 1055 1577 cum
1100 1552 1213 1576 servo
1251 1552 1424 1587 nequam
1466 1538 1533 1586 qui
1572 1538 1652 1574 sine
1690 1545 1792 1573 veste

481 1600 651 1649 nupciali
681 1599 836 1635 intrans
870 1598 1019 1634 Christi
1053 1597 1246 1634 familiam
1281 1596 1484 1633 obmutuit
1518 1598 1576 1643 (ut
1609 1604 1720 1643 patet
1752 1594 1791 1630 in

482 1658 674 1706 parabola
708 1656 855 1693 Christi
888 1656 1054 1692 Matthei
1086 1657 1224 1701 XX110‚
1257 1657 1335 1702 11).

538 1715 682 1752 Tercio
716 1714 885 1763 precipit
920 1717 1024 1750 Deus
1048 1713 1087 1749 in
1120 1713 1245 1749 tercio
1270 1714 1462 1749 mandato
1494 1711 1623 1760 prime
1656 1711 1791 1747 tabule

482 1782 520 1810 ut
552 1773 657 1821 vigili
694 1772 890 1809 memoria
922 1772 1135 1821 sanctifices
1166 1772 1379 1815 sabbatum,
1418 1769 1616 1806 visitando
1650 1771 1791 1805 devote
1832 1771 1843 1802 Ῑ

480 1831 704 1876 ecclesiam,
750 1830 979 1867 confitendo
1010 1838 1174 1877 peccata
1207 1829 1286 1865 cito
1319 1830 1413 1864 dum
1449 1840 1487 1864 es
1520 1827 1559 1863 in
1590 1827 1665 1872 via,
1698 1826 1792 1874 quia

481 1889 700 1926 inveterata
735 1888 973 1924 indurantur
1018 1896 1054 1923 et
1088 1887 1185 1923 fiunt
1226 1885 1463 1922 incurabilia
1509 1894 1545 1921 et
1578 1886 1791 1932 deturpant

481 1960 599 1983 omne
643 1959 744 1994 opus
790 1959 868 1994 quo
913 1946 1097 1982 laudares
1141 1947 1283 1982 Deum.
1329 1946 1376 1979 Et
1409 1952 1499 1991 post
1531 1944 1651 1979 talem
1699 1955 1792 1979 con-

482 2005 692 2042 fessionem
729 2016 971 2052 prorumpas
1015 2002 1242 2051 specialiter
1287 2002 1325 2037 in
1359 2003 1526 2038 sabbato
1559 2000 1597 2036 in
1630 2002 1790 2037 laudem

483 2063 551 2099 Dei
583 2063 911 2110 contemplando,
941 2062 1096 2098 orando
1120 2070 1156 2097 et
1184 2059 1409 2108 spiritualia
1441 2060 1662 2107 operando.
1697 2060 1823 2094 Ver-7

482 2123 574 2156 bum
610 2130 742 2157 autem
778 2119 927 2157 diaboli
961 2128 1018 2156 est
1043 2127 1206 2155 econtra
1239 2119 1346 2166 quod
1379 2126 1421 2153 ut
1444 2117 1484 2153 in
1507 2118 1676 2153 sabbato
1700 2129 1790 2152 cum

483 2179 532 2215 sit
584 2187 741 2226 tempus
787 2190 958 2214 vacuum
1012 2178 1061 2213 ad
1115 2176 1289 2212 leticiam
1350 2177 1586 2223 deputatum
1633 2174 1791 2210 intersis

482 2236 658 2284 negociis
704 2244 739 2272 et
784 2234 1019 2271 tractatibus
1067 2233 1351 2273 mundialibus,
1393 2232 1549 2269 intersis
1589 2231 1792 2275 conviviis,

483 2294 659 2331 tabernis
694 2302 730 2329 et
763 2293 850 2329 aliis
886 2292 1021 2328 mundi
1056 2291 1229 2328 solaciis.
1264 2293 1311 2327 Et
1335 2293 1409 2327 hoc
1441 2291 1605 2326 verbum
1641 2289 1791 2326 diaboli

483 2361 540 2388 est
573 2351 827 2388 communius
860 2351 961 2387 inter
993 2363 1060 2387 vos
1093 2350 1245 2386 rurales
1269 2348 1450 2385 auditum
1475 2361 1595 2396 quam
1627 2349 1792 2384 verbum

485 2410 555 2447 Dei
589 2410 663 2446 sibi
687 2408 947 2454 contrarium,
982 2421 1071 2444 cum
1095 2407 1250 2444 locucio
1274 2416 1311 2443 et
1334 2406 1492 2443 audicio
1516 2405 1793 2452 ludici-iorum,

555 2564 574 2584 ι.
589 2557 634 2584 A:
655 2563 714 2591 qua
734 2557 842 2582 contra
861 2554 1049 2590 spiritualia.
1128 2561 1152 2580 2.
1175 2553 1219 2580 H:
1235 2553 1306 2588 plns
1323 2553 1567 2580 contris-trutmu-
1586 2552 1626 2579 ib.
1642 2552 1686 2580 H:
1728 2558 1795 2578 uum

484 2591 583 2618 verba.
702 2590 729 2617 ὁ.
752 2590 794 2617 H:
819 2589 967 2625 precepit.
1092 2596 1117 2624 7.
1140 2588 1212 2615 DG:
1244 2587 1476 2620 Cszristidees13
1503 2587 1543 2614 ib.
1565 2586 1608 2614 H:
1636 2586 1680 2613 sic
1722 2590 1793 2613 eest.

486 2634 526 2652 ιο.
548 2625 621 2653 AG:
642 2633 673 2652 se
692 2625 809 2652 iurare.
879 2632 911 2652 11.
933 2624 1006 2651 DH:
1028 2630 1088 2649 non
1104 2625 1244 2658 possunt.
1319 2629 1356 2653 ιι),
1374 2621 1410 2649 13.
1432 2621 1476 2649 H:
1497 2621 1650 2648 abstinere
1669 2620 1726 2652 alm·
1744 2628 1797 2647 vos

485 2661 578 2687 deest.
645 2658 682 2689 13.
700 2668 740 2692 14.
755 2659 830 2686 AH:
851 2659 959 2685 iurare
978 2657 1117 2685 veritate.
1182 2664 1223 2692 ις),
1246 2664 1291 2683 2o.
1314 2656 1356 2683 G:
1378 2656 1565 2683 obmutescit.
1631 2664 1668 2683 21.
1689 2654 1794 2682 AI)G:

486 2695 569 2731 qrwd
585 2695 662 2721 sinc.
735 2701 779 2720 22.
800 2694 843 2720 A:
866 2693 1010 2720 intrams.
1086 2691 1128 2718 2¹3.
1151 2692 1194 2718 H:
1218 2691 1332 2719 Christi
1349 2691 1443 2718 deest.
1516 2698 1562 2724 24.
1585 2690 1628 2717 H:
1647 2689 1794 2729 precepit.

486 2734 532 2756 20.
554 2730 597 2756 A:
620 2731 761 2763 peccato.
877 2735 919 2763 27.
942 2727 1047 2754 llGH:
1075 2730 1105 2753 et
1123 2727 1224 2757 deest:
1251 2726 1291 2753 ib.
1314 2726 1337 2752 1)
1360 2726 1389 2752 in
1412 2733 1524 2759 marg:
1553 2725 1649 2751 Docet
1668 2726 1796 2751 mutare

487 2763 644 2790 ecclesiam
672 2763 764 2797 vigili
790 2762 938 2789 memoria
967 2765 995 2789 ct
1024 2761 1167 2793 confiteri
1190 2766 1328 2795 peccam.
1453 2760 1497 2786 28.
1529 2759 1602 2786 Ι)(];
1636 2758 1673 2785 Ee
1700 2758 1794 2785 dees-r,

487 2806 533 2833 25).
557 2799 599 2825 H:
622 2805 839 2832 prorumpam.
913 2796 950 2823 31.
973 2797 1016 2823 A:
1044 2796 1136 2823 utin.
1212 2795 1251 2827 145,
1274 2794 1318 2821 236,
1340 2794 1382 2821 H:
1409 2794 1527 2821 diaboli
1544 2796 1589 2820 ext
1606 2794 1700 2820 deest.

559 2892 586 2923 5.
614 2892 723 2922 leod.
750 2892 820 2930 XX,
848 2902 877 2932 7.
977 2891 1028 2922 25.
1057 2890 1100 2920 ib.
1128 2892 1160 2920 8.

1805 912 1843 932 10

1808 1191 1843 1222 15

1811 2349 1850 2382 ‘35
