2062 3276
251 248 386 276 sssRmo
411 237 520 294 xm]
765 251 955 290 QUARTA
984 252 1110 283 PARS.
1773 244 1851 290 369

251 369 344 405 ergo
377 369 515 393 omnes
545 357 717 394 fatemur
749 359 857 406 quod
882 358 1086 394 Christum
1121 358 1337 406 diligimus,
1372 360 1563 395 debemus

249 414 380 463 ipsum
406 415 468 463 pie
491 416 678 461 recolere,
704 415 798 464 quia
830 415 897 452 ubi
921 428 1036 452 amor
1068 415 1121 452 ibi
1145 417 1298 464 oculus,
1332 430 1404 465 pro
1427 430 1563 454 amore

249 485 322 510 suo
355 473 505 522 aliquid
541 474 713 511 tolerare
746 482 955 522 tamquam
988 473 1082 510 boni
1116 473 1262 511 milites
1283 477 1375 511 Jesu
1399 475 1562 523 Christi,

249 540 291 567 ut
324 531 363 567 in
397 531 459 568 die
492 531 628 568 iudicii
654 531 813 569 Christo
847 540 1039 580 querente
1072 531 1169 580 quid
1202 545 1274 581 pro
1308 532 1394 581 ipso
1427 542 1562 582 pertu-

216 589 380 630 Slimus,
421 589 489 638 qui
527 598 586 625 tot
626 598 662 626 et
702 598 813 626 tanta
858 602 930 638 pro
972 589 1086 626 nobis
1131 603 1271 638 passus
1313 599 1383 636 est,
1430 591 1562 628 dicere

248 660 463 696 possumus
498 660 540 684 ex
573 660 644 684 sua
676 647 831 695 gracia:
866 647 951 684 Hec
982 655 1017 683 et
1049 648 1135 684 ista.

306 707 386 742 Nec
419 718 606 742 excusare
639 718 853 754 possumus
887 707 995 754 quod
1028 719 1108 742 non
1143 707 1274 743 hostes
1299 719 1389 743 cum
1417 707 1561 755 quibus
1607 711 1664 739 We
1684 711 1761 751 have
1782 720 1821 752 nro

157 791 219 822 FO}
248 776 531 811 pugnaremus,
565 763 746 809 vicimus,
782 763 876 813 quia
915 773 1048 812 preter
1087 765 1281 800 mundum
1323 774 1360 801 et
1399 777 1558 802 carnem
1577 747 1641 774 '³⁰¹‘
1656 749 1687 774 ⁰³
1705 756 1850 775 enemxes.

153 814 367 871 330c'atque
413 821 620 858 diabolum
667 831 756 858 sunt
805 821 920 858 multi
965 822 1087 859 emuli
1131 823 1322 869 veritatis,
1374 821 1560 876 inimici}

194 895 231 916 10
248 879 376 916 crucis
410 879 557 918 Christi
591 889 628 916 et
661 880 779 916 amici
813 880 936 917 trium
971 880 1145 917 hostium
1180 880 1325 929 quibus
1358 881 1560 918 resistere-

247 950 335 974 mus
367 937 398 974 si
422 938 627 976 Christum
661 938 835 986 perfecte
863 938 1133 987 diligeremus.
1168 940 1245 975 Sed
1270 939 1409 975 mundi
1432 939 1559 988 gloria

247 1005 283 1032 et
316 996 473 1033 lucrum
514 996 637 1033 seculi
672 996 924 1033 confundunt
957 998 1146 1033 vecordes
1186 1006 1223 1033 et
1256 1007 1445 1034 excecant
1477 1010 1558 1045 eos,

244 1067 294 1090 ne
325 1054 487 1091 videant
519 1054 793 1091 assistenciam
827 1055 1062 1103 angelorum
1097 1068 1140 1092 ex
1172 1064 1363 1104 precepto
1397 1056 1689 1095 DominiAngels
1710 1065 1851 1100 strognger

244 1121 478 1161 paratorum
503 1113 637 1149 iuvare
670 1112 857 1150 omnibus
882 1113 1063 1150 hostibus
1097 1123 1458 1163 quantumcunque
1482 1115 1559 1151 for—
1597 1095 1832 1167 tthzienrggg)fqgs

191 1170 413 1208 15ciorum.
455 1173 535 1208 Nec
567 1171 748 1208 videmus
789 1184 859 1220 per
898 1171 1018 1208 fidem
1057 1184 1184 1220 usque
1223 1173 1273 1208 ad
1312 1172 1557 1220 principium
1645 1166 1714 1201 help
1737 1175 1782 1193 ¹¹³·

246 1229 383 1265 mundi
423 1238 460 1266 et
499 1229 603 1266 diem
638 1229 789 1276 iudicii,
830 1229 924 1278 quia
956 1239 1051 1266 tunc
1089 1229 1342 1267 vinceremus
1381 1232 1557 1268 seculum

243 1287 422 1324 alliciens
455 1288 504 1324 ad
539 1296 759 1336 torporem,
794 1288 887 1336 quia
920 1297 962 1324 ut
996 1287 1143 1324 dicitur
1168 1291 1199 1324 Ia
1227 1290 1314 1325 Joh.
1338 1290 1406 1335 VO,
1441 1303 1479 1336 4,
1517 1290 1558 1326 5:

242 1345 326 1382 Hec
365 1354 420 1382 est
461 1346 621 1381 victoria
655 1359 725 1395 que
764 1346 877 1382 vincit
916 1347 1114 1392 mundum,
1141 1347 1247 1397 fides
1286 1355 1441 1392 nostra5
1478 1348 1560 1396 quis

242 1411 298 1440 est
331 1404 395 1452 qui
427 1404 541 1439 vincit
574 1405 757 1439 mundum
799 1405 872 1440 nisi
903 1405 967 1453 qui
997 1405 1121 1441 credit
1154 1405 1331 1454 quoniam
1363 1406 1474 1442 Jesus
1506 1413 1560 1442 est

185 1462 344 1512 20filins
377 1462 481 1498 Deis>
526 1461 565 1497 Si
606 1462 709 1498 enim
758 1463 834 1498 hoc
875 1462 1076 1499 credimus
1123 1476 1213 1499 cum
1256 1463 1439 1500 doctrina
1472 1477 1556 1509 sua,

242 1529 337 1556 tunc
370 1520 596 1568 spernimus
621 1521 817 1556 mundum
852 1520 953 1557 sicut
976 1520 1073 1569 ipse,
1107 1530 1202 1558 tunc
1227 1522 1427 1558 credimus
1451 1523 1557 1570 quod

243 1592 356 1615 amor
397 1577 571 1614 hominis
610 1591 691 1615 non
731 1588 808 1615 stat
856 1578 896 1614 in
938 1579 1181 1616 colleccione
1221 1581 1288 1616 sed
1334 1580 1559 1628 precisione

245 1636 543 1686 temporalium,
590 1649 680 1672 cum
728 1646 840 1685 pater
884 1637 1081 1685 disposuit
1127 1639 1202 1674 hoc
1242 1638 1330 1683 sibi,
1375 1638 1476 1675 sicut
1521 1648 1557 1675 et

242 1695 326 1743 ipse
359 1695 438 1731 suis
471 1695 665 1743 apostolis
698 1704 905 1743 tamquam
942 1695 1031 1731 filiis
1065 1695 1298 1732 carissimis.
1339 1698 1453 1733 Unde
1486 1698 1557 1734 hec
1591 1700 1836 1749 Qus-blindness

186 1756 225 1789 25
243 1753 388 1790 cecitas
428 1753 630 1790 nesciendi
670 1753 894 1790 discernere
939 1754 1181 1802 temporalia
1221 1767 1242 1790 a
1281 1754 1555 1802 spiritualibus
1579 1736 1847 1807 Sfflsiit¹ffffrffl¹jffi³gs

243 1811 451 1848 confundit
490 1812 669 1848 seculum
713 1821 749 1848 et
786 1811 879 1848 facit
918 1825 989 1848 nos
1028 1822 1224 1861 quantum
1265 1812 1305 1849 in
1344 1813 1458 1850 nobis
1497 1823 1554 1850 est
1576 1806 1656 1834 from
1679 1807 1842 1841 temporal.

243 1870 477 1906 stultissime
511 1879 547 1906 et
580 1869 849 1917 ingratissime
883 1870 1074 1906 frustrare
1108 1871 1226 1907 finem
1262 1883 1283 1907 a
1303 1871 1463 1908 Christo
1496 1872 1554 1908 in-

241 1937 408 1964 tentum.
455 1929 569 1964 Unde
608 1928 641 1963 si
679 1940 814 1964 servus
860 1940 1005 1976 egenus
1043 1937 1303 1976 cognosceret
1344 1930 1551 1966 dominum

241 1999 356 2022 suum
397 1998 440 2022 ex
478 1998 638 2022 summa
676 1985 953 2023 misericordia
991 1987 1180 2023 ordinare
1218 1987 1323 2023 viam
1365 1990 1413 2024 ad
1455 1990 1553 2025 rele-

184 2048 225 2080 30
241 2046 413 2081 vandum
445 2053 481 2080 et
514 2045 623 2092 large
646 2046 965 2092 promovendum
998 2045 1225 2093 predictum
1251 2058 1423 2092 servum,
1458 2048 1552 2083 dum

239 2111 373 2139 tamen
408 2114 543 2139 servus
576 2102 747 2138 voluerit
779 2102 972 2150 perficere
996 2103 1099 2140 viam
1134 2113 1288 2152 gratam
1325 2113 1361 2140 et
1394 2104 1552 2141 facilem

239 2173 359 2209 quam
395 2160 583 2197 dominus
615 2160 828 2207 ordinavit,
862 2174 996 2198 servus
1029 2171 1162 2198 autem
1197 2161 1400 2210 predictus
1432 2163 1554 2211 gratis

240 2219 446 2255 declinans
492 2232 513 2255 a
552 2218 614 2255 via
654 2218 836 2266 predicta
880 2221 929 2255 ad
968 2219 1073 2256 viam
1115 2220 1374 2266 contrariam,
1421 2234 1553 2258 nonne

239 2278 386 2314 faceret
420 2276 586 2313 domino
620 2289 693 2312 suo
728 2290 917 2325 magnum
943 2278 1192 2326 despectum,
1227 2281 1551 2327 contempnendo

184 2335 437 2371 35intentum
462 2348 593 2381 suum,
628 2344 664 2370 et
698 2334 769 2370 sibi
804 2335 877 2383 ipsi
912 2337 1134 2384 dampnum
1159 2336 1467 2374 stultissimum?
1500 2339 1553 2374 Ex

243 2393 319 2429 fide
342 2393 447 2429 enim
481 2402 666 2429 tenemur
690 2394 851 2429 credere
885 2395 993 2442 quod
1018 2394 1199 2431 Christus
1223 2397 1329 2431 Deus
1353 2395 1553 2432 ordinavit

240 2464 280 2487 se
319 2460 356 2487 et
396 2464 487 2487 suos
528 2452 723 2487 mundum
765 2451 983 2499 despicere,
1029 2452 1111 2500 pati
1144 2463 1439 2501 paupertatem,
1485 2456 1554 2490 ob-

240 2509 403 2557 probria
448 2518 485 2545 et
530 2521 653 2556 penas
698 2509 879 2557 corporis
925 2523 998 2558 pro
1045 2511 1232 2557 veritate3
1279 2521 1316 2548 et
1362 2525 1434 2560 pro
1480 2512 1554 2549 ista

240 2568 401 2615 sequela
445 2566 646 2615 promittit
690 2567 770 2603 suis
815 2568 1056 2617 sequacibus
1106 2569 1336 2606 mansiones
1382 2570 1421 2606 in
1467 2571 1552 2607 celo

308 2723 327 2742 1.
350 2715 392 2742 D:
413 2715 591 2750 diligamus.
694 2725 724 2749 4.
745 2716 831 2751 ipscm
856 2716 929 2744 DG:
954 2717 1088 2744 Christo.
1194 2719 1222 2745 G.
1244 2718 1318 2746 DG:
1339 2718 1405 2746 Hec
1425 2722 1470 2746 est
1488 2719 1552 2746 illa.

239 2758 264 2785 7.
299 2749 342 2776 H:
376 2751 537 2781 excusaris
575 2751 614 2777 ib.
648 2750 752 2778 ADG:
785 2759 846 2778 non
878 2755 958 2779 sunl.
1102 2751 1128 2779 8.
1163 2752 1266 2780 ADG:
1300 2754 1426 2780 vicimus
1460 2754 1553 2780 deest.

240 2793 280 2816 14-
303 2783 407 2811 DGH:
429 2785 656 2820 quantumlibet.
733 2793 771 2812 Γ.
794 2786 835 2813 D:
863 2787 1010 2814 abiciens.
1086 2786 1126 2822 18,
1150 2795 1190 2822 ις),
1212 2787 1287 2814 AH:
1308 2788 1377 2823 quis
1397 2791 1442 2815 est
1452 2788 1556 2823 fides:

239 2819 342 2846 DGH:
359 2819 426 2857 quis
441 2819 627 2859 estfrqlres.
722 2842 726 2846 .
744 2804 787 2848 (ἧς
803 2829 864 2848 non
880 2822 993 2854 1'71.x·!at,·
1012 2823 1052 2849 ib.
1070 2822 1111 2849 D:
1129 2822 1308 2850 collacione.
1364 2822 1406 2850 23.
1424 2825 1469 2850 A:
1490 2831 1554 2850 cum

235 2858 347 2889 palre‚·
376 2854 415 2880 ib.
444 2855 489 2881 A:
518 2855 609 2881 stmul
633 2858 671 2882 et.
791 2857 836 2883 28.
864 2856 906 2883 H:
938 2857 967 2883 si
990 2857 1084 2884 deest.
1202 2865 1249 2892 29.
1277 2857 1321 2884 1-1:
1353 2858 1432 2884 viam
1460 2858 1553 2884 deest.

239 2888 284 2916 30.
309 2888 382 2916 DG:
403 2889 502 2919 εηῐηις
527 2889 557 2915 ib
591 2888 634 2916 G:
655 2892 808 2917 tenentur.

1351 2950 1393 2980 24
