2062 3276
192 256 243 300 64
773 261 996 293 JOHANNIS
1014 259 1199 291 WYCLIF
1220 258 1477 291 SERMONUM
1547 243 1699 302 [SERMO
1721 253 1787 282 vn.

237 376 304 404 The
322 375 414 414 friars
538 367 744 413 Similiter,
793 380 883 404 cum
932 365 1181 403 confidencia
1228 366 1275 401 de
1320 374 1427 402 recta
1472 364 1548 400 fide
1591 364 1640 400 sit
1683 362 1788 399 utilis

220 410 432 473 {inff'sslffcg‘fflssges
481 425 726 474 promerenti
772 435 809 462 et
852 426 992 462 fratres
1037 425 1184 460 habent
1224 423 1468 460 evideneiam
1509 421 1601 458 fidei
1642 423 1690 458 de
1722 421 1789 457 illo

192 481 271 507 ‘¹¹2'ss
285 479 464 506 ²¹³⁵e¹'¹³⁰¹³s·
481 485 587 532 quod
621 483 790 520 dixerint
834 483 874 518 in
919 484 992 519 hac
1032 491 1158 529 parte,
1205 480 1361 517 videtur
1393 481 1500 529 quod
1532 488 1696 528 propter
1729 492 1790 516 ex-

482 543 708 590 pellendam
753 540 1041 577 titubacionem
1088 552 1110 575 a
1155 539 1305 586 populo
1357 540 1505 575 debent
1552 538 1654 574 hanc
1699 536 1790 573 fidei

482 599 726 637 evidenciam
760 599 911 646 populo
945 597 1162 645 publicare.
1210 598 1300 632 Non
1339 596 1444 633 enim
1478 605 1535 633 est
1567 595 1824 633 evidencia:5

483 671 587 706 papa
620 657 676 693 sic
710 656 862 702 asserit,
898 668 991 703 ergo
1024 667 1176 700 verum,
1211 666 1301 690 cum
1336 667 1441 703 papa
1473 653 1522 690 sit
1555 652 1730 690 fallibilis
1755 661 1791 688 et

483 716 584 751 sicut
617 716 756 751 fratres
789 715 962 750 fatentur
986 712 1132 760 decipit
1166 721 1202 748 et
1235 711 1434 760 decipitur
1465 712 1504 748 in
1532 710 1687 747 iudiciis
1709 719 1791 746 tam

484 773 654 821 propriis
688 785 808 821 quam
843 770 998 807 iudiciis
1033 769 1196 807 ecclesie
1227 778 1263 806 et
1286 783 1390 817 papa
1414 782 1506 818 sepe
1530 768 1623 805 dicit
1647 769 1792 804 multas

484 830 705 867 sentencias
738 838 876 866 contra
909 830 1063 874 fratres,
1096 828 1217 864 nichil
1251 840 1343 875 ergo
1375 827 1647 875 blasphemius
1672 839 1792 874 quam

485 889 538 925 sic
573 888 831 936 magnificare
863 887 1049 923 virtutem
1085 895 1153 923 aut
1185 885 1413 934 potenciam
1448 898 1551 933 pape
1584 884 1794 921 cuiuslibet
1814 902 1851 922 10

486 947 583 983 citra
616 945 834 982 Christum.
869 946 984 982 Unde
1016 943 1171 980 videtur
1194 945 1301 992 quod
1324 943 1427 980 sicut
1449 944 1589 980 fratres
1611 942 1795 978 nituntur

486 1006 675 1041 seducere
709 1003 917 1040 ecclesiam
942 1002 1180 1039 catholicam
1206 1003 1254 1038 de
1278 1003 1351 1038 hoc
1376 1003 1483 1050 quod
1512 1012 1794 1050 quemcunque

486 1075 591 1110 papa
624 1061 841 1098 decreverit
873 1073 957 1097 esse
991 1062 1216 1096 membrum
1262 1069 1397 1096 sancte
1443 1059 1581 1096 matris
1615 1057 1792 1098 ecclesie,

487 1120 593 1157 credi
627 1121 744 1156 debet
777 1132 860 1156 esse
894 1120 1121 1155 membrum
1156 1117 1319 1155 ecclesie
1353 1130 1398 1154 eo
1430 1117 1530 1165 ipso,
1563 1116 1617 1153 ita
1640 1116 1794 1153 videtur

488 1179 628 1215 fratres
661 1177 733 1213 niti
767 1178 894 1225 legem
919 1176 1065 1213 Christi
1089 1176 1345 1221 confundere,
1379 1176 1485 1224 quod
1509 1175 1540 1211 si
1563 1187 1668 1222 papa
1701 1186 1794 1210 suus
1816 1181 1852 1213 15

487 1236 732 1284 pretenderit
765 1248 805 1271 se
838 1236 991 1271 salvare
1026 1233 1227 1270 hominem
1263 1246 1502 1282 quacunque
1536 1234 1583 1269 de
1607 1245 1726 1269 causa
1750 1245 1795 1268 eo

487 1294 573 1342 ipso
605 1294 779 1330 salvatur
811 1293 1031 1329 dummodo
1065 1304 1182 1328 cause
1215 1291 1396 1327 condicio
1428 1291 1479 1327 sit
1510 1291 1722 1338 completa.

205 1360 279 1399 xLet
300 1368 334 1386 us
354 1359 436 1386 learn
546 1352 696 1388 Relicta
730 1364 822 1399 ergo
854 1351 929 1387 ista
960 1349 1111 1386 infideli
1150 1349 1312 1397 argucia
1349 1349 1562 1386 videndum
1605 1357 1660 1385 est
1700 1360 1796 1396 quo-

197 1397 276 1456 ¹&stss
297 1394 472 1456 ἓὶιῗήῐξζᾏξο
489 1412 609 1446 modo
662 1409 793 1458 prima
843 1409 963 1445 verba
1016 1407 1208 1455 evangelii
1262 1407 1339 1443 sint
1391 1409 1441 1444 ad
1495 1406 1794 1443 edificacionem

199 1462 470 1526 Olgfflslgffsgg'sffend
489 1467 652 1504 ecclesie
697 1466 950 1515 applicanda.
1000 1465 1190 1502 Dicamus
1235 1478 1326 1513 ergo
1372 1478 1452 1501 non
1491 1474 1699 1512 tamquam
1739 1463 1796 1499 in·
1814 1481 1854 1502 20

271 1533 340 1560 bids
358 1541 403 1560 us.
490 1526 615 1562 fidelis
640 1525 822 1562 Scarioth
844 1527 935 1560 Jesu
967 1533 1104 1559 nostro
1137 1524 1232 1560 false
1266 1532 1302 1559 et
1326 1522 1541 1571 sophistice
1564 1523 1644 1557 Ave
1666 1522 1796 1573 Raby,

489 1585 556 1620 sed
603 1592 809 1631 tamquam
854 1581 935 1618 veri
979 1581 1124 1618 Christi
1170 1591 1206 1617 et
1240 1581 1343 1617 Petri
1389 1580 1572 1628 discipuli
1617 1579 1797 1616 dicamus

489 1643 694 1678 credentes
733 1640 774 1677 in
815 1653 905 1676 eum
945 1638 1205 1676 effectualiter
1247 1639 1327 1675 Ave
1358 1639 1497 1690 Rath-v,-
1540 1637 1798 1674 effectualiter

491 1699 594 1745 dico,
634 1699 728 1747 quia
772 1698 873 1734 sicut
913 1697 1150 1734 confitemur
1183 1696 1387 1733 Christum
1433 1695 1668 1744 magistrum
1715 1707 1798 1731 esse

491 1757 687 1805 optimum
712 1769 734 1793 a
757 1755 908 1792 cunctis
932 1755 1113 1791 fidelibus
1147 1754 1351 1790 humiliter
1373 1755 1644 1800 salutandum,
1679 1762 1715 1789 et
1744 1752 1798 1788 sic
1816 1760 1855 1792 25

491 1827 691 1852 servemus
724 1813 948 1850 doctrinam
994 1812 1110 1849 huius
1156 1812 1335 1860 magistri
1380 1821 1417 1848 et
1461 1824 1673 1860 pareamus
1717 1810 1799 1847 suis

492 1873 666 1917 monitis,
701 1885 791 1908 cum
826 1871 1069 1908 declinantes
1099 1872 1147 1907 ab
1172 1872 1244 1907 hac
1267 1870 1501 1906 obediencia
1531 1869 1800 1906 excideremus

492 1932 540 1967 ab
575 1931 657 1967 eius
690 1930 929 1977 discipulatu
962 1942 1007 1966 ac
1041 1941 1216 1965 essemus
1250 1928 1420 1965 maxime
1451 1927 1581 1964 nocivi
1615 1937 1651 1963 et
1684 1911 1895 1981 con-{5⁰12

493 1988 603 2025 trarii
636 1988 751 2024 nobis
782 1987 890 2035 ipsis.
925 1987 965 2023 Si
999 2000 1091 2035 ergo
1123 1986 1207 2034 ipse
1239 1986 1333 2023 lavit
1372 1986 1486 2022 nobis
1526 1987 1646 2033 pedes
1684 1985 1800 2021 affec-
1818 1971 1874 2001 ’θ’

493 2047 653 2083 cionum
687 2045 876 2093 magister
909 2054 945 2081 et
978 2044 1176 2090 dominus,
1210 2057 1281 2080 nos
1304 2045 1494 2080 debemus
1517 2044 1616 2080 alter
1638 2042 1801 2080 alterius
1817 2051 1859 2084 30

495 2106 689 2141 mundare
721 2103 957 2140 affecciones
990 2103 1209 2139 secundum
1243 2103 1414 2138 formam
1449 2100 1640 2149 evangelii
1664 2101 1801 2137 exhor-

494 2171 636 2199 tantes.
685 2163 733 2197 Et
765 2174 890 2197 unum
923 2160 1080 2197 videtur
1113 2159 1209 2196 mihi
1242 2159 1480 2208 generaliter
1511 2158 1800 2207 predicandum

495 2221 602 2269 quod
650 2232 693 2256 ex
740 2219 844 2256 facto
892 2218 1039 2255 Christi
1087 2217 1279 2254 hodierno
1329 2217 1589 2265 disponamus
1636 2229 1708 2252 nos
1752 2216 1801 2252 ad

495 2277 742 2326 pacienciam
788 2286 825 2313 et
871 2276 1099 2325 passionem
1144 2289 1216 2323 pro
1249 2275 1396 2312 Christi
1438 2274 1599 2311 nomine
1647 2284 1683 2311 et
1726 2274 1803 2309 fide

497 2335 660 2372 ecclesie
706 2336 969 2371 subeundam.
1022 2336 1111 2370 Non
1157 2333 1261 2370 enim
1313 2333 1427 2370 video
1472 2333 1675 2382 quomodo
1719 2331 1803 2367 sine
1820 2339 1859 2372 35

495 2393 561 2429 illa
593 2392 800 2440 paciencia
832 2392 911 2429 sive
945 2391 1134 2440 martyrio
1160 2391 1285 2427 fidelis
1309 2391 1451 2440 aliquis
1474 2399 1563 2439 post
1585 2389 1802 2426 Dominum

496 2450 546 2486 sit
579 2451 804 2497 salx-andus,
837 2463 930 2487 nam
964 2449 1094 2486 omnis
1129 2449 1421 2497 predestinatus
1459 2448 1610 2497 patitur
1642 2460 1804 2495 corrup-

497 2508 651 2544 cionem
702 2508 761 2544 sui
810 2507 987 2556 corporis
1033 2521 1158 2556 usque
1206 2509 1254 2544 ad
1300 2516 1484 2553 mortem,
1532 2506 1632 2542 sicut
1680 2506 1805 2542 multa

568 2684 587 2703 1.
609 2675 663 2703 ΑΕ
683 2676 712 2703 in
734 2684 847 2711 marg:
871 2683 922 2705 12:
942 2676 983 2703 ib.
1005 2675 1031 2703 1:
1053 2684 1117 2703 cum
1139 2675 1231 2702 deest.
1296 2684 1325 2708 4.
1348 2674 1430 2702 DEI:
1451 2683 1469 2702 α
1490 2675 1584 2702 deest.
1647 2674 1674 2702 ὁ.
1696 2674 1723 2700 I:
1746 2673 1805 2709 igi-

498 2714 549 2738 tur
566 2719 693 2738 versum.
759 2718 792 2738 ιι.
817 2709 920 2743 Unde;
940 2710 967 2738 I:
989 2711 1069 2737 dum.
1138 2710 1180 2738 16.
1201 2710 1241 2737 E:
1261 2718 1293 2736 xe
1310 2711 1455 2737 salutare.
1519 2717 1559 2749 17.
1580 2709 1622 2736 D:
1643 2709 1805 2736 causative.

499 2746 539 2773 18.
560 2745 588 2772 I:
611 2745 725 2772 Relicta
739 2745 859 2780 igitur:
878 2745 918 2772 ib.
933 2747 961 2772 A
977 2745 1006 2772 in
1022 2753 1134 2779 marg:
1160 2745 1289 2779 Propria
1302 2745 1456 2771 sentencia
1467 2754 1477 2772 :
1496 2743 1520 2771 E
1534 2752 1562 2772 iu
1580 2752 1691 2778 marg:
1713 2742 1804 2770 Nola.

500 2789 541 2816 19.
558 2780 639 2807 DEI:
660 2780 744 2815 quod
758 2780 871 2819 prima.
927 2787 965 2807 21.
983 2780 1050 2807 DE:
1070 2779 1140 2807 Jesu
1157 2780 1276 2807 Christo
1287 2779 1393 2814 false:
1412 2779 1440 2805 1:
1461 2778 1530 2805 Jesu
1548 2778 1667 2805 Christo
1688 2781 1804 2804 nostro.

499 2822 541 2842 22.
562 2815 590 2842 I:
617 2815 685 2842 veri
701 2814 869 2841 clu-lstiani.
966 2813 1008 2841 23.
1030 2815 1074 2842 A:
1104 2813 1309 2850 effectualiter
1327 2814 1388 2840 Ave
1407 2813 1490 2848 Raby
1509 2813 1603 2840 deest.
1694 2814 1739 2839 26.
1760 2813 1803 2839 A:

494 2857 652 2885 paremus.
720 2856 767 2884 29.
788 2848 857 2876 DE:
885 2849 948 2887 ipse
966 2849 1057 2882 (tulit,-
1077 2849 1117 2876 ib.
1139 2849 1151 2875 I
1171 2849 1200 2876 in
1223 2856 1336 2883 marg:
1367 2848 1502 2875 Christus
1520 2847 1595 2874 lavit
1611 2846 1697 2874 nabis
1711 2847 1806 2882 pedes

497 2883 709 2920 tfflet‘cionum,
800 2881 845 2911 36.
866 2883 878 2911 I
898 2891 927 2910 in
950 2891 1062 2919 marg:
1090 2882 1201 2911 fidelis
1219 2892 1279 2910 mm
1299 2883 1434 2910 salvatur
1451 2883 1516 2910 sine
1535 2882 1694 2916 martyrio.
