2062 3276
211 245 347 274 senno
369 235 438 292 111.J
692 248 884 288 QUARTA
913 245 1045 281 PARS?
1764 246 1809 282 33

211 354 359 391 tudinis
393 363 626 391 sanctorum
660 355 707 391 de
731 355 885 392 cunctis
909 355 1192 404 predestinatis
1216 358 1522 405 quodammodo

211 414 451 451 retardatur.
498 414 546 448 Et
585 412 642 449 sic
680 425 822 450 omnes
860 413 988 450 sancti
1030 415 1078 451 de
1115 414 1193 451 illis
1226 424 1394 463 possunt
1428 429 1522 452 con-

211 470 324 519 queri
355 471 464 519 quod
498 471 841 519 complementum
875 471 1136 509 accidentalis
1161 472 1420 509 beatitudinis
1444 474 1522 510 illis

211 529 340 574 deest3
373 528 581 577 dampnati
605 537 739 565 autem
764 528 831 578 qui
854 531 1029 578 gaudent
1057 530 1103 567 de
1126 530 1420 579 prorogacione
1444 532 1521 568 diei

179 585 349 623 5iudicii
381 588 453 623 hos
486 588 785 634 commendant,
819 596 856 624 et
890 588 947 625 sic
979 587 1011 624 si
1043 588 1161 625 vestis
1194 589 1394 638 nupcialis
1427 593 1520 638 (que

211 653 270 681 est
302 644 464 692 caritas)
497 645 547 681 ad
580 645 718 682 finales
756 645 924 694 nupcias
964 646 1206 695 requiratur,
1254 656 1291 684 et
1335 647 1403 684 illa
1447 661 1520 684 non

210 703 335 751 querit
366 715 436 752 que
466 716 534 739 sua
567 710 667 750 sunt,
699 703 857 740 videtur
890 704 1053 740 difficile
1085 707 1194 753 quod
1227 705 1316 742 talis
1342 705 1518 743 moriens

211 760 250 796 in
282 760 351 797 illo
375 760 645 810 proprietario
668 761 878 810 proposito
902 761 951 798 sit
974 763 1162 799 salvatus.
1197 763 1244 800 Et
1269 776 1359 800 cum
1384 763 1515 800 omnis

210 818 468 856 consenciens
507 819 546 855 in
586 818 753 856 crimine
792 820 928 869 aliquo
967 833 1032 857 sex
1071 822 1286 858 modorum
1332 821 1383 858 sit
1429 821 1517 870 ipso

156 893 194 913 ιο
209 876 376 913 crimine
408 877 598 923 irretitus,
632 877 789 914 videtur
822 879 931 927 quod
963 887 1048 916 tota
1072 879 1249 916 militans
1272 879 1439 917 ecclesia
1467 881 1515 917 ad

208 935 529 972 destruccionem
564 935 680 972 huius
713 936 860 973 erroris
894 936 1051 973 assidue
1083 938 1300 975 laboraret.

265 995 313 1030 Et
336 1003 530 1042 quantum
554 995 605 1030 ad
627 993 836 1031 oraciones
858 994 1064 1043 speciales,
1090 995 1255 1032 concedi
1274 997 1391 1033 debet
1407 997 1517 1045 quod
1536 1005 1656 1041 Special
1680 1014 1804 1043 prayers

206 1050 263 1087 illi
281 1053 516 1100 proderunt,
539 1051 571 1088 si
589 1052 815 1101 proprietas
830 1052 955 1089 nichil
977 1053 1100 1099 obsit;
1125 1063 1162 1090 et
1185 1054 1413 1102 specialiter
1429 1067 1518 1091 ora·
1545 1042 1736 1106 ssffg'vpsffifistg
1754 1043 1812 1104 ἔζη

207 1109 340 1147 ciones
357 1122 434 1159 que
450 1110 549 1147 fiunt
564 1123 638 1158 pro
654 1110 845 1147 membris
862 1111 1027 1148 ecclesie
1043 1124 1119 1160 que
1142 1112 1519 1160 specialiteriuvant
1552 1108 1661 1174 01]ξὲῘέ
1677 1111 1798 1174 ἓῗῖηξῗῡ

155 1167 348 1216 15ipsam‚
387 1167 490 1205 sicut
527 1168 601 1205 fuit
639 1169 687 1205 de
726 1168 898 1215 Christo,
940 1171 1056 1206 Petro
1097 1179 1133 1206 et
1167 1171 1291 1207 Paulo
1333 1183 1424 1207 cum
1465 1171 1520 1208 eis
1546 1155 1644 1209 xvi’iole
1665 1181 1801 1209 Church.

207 1225 419 1272 similibus,
439 1227 509 1263 sed
526 1226 567 1263 in
589 1226 699 1263 omni
715 1227 786 1264 tali
809 1227 1000 1264 oracione
1015 1237 1154 1264 oratur
1170 1228 1432 1277 principalius
1447 1242 1520 1276 pro

206 1293 291 1321 tota
307 1284 473 1322 ecclesia
489 1297 611 1333 quam
626 1295 894 1333 componunt3
918 1294 961 1322 ut
978 1287 1133 1323 orando
1157 1300 1230 1335 pro
1247 1288 1364 1324 Petro
1380 1296 1519 1324 oratur

206 1342 468 1391 principalius
491 1355 565 1391 pro
593 1356 664 1380 sua
688 1343 803 1380 totali
833 1343 1079 1381 beatitudine
1103 1357 1222 1393 quam
1248 1358 1321 1393 pro
1346 1345 1515 1382 beatitu-

206 1400 297 1437 dine
334 1401 446 1449 pedis
485 1401 563 1447 sui;
610 1410 647 1438 et
684 1401 740 1438 sic
780 1411 837 1438 est
870 1403 917 1439 de
957 1402 1148 1439 membris
1181 1403 1360 1440 ecclesie.
1400 1405 1514 1440 Unde

149 1475 189 1497 20
204 1471 442 1508 quecunque
464 1458 649 1508 specialis
671 1459 808 1496 oracio
831 1473 908 1509 que
925 1473 1006 1497 non
1022 1462 1221 1498 redundat
1238 1461 1516 1510 principaliter

205 1516 245 1553 in
276 1526 458 1554 sanctam
491 1526 662 1555 matrem
696 1518 907 1555 ecclesiam
943 1528 1000 1556 est
1032 1520 1132 1556 adeo
1165 1519 1413 1568 imperfecta.

264 1577 377 1612 Unde
423 1575 539 1612 multi
584 1576 842 1625 proprietarii
888 1577 926 1613 in
970 1577 1211 1614 induccione
1255 1578 1431 1626 generali
1471 1591 1515 1615 ex
1538 1590 1802 1630 Selfishmmjves

205 1632 351 1670 talibus
379 1633 648 1683 singularibus
677 1636 936 1681 seducuntur,
967 1648 1057 1672 cum
1090 1635 1299 1673 caritativa
1328 1636 1515 1673 induccio
1537 1628 1567 1686 3}
1588 1625 1809 1695 ἓὲῆζζιιέᾒὲῗζζὲ,

206 1693 255 1728 ad
288 1704 428 1729 omnes
452 1701 489 1729 et
512 1692 690 1741 singulos
714 1705 754 1730 se
778 1694 977 1740 extendat,
1012 1706 1102 1730 cum
1127 1694 1363 1732 universalis
1388 1694 1517 1731 domi-
1533 1695 1644 1729 special
1671 1693 1807 1731 prayers‘.

148 1756 277 1788 25nus
311 1763 355 1787 ex
389 1752 564 1800 quadam
598 1751 847 1799 proprietate
881 1752 1060 1800 applicat
1104 1752 1247 1789 orandi
1292 1753 1515 1790 efficaciam

204 1809 255 1845 ad
288 1821 388 1857 quos
420 1809 539 1846 volet.
593 1811 705 1846 Unde
749 1820 935 1858 suspecta
979 1810 1129 1847 heresis
1175 1820 1232 1847 est
1276 1811 1444 1848 fratrum
1480 1820 1518 1848 et

205 1866 483 1915 religiosorum
533 1867 926 1915 possessionatorum
976 1868 1043 1917 qui
1090 1869 1180 1917 plus
1228 1871 1516 1907 commendant

204 1925 406 1962 oracionis
429 1925 615 1973 specialis
639 1925 875 1974 suffragium
899 1939 1021 1975 quam
1044 1927 1278 1975 suffragium
1303 1927 1514 1976 generalis,

204 1982 298 2031 quia
330 1996 411 2020 non
443 1983 599 2020 videtur
629 1983 738 2020 racio
772 1984 888 2021 huius
922 1984 1072 2022 heresis
1104 1985 1179 2021 nisi
1203 1994 1245 2021 ut
1268 1986 1516 2034 perpetuitas

147 2047 188 2079 30
203 2040 350 2078 erroris
384 2041 424 2077 in
456 2041 536 2078 suis
571 2042 749 2079 cenobiis
784 2051 821 2079 et
852 2043 1008 2079 furtivis
1031 2043 1243 2092 stipendiis
1268 2045 1513 2081 observetur.

260 2101 309 2135 Et
339 2108 535 2148 quantum
568 2101 618 2137 ad
652 2100 750 2137 illud
774 2102 821 2137 de
846 2100 1042 2149 Gregorio
1066 2110 1208 2138 orante
1231 2114 1304 2150 pro
1327 2103 1515 2151 Trayano
1556 2111 1623 2140 The
1645 2117 1729 2149 story
1749 2114 1781 2140 ot

203 2158 365 2195 credere
398 2167 528 2206 potest
561 2158 629 2207 qui
662 2158 846 2205 voluerit,
881 2161 949 2196 sed
984 2159 1094 2196 racio
1128 2159 1245 2208 exigit
1279 2162 1387 2209 quod
1421 2173 1515 2209 que-
1531 2147 1801 2217 St'sssfffifssf-‘j'saud

201 2215 297 2252 libet
330 2215 420 2253 talis
455 2216 669 2254 credulitas
692 2217 723 2253 si
747 2216 923 2263 infuerit,
958 2217 1050 2254 insit
1074 2217 1228 2254 homini
1253 2218 1354 2255 citra
1379 2218 1513 2255 fidem.
1570 2218 1769 2253 apocryphal.

260 2273 479 2323 Supposita
512 2284 645 2311 autem
679 2275 846 2312 veritate
881 2276 997 2312 huius
1037 2276 1220 2324 apocrifi,
1263 2285 1416 2313 certum
1457 2286 1514 2313 est

145 2335 185 2368 35
202 2333 311 2380 quod
343 2341 438 2369 tunc
461 2334 567 2369 Deus
592 2333 823 2370 eternaliter
856 2333 1031 2371 decrevit
1054 2347 1127 2383 pro
1152 2334 1514 2372 commendacione

202 2389 359 2427 iusticie
391 2392 501 2440 quod
539 2391 613 2428 iste
644 2391 844 2428 Traianus
888 2392 1022 2429 taliter
1067 2393 1289 2429 salvaretur
1334 2402 1372 2430 et
1414 2407 1514 2430 nun-

201 2461 323 2497 quam
368 2448 441 2485 fuit
489 2450 734 2498 dampnatus
779 2450 1076 2499 dampnacione
1122 2461 1330 2500 perpetua.
1386 2454 1513 2488 Locus

201 2515 335 2544 autem
369 2516 427 2544 est
460 2506 736 2556 impertinens,
770 2507 837 2544 ubi
871 2508 1006 2546 anima
1040 2509 1276 2546 custoditur.

269 2605 293 2634 3.
310 2607 338 2634 I:
359 2608 508 2640 actualis,·
530 2607 570 2635 ib.
585 2608 630 2635 At
650 2608 712 2635 illis
726 2608 822 2636 deest.
876 2617 906 2643 4.
921 2608 981 2637 AI:
1004 2608 1171 2645 Dampnati
1182 2618 1264 2637 vero.
1320 2619 1349 2644 4,
1364 2610 1387 2638 5.
1410 2610 1437 2637 1:
1459 2609 1515 2638 Det

199 2641 327 2674 iudicii,·
348 2641 388 2669 ib.
404 2644 450 2670 A:
465 2643 610 2670 inicialis.
668 2641 705 2670 13.
721 2644 765 2671 A:
778 2642 961 2679 proderint;
982 2644 1022 2671 ib.
1038 2645 1082 2671 A:
1099 2645 1191 2672 michi
1202 2645 1289 2672 obsit.
1346 2645 1384 2673 15.
1401 2645 1428 2672 l:
1450 2653 1513 2672 cum

198 2677 288 2707 aliis;
317 2677 358 2704 ib.
379 2677 404 2704 D
426 2678 456 2704 in
478 2685 592 2713 marg:
612 2677 658 2705 De
675 2677 807 2712 Christo,
824 2677 925 2710 Petro,
939 2678 1044 2706 Paulo.
1120 2680 1161 2707 16.
1183 2679 1265 2707 DEI:
1286 2679 1512 2715 principaliter.

201 2719 240 2745 17,
256 2712 296 2739 18.
312 2713 356 2739 A:
377 2715 440 2739 tota
455 2713 707 2752 -principalius
720 2721 778 2747 pro
794 2713 887 2740 deest.
963 2714 1002 2748 18,
1018 2722 1059 2749 19.
1075 2715 1119 2741 A:
1142 2722 1230 2750 quam
1247 2723 1306 2750 pro
1327 2715 1515 2742 beatitudine

199 2746 293 2773 deest.
350 2745 393 2774 23.
410 2747 452 2774 D:
473 2747 763 2783 szngzclarz‘tatibus;
786 2747 826 2775 ib.
842 2748 883 2775 E:
897 2747 1081 2776 seducuntur
1101 2750 1195 2777 deest.
1252 2749 1291 2784 31,
1307 2748 1353 2777 36.
1370 2750 1397 2777 1:
1416 2749 1513 2785 Troy-

198 2788 269 2808 ano.
361 2780 400 2808 31.
422 2782 447 2808 D
469 2782 498 2809 in
527 2790 641 2817 marg:
674 2782 718 2810 De
742 2782 900 2819 Gregorio
923 2791 984 2818 pro
1014 2783 1179 2819 Trayanoe
1206 2784 1267 2811 Iin
1293 2792 1406 2819 marg:
1436 2783 1510 2811 Gre-

199 2815 309 2850 gorius
328 2820 402 2844 orat
415 2825 475 2852 pro
492 2816 644 2847 Troiano.
717 2817 762 2851 34.
778 2818 823 2844 A:
844 2818 988 2854 ypocrisi.
1045 2818 1089 2846 35.
1111 2819 1138 2846 I:
1165 2819 1334 2846 custoditur
1354 2823 1381 2846 et
1400 2823 1512 2846 cetera.

269 2887 300 2918 7.
328 2877 350 2909 I.
378 2878 457 2909 Cor.
484 2878 570 2918 XIII,
600 2877 628 2909 5.
727 2879 779 2910 32.
808 2879 859 2910 Cf.
887 2880 936 2910 De
963 2879 1117 2910 Ecclesia
1144 2890 1176 2921 p.
1206 2880 1281 2913 531.

1357 2938 1371 2948 .,

1357 2952 1372 2970 .)
