2062 3276
189 259 270 293 470

208 1005 286 1032 How
308 1014 352 1032 we
373 1014 422 1033 ars:

235 1040 358 1068 blindcd
383 1041 420 1077 by

283 1076 375 1102 vices.

772 252 994 283 JOHANNIS
1015 252 1198 283 WYCLIF
1219 251 1473 282 SERMONUM
1551 238 1702 294 [SERMO
1725 248 1786 274 LX<

478 359 680 396 dominica
725 358 906 407 proxima
951 360 1158 407 quomodo
1211 357 1293 394 eius
1339 358 1515 393 defectus
1567 366 1623 392 est
1669 369 1788 393 causa

477 417 607 454 tocius
647 417 760 454 ruine
798 416 1001 465 religionis
1039 415 1267 453 christiane.
1320 415 1360 452 Si
1400 415 1504 451 enim
1552 416 1789 451 haberemus

477 488 547 524 pre
591 475 717 512 oculis
770 487 909 511 omnes
961 487 1085 523 penas
1129 487 1202 522 pro
1248 473 1527 521 peccatoribus
1570 472 1788 518 ordinatas,

478 533 613 570 omnia
647 533 792 581 gaudia
824 546 897 581 pro
931 533 1035 569 fideli
1071 532 1288 568 christiano
1313 531 1517 579 disposita,
1551 544 1630 567 non
1657 543 1790 567 curre-

477 604 610 628 remus
655 591 709 628 sic
758 603 849 628 cece
893 591 931 627 in
977 590 1253 639 precipucium
1308 599 1519 637 tamquam
1563 588 1822 625 iumentum5

478 662 616 687 cecum
641 649 786 686 stolida
811 649 981 685 audacia
1008 661 1171 685 currens
1195 649 1233 684 in
1256 649 1403 693 lacum,
1428 649 1522 683 dum
1548 659 1789 695 quocunque

478 707 663 744 allectivo
687 709 735 744 ad
762 706 1095 743 exhorbitandum
1121 719 1142 742 a
1165 706 1226 742 via
1251 706 1412 742 Domini
1437 705 1556 741 fuerit
1579 705 1788 752 agitatum.

478 767 593 802 Unde
637 766 667 801 si
713 766 811 801 tales
857 765 938 801 ceci
986 764 1178 812 prepositi
1219 765 1367 800 ducant
1406 776 1567 800 currum
1601 763 1672 799 Dei
1714 762 1789 799 exi-

479 832 607 860 stente
645 823 784 870 auriga
824 823 985 859 diabolo
1026 824 1162 858 decem
1205 822 1329 858 millia
1368 821 1407 857 in
1441 822 1597 858 foveam
1632 822 1787 858 cadent.

480 883 571 918 Ideo
596 894 686 917 cum
710 881 821 917 omni
847 880 1059 928 diligencia
1082 890 1138 916 est
1163 880 1259 916 fides
1283 879 1541 928 predicanda,
1567 889 1608 916 ut
1634 887 1790 916 moveat
1811 894 1848 915 10

482 952 621 976 carere
652 939 753 975 vicia
789 948 825 975 et
858 938 1047 986 prosequi
1081 938 1184 974 viam
1217 938 1425 974 virtutum.

539 999 638 1033 Sunt
671 1006 803 1033 autem
839 996 914 1033 tria
949 1009 1093 1044 genera
1126 995 1319 1032 viciorum
1348 995 1535 1032 cecancia
1559 997 1615 1041 (ut
1639 995 1790 1031 dictum

480 1065 537 1092 est
569 1055 785 1103 superius),
826 1054 976 1091 scilicet
1009 1054 1197 1102 superbia
1232 1054 1393 1099 diaboli,
1435 1053 1610 1090 avaricia
1652 1051 1789 1088 mundi

481 1123 517 1150 et
559 1114 745 1161 voluptas
791 1113 934 1149 carnis.
990 1112 1187 1160 Superbia
1233 1121 1358 1154 cecat,
1406 1112 1499 1160 quia
1545 1113 1593 1147 de
1638 1119 1790 1159 quanto

480 1171 568 1219 quis
601 1171 640 1206 in
673 1171 800 1207 oculis
833 1170 914 1206 suis
949 1180 1005 1207 est
1039 1170 1165 1206 alcior
1198 1172 1245 1206 de
1278 1179 1391 1206 tanto
1431 1179 1488 1206 est
1521 1171 1627 1217 apud
1662 1171 1788 1204 Deum
1811 1174 1847 1204 15

479 1229 591 1266 cuius
640 1229 789 1265 iudicio
835 1238 891 1265 est
936 1230 1123 1265 standum
1171 1228 1380 1264 abieccior.
1433 1227 1617 1264 Avaricia
1665 1236 1789 1273 cecat,

479 1287 573 1336 quia
613 1289 660 1323 de
699 1296 850 1335 quanto
890 1287 978 1335 quis
1020 1287 1211 1323 vertendo
1252 1288 1414 1322 dorsum
1449 1288 1533 1322 Deo
1562 1283 1565 1337 J
1595 1285 1791 1322 attencius

478 1344 736 1394 prosequitur
761 1347 864 1382 bona
888 1345 1058 1390 fortune,
1094 1346 1141 1381 de
1171 1354 1282 1381 tanto
1317 1346 1405 1392 plus
1439 1346 1487 1380 ab
1512 1357 1558 1381 eo
1582 1342 1791 1391 aufugiunt
1808 1341 1815 1345 ’

480 1413 516 1440 et
562 1404 752 1440 vertendo
801 1405 849 1440 ad
897 1402 1236 1451 proficiscendum
1283 1415 1419 1439 versus
1465 1403 1589 1438 solem
1636 1401 1791 1437 iusticie

480 1470 794 1509 consequuntur.
858 1464 1069 1497 Peccatum
1129 1461 1260 1497 carnis
1319 1469 1490 1506 excecat,
1551 1459 1644 1508 quia
1702 1460 1850 1495 loco20

480 1519 762 1556 delectacionis
804 1528 1084 1555 momentanee
1125 1519 1232 1555 ducit
1272 1519 1309 1554 in
1350 1531 1492 1566 penam
1535 1529 1690 1554 summe
1723 1517 1791 1552 tri-

478 1577 660 1614 stabilem
686 1586 744 1623 (ut
768 1586 877 1625 patet
901 1579 948 1613 de
973 1577 1092 1613 divite
1116 1578 1272 1624 sepulto
1296 1577 1336 1612 in
1360 1576 1515 1612 inferno
1532 1578 1636 1612 Luce
1652 1576 1789 1621 XV10).

480 1637 681 1672 Debemus
715 1648 808 1683 ergo
843 1635 1011 1671 scrutari
1046 1636 1171 1682 legem
1206 1634 1359 1682 peccati
1395 1643 1430 1670 et
1452 1633 1584 1681 gracie
1619 1642 1654 1669 et
1685 1633 1790 1669 inve—

478 1693 634 1730 niemus
652 1694 690 1729 in
707 1694 761 1729 eis
779 1693 1056 1730 conclusiones
1074 1693 1296 1736 mirabiles3
1313 1705 1405 1728 uam
1423 1693 1582 1728 Psalmo
1599 1692 1789 1737 CXVIH<>‚

486 1752 530 1787 18
566 1751 729 1788 dicitur:
771 1752 914 1787 Revela
948 1752 1078 1787 oculos
1111 1763 1213 1787 meos
1245 1758 1279 1786 et
1311 1750 1564 1786 considerabo
1598 1749 1789 1785 mirabilia
1809 1754 1844 1784 2?

479 1811 514 1844 in
548 1810 634 1859 Iege
665 1817 742 1845 tna.
778 1812 878 1845 Nam
913 1809 1074 1844 indubie
1107 1821 1180 1845 nec
1214 1821 1385 1856 persona
1415 1820 1486 1844 nec
1518 1806 1788 1844 communitas

479 1876 618 1915 peccat
642 1867 736 1915 quin
768 1867 1134 1915 proporcionaliter
1167 1879 1209 1902 ex
1243 1875 1331 1914 post
1365 1867 1460 1902 luat.
1496 1867 1610 1902 Unde
1635 1864 1789 1913 decepti

479 1938 616 1961 sumus
649 1925 870 1975 sencientes
900 1925 1146 1973 pruriginem
1171 1925 1423 1972 voluptatum
1449 1933 1484 1960 et
1509 1937 1589 1959 non
1612 1923 1790 1959 videntes

479 1992 691 2031 sequentes
735 1983 976 2019 infecciones
1021 1984 1245 2019 vulnerum.
1284 1984 1374 2018 Ysa.
1421 1982 1586 2018 dicitur:
1636 1982 1685 2017 Ve
1728 1982 1792 2029 qni

474 2042 674 2090 preclaris,
724 2054 846 2077 nonne
891 2049 926 2076 et
970 2042 1050 2090 ipse
1088 2041 1353 2090 predaberis?
1402 2042 1506 2076 Pene
1552 2052 1645 2087 ergo
1690 2051 1789 2087 quas
1807 2044 1848 2075 ’ἆυ

479 2111 648 2147 persone
686 2100 745 2135 rel
787 2099 1099 2135 communitates
1139 2098 1349 2135 incurrunt
1388 2107 1479 2134 sunt
1520 2096 1789 2134 communiter

480 2169 523 2193 ex
546 2157 721 2205 antiquis
746 2157 980 2193 criminibus
1004 2157 1210 2193 insanatis.
1246 2158 1445 2192 Debemus
1469 2164 1603 2192 autem
1628 2156 1788 2191 credere

189 2220 357 2254 Allthings
379 2229 464 2247 serve
480 2216 527 2250 de
560 2224 727 2262 peccato
761 2217 845 2251 Deo
878 2223 1034 2250 tantum
1070 2214 1274 2250 contrario
1308 2215 1414 2262 quod
1447 2226 1529 2249 non
1563 2222 1620 2249 est
1653 2212 1788 2260 aliqua

192 2255 216 2282 G
223 2256 262 2282 od
285 2260 391 2290 except
406 2255 462 2282 sin.

480 2285 540 2308 res
585 2285 704 2320 quam
751 2272 960 2308 nominare
1006 2285 1218 2320 possumus
1257 2272 1353 2320 quin
1392 2272 1451 2308 vel
1490 2271 1539 2307 sit
1579 2273 1684 2307 Deus
1728 2271 1789 2306 vel

479 2330 553 2366 sibi
592 2330 765 2367 serviens
811 2339 977 2378 excepto
1017 2331 1102 2366 solo
1143 2338 1322 2377 peccato.
1372 2331 1483 2366 Patet
1524 2329 1598 2365 sic:
1647 2327 1788 2364 Omnis
1805 2332 1845 2366 ‘55

479 2387 556 2424 alia
590 2401 650 2424 res
684 2397 740 2424 est
774 2397 931 2424 creator
963 2390 1022 2425 vel
1059 2397 1254 2431 creatura,
1297 2388 1336 2423 in
1368 2396 1524 2423 tantum
1568 2388 1675 2434 quod
1714 2399 1789 2422 nox

480 2455 517 2482 et
554 2447 718 2482 tenebre
762 2445 1001 2482 benedicunt
1035 2440 1222 2482 Domino.
1270 2447 1483 2482 Peccatum
1530 2453 1662 2482 autem
1709 2457 1790 2480 non

479 2512 608 2551 potest
643 2516 725 2540 esse
757 2504 832 2540 nisi
857 2506 940 2540 Deo
974 2503 1235 2550 contrarium,
1271 2512 1306 2540 et
1332 2503 1420 2539 ideo
1444 2516 1523 2539 non
1556 2511 1686 2551 potest
1716 2501 1790 2538 sibi

548 2635 575 2656 4.
598 2627 639 2653 l):
665 2626 753 2659 fideli
770 2627 941 2653 christiani.
1056 2635 1085 2659 4,
1107 2626 1130 2653 3.
1153 2627 1196 2653 A:
1224 2634 1392 2653 curremus:
1511 2633 1545 2653 11.
1563 2624 1611 2654 G:
1635 2625 1791 2660 persequi.

480 2662 519 2687 18.
548 2660 591 2688 G:
618 2662 837 2696 persequitum
866 2661 895 2688 ib
926 2662 972 2688 A:
1002 2661 1039 2687 ab
1065 2669 1100 2687 eo
1127 2662 1221 2687 deest.
1326 2668 1368 2695 ις).
1397 2661 1438 2687 A:
1472 2663 1503 2687 et
1525 2659 1670 2687 vertendo
1698 2659 1791 2686 deest.

479 2703 524 2722 20.
541 2696 584 2722 A:
605 2696 753 2730 st‘quilur.
816 2704 854 2722 21.
877 2696 948 2722 DC:
969 2695 1012 2722 ad
1028 2703 1149 2730 penam.
1211 2703 1246 2728 24
1281 2695 1323 2722 G.-
1348 2694 1449 2722 CXVI.
1512 2693 1554 2721 32.
1575 2696 1604 2722 A
1625 2694 1654 2720 in
1676 2702 1790 2728 marga

478 2731 510 2756 A.
539 2730 696 2757 Peccatum
717 2738 777 2757 non
799 2733 843 2757 est
860 2731 966 2765 aliqua
987 2738 1034 2757 res
1054 2738 1144 2764 quam
1164 2731 1327 2757 nominare
1344 2737 1516 2765 possumus.
1606 2728 1649 2756 35.
1671 2731 1715 2755 A:
1742 2736 1792 2755 ex-

478 2765 590 2796 tincta:
615 2765 657 2791 ib.
679 2766 705 2791 A
726 2765 754 2791 in
777 2773 891 2798 marg:
914 2774 935 2792 l.
1039 2764 1084 2790 ΒΓ).
1106 2766 1149 2791 A:
1171 2764 1200 2791 in
1222 2767 1336 2791 tantum
1348 2774 1357 2796 ς
1383 2764 1423 2791 ib,
1445 2765 1488 2791 A:
1510 2764 1594 2799 quod
1611 2771 1671 2790 non
1692 2763 1780 2790 twice

480 2798 522 2833 Ἐγ.
545 2799 617 2825 DG:
639 2802 739 2826 autem
760 2799 853 2826 dcc-st.
927 2798 970 2826 38.
993 2799 1037 2826 A:
1060 2802 1088 2826 e!
1107 2799 1199 2826 deest.

552 2882 603 2915 2⁴).
632 2872 673 2902 Is.
699 2871 846 2902 XXXIII.
873 2882 897 2901 1.

1808 1314 1870 1353 ‘342

1808 1267 1883 1297 Fol.

1877 1311 1889 1325 h

2024 2949 2032 2956 0

2055 3018 2062 3044 .·.
2042 2576 2062 2994 -3‘Aa.‹me--fias⁴;.-2.2
2052 2554 2056 2555 ¹
2054 2522 2062 2536 -
2058 2497 2062 2500 .
