2062 3276
215 274 267 307 40

229 1021 296 1049 The
317 1020 407 1048 sriars
428 1028 477 1047 are

236 1057 285 1083 the
306 1055 423 1083 leaders
445 1055 474 1082 in

241 1090 301 1118 this
323 1090 475 1118 mischief.

232 1368 318 1404 They
341 1368 488 1396 maiutaiu

240 1404 304 1431 that
324 1412 339 1430 a
383 1404 485 1432 relate.

253 1447 286 1465 as
307 1446 361 1465 suc
373 1447 393 1472 1,
415 1438 440 1465 is
461 1446 476 1464 a

241 1473 326 1500 chief
343 1473 483 1500 member

232 1507 267 1536 of
286 1508 335 1535 llic
356 1507 491 1535 Church.

235 1775 280 1801 As
300 1784 315 1802 a
336 1778 498 1809 corporate

235 1810 316 1845 body
338 1809 387 1836 the
408 1808 498 1836 sriars

270 1848 367 1871 assert
389 1843 461 1904 boli]

278 1882 412 1940 iggceisotfp
419 1887 468 1940 11ιὲ

296 1948 432 1976 Church.

798 270 1022 302 ,IOHANNIS
1041 270 1226 302 wchF
1245 270 1501 302 SERMONUM
1589 257 1741 315 [SERMO
1763 267 1815 296 lv-

503 378 688 427 scriptum
723 385 777 413 est
810 377 925 413 enim:
966 377 1089 413 Miclzi
1122 377 1287 413 vindicta
1321 384 1355 412 et
1388 389 1461 427 ego
1494 377 1719 413 retribuam.
1769 379 1816 414 Et

504 435 534 471 si
566 448 647 472 non
680 435 815 483 aliqua
848 434 1015 471 istarum
1049 434 1170 470 trium
1206 433 1504 471 evidenciarum
1540 443 1699 471 moveat
1738 448 1811 484 pro

509 495 582 530 hac
615 501 741 542 parte,
776 501 928 530 certum
963 501 1020 529 est
1053 493 1161 540 quod
1193 491 1403 540 utriusque
1426 493 1595 530 istorum
1619 505 1816 541 paparum

507 551 764 600 presumpcio
798 559 855 587 est
888 551 1004 599 plene
1028 549 1239 597 dyabolica
1264 558 1301 586 et
1325 550 1453 587 fidelis
1478 550 1617 599 populi
1641 551 1819 588 destruc-

505 609 598 646 tiva.
643 611 691 645 Et
725 621 814 645 cum
850 617 979 644 totum
1014 620 1136 656 genus
1171 609 1393 644 humanum
1433 608 1483 646 sit
1515 621 1594 645 una
1628 620 1816 656 persona,

506 668 609 704 sicut
642 676 679 704 et
712 670 795 705 tota
829 665 1010 712 ecclesia,
1050 674 1160 714 patet
1196 667 1303 714 quod
1337 665 1412 703 ista
1444 679 1617 715 persona
1649 666 1817 703 fratrum

506 736 587 762 tam
630 733 884 762 monstruosa
930 732 966 760 et
1004 733 1087 760 tam
1127 723 1167 760 in
1206 723 1337 760 verbis
1378 723 1453 761 sibi
1486 724 1583 773 ipsis
1617 724 1820 762 contraria

508 783 652 820 excitat
684 784 734 820 ad
772 781 1087 819 contradictoria
1132 790 1169 818 et
1214 785 1272 826 (ut
1314 782 1444 819 verbis
1489 782 1645 829 asserit)
1694 782 1820 819 credit

507 851 715 890 tamquam
766 840 886 877 fidem
937 839 1180 877 catholicam
1235 848 1390 887 partem
1444 853 1571 877 suam.
1625 842 1673 876 Et
1725 849 1819 877 tunc

508 899 671 936 indubie
705 898 780 935 ista
812 911 985 947 persona
1018 898 1186 935 fratrum
1222 897 1410 943 ostendit,
1458 900 1566 947 quod
1605 897 1653 934 sit
1693 898 1819 947 preci-

508 970 608 1006 puus
642 956 746 993 filius
780 965 919 993 satane
952 965 988 992 et
1023 955 1245 1004 discipulus
1278 956 1527 993 Antichristi.

565 1017 614 1051 Et
648 1015 740 1052 licet
775 1014 889 1050 multi
923 1013 989 1050 alii
1029 1014 1068 1050 in
1107 1013 1405 1051 christianismo
1445 1014 1616 1051 occiduo
1660 1013 1737 1050 sint
1781 1014 1821 1050 in

510 1075 650 1110 eadem
699 1072 1010 1121 dampnacione,
1064 1072 1207 1108 fratres
1258 1080 1394 1109 tamen
1442 1071 1654 1109 inicialiter
1701 1080 1821 1120 atque

508 1131 713 1180 precipue,
750 1143 839 1167 cum
876 1130 951 1179 ipsi
984 1129 1213 1178 specialiter
1237 1130 1415 1167 animent
1441 1139 1575 1179 partes
1599 1130 1822 1167 contrarias

510 1191 559 1226 ad
606 1190 709 1226 hanc
755 1201 930 1238 pugnam
977 1197 1013 1224 et
1058 1196 1240 1224 asserunt
1286 1200 1369 1225 esse
1414 1188 1533 1225 fidem
1580 1187 1820 1225 catholicam

511 1248 618 1296 quod
651 1260 769 1295 papa,
806 1246 886 1295 (qui
921 1254 978 1283 est
1000 1254 1114 1294 pater
1137 1247 1246 1294 suus)
1281 1245 1330 1282 sit
1354 1255 1474 1294 caput
1497 1246 1625 1283 tocius
1649 1246 1824 1283 militan-

512 1305 560 1342 tis
595 1305 772 1342 ecclesie.
810 1305 922 1342 Unde
954 1304 1110 1350 fratres,
1144 1312 1187 1340 ut
1211 1312 1376 1341 caveant
1401 1303 1563 1340 caucius
1588 1312 1824 1352 argumenta

514 1362 824 1400 christianorum
860 1362 900 1398 in
934 1362 1008 1398 ista
1044 1361 1225 1407 materia,
1272 1363 1544 1410 dampnarunt
1575 1371 1618 1398 ut
1651 1361 1822 1399 heresim

515 1421 554 1457 in
588 1434 659 1457 suo
693 1420 866 1457 concilio
888 1422 1150 1456 Terremotus
1175 1420 1283 1468 quod
1306 1420 1435 1456 solum
1460 1419 1723 1469 predestinati
1746 1419 1823 1456 sint

517 1487 649 1527 partes
682 1487 818 1516 sancte
853 1478 992 1515 matris
1025 1477 1204 1525 ecclesie,
1239 1490 1376 1525 ymmo
1410 1481 1467 1526 (ut
1506 1478 1706 1527 inquiunt)
1740 1477 1825 1526 qui-

518 1549 675 1586 cunque
708 1537 886 1585 prelatus
921 1536 1069 1572 electus
1103 1537 1323 1572 secundum
1358 1536 1462 1584 leges
1496 1537 1705 1582 humanas,
1745 1535 1824 1572 sive

517 1608 622 1644 papa
655 1594 735 1631 sive
769 1594 981 1643 episcopus
1014 1593 1094 1630 sive
1127 1594 1304 1642 prelatus
1337 1594 1450 1640 alius,
1497 1603 1554 1631 est
1587 1593 1823 1643 precipuum

519 1654 743 1690 membrum
783 1661 919 1689 sancte
961 1651 1099 1688 matris
1141 1651 1319 1689 ecclesie.
1365 1654 1413 1689 Et
1452 1652 1507 1689 sic
1546 1652 1621 1689 ista
1654 1664 1825 1701 persona

518 1712 685 1748 fratrum
721 1710 816 1747 dicit
850 1711 957 1759 quod
990 1719 1157 1758 uterque
1190 1710 1359 1746 istorum
1393 1723 1590 1759 paparum
1625 1719 1682 1747 est
1706 1719 1826 1758 caput

519 1778 655 1806 sancte
689 1768 830 1806 matris
865 1767 1043 1813 ecclesie,
1078 1768 1170 1817 quia
1217 1769 1275 1815 (ut
1307 1769 1526 1805 secundum
1572 1777 1706 1817 partes
1750 1767 1826 1804 ista
1868 1771 1883 1802 5

519 1839 690 1876 persona
730 1836 985 1863 monstruosa
1024 1825 1169 1874 arguit)
1209 1834 1376 1874 uterque
1422 1827 1588 1863 istorum
1628 1839 1824 1875 paparum

519 1885 591 1921 fuit
631 1886 851 1922 secundum
892 1885 998 1932 leges
1039 1885 1234 1920 humanas
1273 1885 1421 1921 electus
1460 1884 1649 1933 legitime,
1696 1893 1733 1921 et
1771 1883 1826 1920 sic

520 1943 618 1980 fides
652 1943 816 1991 antiqua
851 1944 898 1979 de
931 1951 1069 1979 sancta
1092 1941 1260 1978 ecclesia
1284 1942 1482 1979 catholica
1506 1943 1827 1991 condempnatur

520 2010 556 2037 et
597 2001 695 2039 fides
740 2014 842 2037 nova
889 2000 1164 2037 antichristiva
1213 2000 1499 2047 catholicatur3
1549 2000 1661 2037 cuius
1707 2012 1826 2036 causa

519 2058 674 2095 videtur
706 2060 814 2107 apud
849 2058 945 2095 istos
977 2058 1182 2106 ypocritas
1216 2069 1299 2094 esse
1332 2059 1442 2095 talis:
1488 2059 1674 2095 laborant
1719 2057 1824 2094 enim
1843 2063 1857 2072 ”

232 2122 311 2150 This
332 2121 357 2148 is
378 2125 408 2148 to
430 2121 503 2160 keep
521 2118 569 2153 ad
604 2117 867 2154 colorandum
901 2129 1011 2153 suam
1048 2115 1218 2153 heresim
1258 2125 1466 2165 tamquam
1508 2116 1749 2153 catholicam
1790 2124 1826 2152 et

251 2157 436 2183 themselves
456 2164 485 2182 m

245 2192 365 2225 favour,
386 2190 503 2218 which-

244 2234 314 2253 cver
335 2225 493 2253 succeeds.

521 2176 627 2223 quod
661 2174 739 2211 sint
772 2174 899 2211 sancti
933 2187 955 2211 a
988 2187 1058 2210 suo
1092 2182 1206 2222 patre
1246 2175 1339 2210 dum
1381 2175 1430 2210 ad
1470 2186 1636 2222 regnum
1675 2173 1827 2210 venerit

521 2231 760 2280 premiandi,
807 2232 898 2268 ideo
944 2231 1153 2280 implicant
1194 2243 1233 2267 se
1274 2231 1562 2279 cognacionern
1604 2232 1751 2268 habere
1791 2240 1827 2267 et

520 2290 756 2327 affinitatem
808 2303 895 2326 cum
948 2289 1108 2326 Christo
1157 2291 1525 2338 quomodocunque
1572 2289 1635 2326 hic
1682 2288 1827 2326 fuerint

520 2348 710 2396 superati.
746 2350 909 2384 Certum
944 2347 1103 2396 quidem
1140 2356 1196 2383 est
1230 2360 1272 2383 ex
1306 2348 1382 2384 fide
1415 2349 1522 2396 quod
1553 2360 1672 2384 omne
1704 2352 1858 2384 mem-⁰

1843 2351 1883 2384 ³5

521 2407 636 2441 bruni
671 2415 806 2442 sancte
841 2405 979 2442 matris
1015 2405 1180 2442 ecclesie
1223 2405 1322 2442 citra
1356 2405 1557 2442 Christum
1593 2414 1649 2442 est
1681 2417 1827 2454 sponsa

521 2463 668 2500 Christi
703 2472 739 2499 et
773 2464 843 2499 Dei
878 2463 981 2499 filius
1014 2462 1218 2511 specialis3
1254 2472 1289 2499 et
1324 2472 1476 2500 certum
1511 2472 1567 2500 est
1600 2464 1706 2512 quod
1740 2475 1827 2511 per-

519 2534 618 2558 sona
652 2521 820 2557 fratrum
856 2523 988 2569 quoad
1030 2522 1202 2558 alterum
1245 2521 1410 2558 istorum
1452 2534 1648 2570 paparum
1683 2520 1714 2557 si
1746 2533 1827 2557 non

587 2663 606 2681 1.
628 2654 710 2681 DEI:
733 2654 812 2681 enim
832 2654 930 2686 deest:
953 2655 992 2681 ib.
1015 2655 1055 2682 D:
1077 2655 1251 2682 vindictam.
1325 2664 1349 2682 2.
1373 2656 1413 2682 Ιὶε
1435 2658 1541 2682 movet.
1616 2663 1643 2687 o.
1665 2656 1710 2682 A:
1728 2653 1825 2689 fidem

518 2689 610 2716 deest.
680 2697 716 2716 12.
738 2689 782 2716 A:
803 2691 891 2721 sunt,·
910 2689 950 2716 ib.
972 2689 995 2716 E
1015 2689 1043 2716 in
1067 2698 1180 2724 marg.:
1202 2688 1328 2717 Fratres
1347 2690 1495 2725 suntfilii
1511 2687 1649 2717 sathan'e.
1718 2698 1759 2723 ¹4·
1780 2690 1823 2717 A:

517 2724 665 2751 animant.
748 2722 786 2750 18.
808 2724 832 2750 l)
854 2724 883 2751 in
906 2732 1020 2758 marg:
1049 2724 1250 2759 Dampnacio.
1330 2733 1376 2759 29.
1398 2726 1425 2751 1:
1454 2724 1613 2752 catholica.
1692 2724 1735 2751 32.
1756 2724 1824 2751 DE:

516 2759 618 2786 sancti
635 2759 735 2787 deest:
763 2758 802 2785 ib.
824 2758 867 2785 D:
888 2758 1068 2794 regendum.
1142 2758 1187 2793 34.
1210 2759 1278 2787 DE:
1307 2759 1488 2795 qsfinitates.
1561 2758 1601 2787 35.
1623 2759 1650 2786 1:
1677 2760 1825 2794 separati.

593 2852 643 2885 19·
669 2841 721 2873 Cf.
740 2842 837 2873 Fasc.
861 2842 933 2881 ziz„
962 2852 1038 2883 pag.
1058 2842 1248 2884 277—282.
1276 2843 1302 2874 lt
1328 2842 1496 2885 probably
1522 2842 1627 2874 refers
1652 2848 1687 2873 to
1716 2843 1826 2874 concl.

522 2888 610 2919 XVI.
637 2888 688 2929 (In
715 2887 802 2919 W.’s
828 2888 970 2929 opinion
997 2888 1078 2931 only
1105 2888 1264 2930 ‘presciti’
1290 2900 1380 2920 were
1408 2890 1441 2920 in
1468 2889 1589 2920 morta]
1617 2889 1695 2929 sin).

1837 610 1852 643 5

1841 910 1878 931 10

1844 1190 1878 1221 15

1845 1781 1859 1801 Ι)

1843 2073 1884 2094 30
