2062 3276
263 257 398 285 SERMO
421 249 589 301 XXXWLI
742 260 931 298 thR’m
962 260 1086 290 imus.
1784 252 1801 288 3
1818 265 1825 287 1
1845 265 1854 288 1

262 375 369 404 tatur
403 367 611 414 quomodo
645 374 779 402 tantus
813 364 1001 401 dominus
1046 373 1104 400 tot
1138 373 1174 400 et
1208 373 1319 401 tanta
1352 378 1493 412 passus
1526 366 1574 401 sit

262 436 400 461 amore
433 423 493 460 sui
526 423 734 460 liberando
768 435 857 459 eum
893 435 914 458 a
947 430 1005 458 tot
1040 422 1196 470 magnis
1238 421 1439 470 periculis,
1473 423 1575 459 sicut

263 495 306 519 ex
340 482 416 518 fide
457 481 658 518 credimus
703 480 907 518 Christum
952 492 1115 528 passum
1162 478 1281 516 fuisse
1326 493 1399 528 pro
1444 481 1574 526 nobis,

261 554 342 577 non
386 541 673 576 accenderetur
716 538 756 574 in
802 550 941 575 amore
985 551 1058 574 suo
1099 539 1148 574 ad
1182 539 1573 586 recompensandum

229 598 335 635 5sibi
368 597 595 643 servicium,
628 596 857 645 specialiter
889 595 920 632 si
966 608 1008 632 ex
1054 595 1221 632 servicio
1268 596 1460 632 accrescit
1492 605 1574 633 tam

263 656 469 704 multiplex
501 655 674 692 bonum?
708 655 822 691 Unde
855 663 897 690 ut
929 666 1069 690 omnes
1093 653 1300 690 christiani
1333 654 1458 690 eciam
1484 654 1574 690 laici

261 723 429 751 noscant
476 726 635 750 sensum
683 711 889 760 evangelii,
935 711 1135 748 ordinavit
1181 711 1348 748 ecclesia
1381 721 1436 753 ut,
1480 714 1574 748 dum
1637 719 1819 758 Significant

261 772 407 820 legitur
439 771 572 820 passio
606 783 685 819 qua
718 770 899 807 Christus
945 782 1017 806 nos
1063 769 1245 812 redemit,
1288 771 1476 806 sacerdos
1521 771 1575 807 al-
1604 763 1852 825 &hergiosnlffigipyn

262 839 390 868 ternet
429 829 469 866 in
501 829 679 875 vocibus,
720 837 757 865 et
790 827 927 865 clerici
967 827 1054 864 aliis
1087 827 1208 875 signis
1248 827 1471 864 visibilibus
1503 827 1575 864 im-
1638 824 1810 888 “ssffliffffd

210 905 247 925 ιο
263 888 439 937 primant
478 900 636 924 sensum
672 886 879 935 evangelii,
920 895 961 922 ut
994 895 1103 934 patet
1143 887 1190 922 de
1224 898 1317 922 casu
1357 885 1577 922 sacerdotis

261 947 443 995 signante
483 954 652 982 mortem
688 944 850 989 Christi,
892 946 939 980 de
972 943 1164 980 scissione
1196 944 1270 980 veli
1303 944 1414 980 chori
1454 953 1490 980 et
1530 945 1577 980 de

262 1004 470 1042 ablacione
502 1003 833 1040 vestimentorum
868 1002 931 1039 die
965 1003 1207 1038 Parasceues
1240 1003 1287 1038 de
1320 1001 1450 1039 altari.

322 1064 521 1099 Debemus
555 1071 687 1098 autem
724 1074 766 1097 ex
801 1061 877 1097 fide
910 1059 1107 1108 scripture
1153 1061 1315 1096 credere
1355 1061 1463 1108 quod
1496 1073 1578 1096 non
1594 1069 1675 1109 iny
1697 1069 1823 1113 tjyhelp
1837 1069 1872 1096 or·

264 1130 386 1157 restat
418 1120 534 1156 nobis
558 1119 621 1156 via
654 1119 892 1155 defendendi
921 1131 995 1154 nos
1018 1120 1067 1154 ab
1098 1117 1278 1154 hostibus
1301 1118 1579 1166 spiritualibus
1594 1104 1728 1166 (ggffffitvg
1741 1112 1866 1165 ᾖξζῗζξᾏ]

211 1180 323 1216 15vel
378 1177 669 1226 corporalibus,
722 1177 797 1213 nisi
843 1190 886 1213 ex
937 1176 1128 1224 suffragio
1173 1175 1371 1224 passionis
1417 1173 1867 1235 Christi.¹¹7sslsslftsseclg‘331i¹¹

265 1236 395 1273 Nichil
428 1235 533 1272 enim
567 1237 654 1284 plus
687 1244 809 1272 terret
842 1236 1034 1271 demones
1073 1247 1146 1271 nec
1179 1234 1331 1283 aliquid
1365 1235 1453 1282 plus
1488 1218 1753 1282 con-‘ffamistly
1774 1218 1869 1269 aiudhb

264 1295 393 1331 fundit
427 1296 608 1331 membra
631 1293 795 1340 diaboli,
829 1294 955 1330 malos
980 1292 1175 1338 homines,
1209 1292 1249 1328 in
1281 1301 1436 1329 tantum
1471 1294 1581 1341 quod
1677 1277 1789 1314 bodny.

264 1366 345 1390 non
390 1362 448 1389 est
493 1351 790 1400 compossibile,
845 1352 953 1399 quod
1007 1350 1094 1399 quis
1147 1363 1297 1397 amore,
1352 1350 1581 1387 reverencia

265 1420 302 1448 et
335 1410 587 1447 confidencia
620 1411 811 1446 adhereat
844 1408 1047 1454 crucifixo,
1090 1421 1180 1445 cum
1216 1409 1290 1445 hoc
1324 1410 1432 1457 quod
1466 1421 1581 1457 supe-

209 1479 374 1506 mretur
418 1482 439 1506 a
480 1468 674 1505 hostibus.
722 1467 761 1504 Si
803 1467 907 1504 enim
953 1479 1100 1515 corpus
1139 1466 1351 1513 occiditur,
1397 1479 1486 1515 spes
1520 1480 1581 1503 ec-

265 1527 383 1564 clesie
428 1536 486 1564 est
531 1528 637 1575 quod
684 1535 724 1562 ut
769 1526 826 1562 sic
870 1525 1067 1573 gloriosus
1113 1525 1348 1573 triumphat,
1402 1525 1495 1572 quia
1540 1534 1581 1561 ut

265 1586 320 1622 sic
374 1585 565 1622 liberatus
616 1598 638 1621 a
684 1583 843 1620 miseria
897 1583 1012 1619 huius
1064 1583 1123 1619 vie
1180 1592 1237 1619 est
1283 1585 1365 1619 Deo
1417 1583 1581 1632 propin—

265 1644 383 1692 quior
421 1653 458 1679 et
497 1656 567 1691 per
600 1655 847 1691 consequens
886 1641 1077 1687 securior,
1119 1641 1267 1677 forcior
1301 1651 1337 1677 et
1370 1641 1582 1678 iocundior

265 1715 384 1750 quam
432 1702 532 1737 foret
565 1710 779 1749 superstes.
824 1702 871 1736 Et
905 1699 944 1736 in
983 1699 1058 1736 ista
1093 1699 1168 1736 fide
1207 1712 1347 1736 omnes
1387 1709 1582 1747 martyres

239 1761 470 1809 gsequendo
505 1759 723 1795 Dominum
758 1758 1073 1806 triumpharunt,
1109 1770 1197 1793 cum
1234 1771 1312 1805 quo
1342 1753 1346 1810 ἶ
1376 1757 1582 1805 triumpho

266 1828 457 1855 venerunt
491 1817 546 1854 eis
579 1817 729 1865 pariter
763 1816 899 1853 omnia
933 1817 1050 1854 bona.
1084 1818 1164 1852 Nec
1188 1825 1320 1863 potest
1355 1829 1439 1852 esse
1474 1829 1582 1851 mors

268 1876 475 1913 honestior
508 1888 628 1924 quam
670 1874 772 1911 mori
806 1874 846 1910 in
879 1887 1024 1922 campo
1070 1873 1295 1922 penitencie
1329 1887 1402 1921 pro
1437 1874 1512 1910 fide
1547 1883 1583 1910 et

268 1947 387 1971 causa
420 1933 567 1971 Christi
601 1942 638 1969 et
672 1937 728 1977 (ut
761 1942 960 1969 testantur
998 1931 1075 1968 vite
1116 1936 1355 1979 martyrum)
1389 1931 1583 1968 nullicubi

268 2002 325 2029 est
359 2005 467 2028 mors
501 1991 727 2037 iocundior,
768 1990 862 2039 quia
894 1990 1087 2026 nullicubi
1122 1999 1180 2026 est
1204 2002 1355 2026 merces
1390 1990 1582 2035 securior,

211 2057 253 2088 30
268 2064 358 2087 cum
395 2064 437 2087 ex
473 2050 549 2087 fide
575 2052 679 2086 Deus
712 2062 793 2085 non
828 2058 961 2097 potest
995 2048 1167 2085 deficere
1201 2061 1273 2084 suo
1309 2047 1424 2084 militi
1451 2048 1584 2084 taliter

267 2109 523 2145 occumbenti
569 2107 666 2156 quin
710 2107 904 2144 retribuet
950 2106 1023 2143 sibi
1071 2119 1142 2154 pro
1192 2116 1388 2154 perpetuo
1433 2115 1581 2142 terram

267 2167 507 2203 vivencium.
542 2168 596 2202 Ex
629 2178 709 2214 quo
734 2174 844 2214 patet
867 2166 976 2214 quod
1010 2164 1092 2201 ceci
1127 2173 1164 2201 et
1197 2164 1378 2200 infideles
1401 2173 1492 2200 sunt
1517 2163 1583 2212 qui

269 2225 434 2262 dimisso
474 2225 551 2261 isto
584 2236 712 2272 agone
752 2232 906 2260 certant
939 2235 1011 2272 pro
1046 2224 1197 2259 mundo
1230 2223 1290 2259 vel
1325 2222 1507 2268 homine;
1548 2231 1585 2258 et

269 2283 385 2319 istam
431 2283 534 2320 viam
585 2284 706 2318 modo
753 2281 934 2329 martyrii
980 2290 1140 2329 oportet
1186 2293 1327 2316 omnes
1371 2280 1585 2316 salvandos

213 2347 252 2379 35
269 2341 453 2387 transire,
493 2341 587 2390 quia
626 2341 833 2377 subeundo
873 2338 1141 2388 penitenciam
1187 2338 1288 2375 mori
1329 2351 1401 2386 pro
1436 2338 1584 2375 Christi

270 2399 444 2436 nomine.
479 2400 555 2436 Sed
581 2399 675 2448 quia
706 2411 847 2435 omnes
871 2397 1042 2434 dicimus
1075 2410 1148 2433 nos
1178 2396 1341 2444 diligere
1366 2396 1585 2442 Christum,

270 2457 359 2493 ideo
393 2467 514 2494 restat
548 2469 591 2493 ex
623 2457 736 2505 signo
761 2468 1003 2504 cognoscere
1026 2455 1057 2491 si
1081 2454 1138 2491 sic
1162 2454 1331 2491 facimus
1365 2454 1404 2490 in
1429 2454 1584 2499 effectu,

271 2517 379 2564 quod
414 2515 711 2552 evidentissime
736 2514 992 2562 cognoscitur
1024 2513 1131 2550 iuxta
1155 2513 1323 2549 tercium
1349 2512 1584 2560 principale,

342 2657 361 2676 1.
382 2649 454 2676 DC:
477 2651 579 2676 tantu-r
600 2649 690 2675 Deus.
746 2656 771 2676 2.
793 2648 896 2675 DGl-l:
914 2655 975 2683 pro
996 2648 1087 2675 laude
1106 2647 1163 2675 sui.
1221 2647 1245 2675 5.
1268 2647 1309 2674 D:
1331 2647 1496 2674 accesserit
1515 2649 1585 2673 tam.

271 2684 298 2711 ὁ.
329 2684 371 2711 H:
403 2687 436 2711 ut
460 2684 555 2710 deest.
628 2692 653 2719 γ.
682 2684 725 2711 G:
757 2684 899 2712 ordinat:
928 2683 968 2709 ib.
991 2682 1034 2709 H:
1065 2682 1135 2709 cium
1161 2682 1262 2714 deest;
1293 2681 1333 2709 ib.
1361 2682 1386 2709 l)
1414 2682 1442 2708 iu
1472 2689 1585 2714 marga

273 2719 432 2746 [hnninica
458 2719 489 2745 in
516 2717 626 2746 Palmis
652 2719 776 2746 cantari
800 2717 888 2745 debet
925 2718 1015 2744 'assio
1043 2718 1074 2744 in
1105 2717 1231 2744 ecclesia
1261 2717 1385 2744 vocibus
1413 2717 1586 2749 after-natm,

269 2755 415 2781 sacerdos
443 2753 530 2780 dehet
552 2753 674 2787 cadere,
704 2754 800 2780 velum
827 2753 892 2780 scin
917 2753 929 2780 ι’
950 2752 1035 2787 palle
1063 2752 1099 2779 dc
1130 2752 1230 2779 altari
1255 2751 1285 2778 in
1316 2751 1366 2778 else
1391 2751 1586 2777 I'arascenes.

271 2798 300 2823 ⁴.)-
324 2798 363 2816 ιω.
386 2789 430 2816 Ητ
458 2788 640 2822 lmprl'menl.
732 2796 770 2815 12.
797 2787 840 2814 H:
869 2788 898 2815 in
925 2788 984 2814 tite.
1077 2786 1117 2813 16.
1147 2787 1191 2814 A:
1217 2786 1349 2821 als-luis:
1377 2786 1420 2812 G:
1447 2784 1585 2820 aliquod.

272 2824 314 2852 23.
338 2824 378 2851 Ηε
409 2824 473 2850 Deo
492 2823 640 2850 securior.
714 2824 758 2849 28.
781 2822 823 2849 l-l:
845 2825 874 2849 el
895 2822 999 2850 deest:
1024 2821 1063 2848 ib.
1087 2821 1110 2847 Γ)
1132 2821 1161 2848 in
1185 2829 1297 2855 marg:
1326 2820 1388 2847 l'sle
1408 2823 1585 2853 martyrum.

272 2858 310 2886 31.
333 2859 375 2886 H:
398 2858 452 2893 qui
472 2858 638 2884 retribuet:
658 2857 697 2885 ib.
714 2857 755 2884 1›.·
773 2865 833 2892 pro
855 2858 949 2884 deest.
1005 2855 1048 2884 33.
1067 2856 1109 2883 G:
1132 2856 1179 2883 ivel
1197 2859 1324 2882 honore.
1381 2854 1426 2888 34.
1451 2855 1491 2881 U:
1513 2853 1588 2880 nudi

272 2895 433 2930 martyrio.
506 2891 520 2920 3
527 2901 553 2928 7.
575 2894 618 2920 A:
640 2901 699 2919 non
720 2895 824 2920 restat.
