2062 3276
194 264 266 300 1'2'2
766 267 990 301 JOHANle
1007 267 1191 300 WYCLIF
1212 266 1467 298 sERMONUM
1529 252 1680 310 [SERMO
1702 260 1783 289 xvt.

187 385 292 414 Christ
314 385 364 412 the
385 384 462 418 light
534 377 647 413 Unde
685 375 987 412 ordinacionem
1028 374 1100 410 Dei
1138 374 1335 422 propheta
1377 371 1599 420 exprimens
1638 370 1693 406 sic
1733 370 1785 406 ef-

210 421 246 449 of
262 420 313 448 the
333 419 442 447 world.
474 435 597 472 fatur:
631 434 736 470 Dedi
765 441 800 469 te
833 434 868 469 in
907 434 1028 469 lucem
1060 432 1253 482 gencium,
1286 438 1324 466 ut
1355 431 1408 466 sis
1439 430 1544 466 salus
1566 441 1648 464 mea
1673 440 1788 476 usque

475 494 526 529 ad
547 500 764 529 extremum
788 499 904 527 terre.
941 490 1122 526 Christus
1156 489 1260 526 enim
1294 489 1366 525 fuit
1399 486 1586 523 divinitus
1609 487 1673 522 lux
1694 498 1788 522 vera

477 564 553 600 que
597 550 798 586 illuminat
846 561 1007 586 omnem
1056 547 1261 584 hominem
1313 545 1538 583 venientem
1590 544 1630 580 in
1683 545 1788 580 hunc

476 609 686 655 mundum,
720 620 797 656 que
829 608 893 643 lux
925 606 997 643 fuit
1030 607 1166 642 lumen
1199 606 1248 642 ad
1280 603 1569 641 revelacionem
1604 602 1821 650 gencium5

479 669 538 715 (ut
570 666 717 703 dicitur
750 668 855 702 Luce
888 667 949 712 II).
996 666 1070 700 Per
1108 664 1239 712 ipsum
1279 663 1384 699 enim
1419 671 1533 710 pater
1564 669 1698 709 gentes
1731 659 1789 695 in-

476 725 582 762 venit
614 724 655 760 in
694 723 841 772 gracia,
882 724 949 759 sed
989 731 1026 758 et
1064 722 1148 770 ipse
1187 729 1322 770 gentes
1362 734 1384 757 a
1423 733 1463 757 se
1501 719 1597 767 ipsis
1636 717 1789 767 perdite

477 796 549 832 per
594 791 804 830 peccatum
853 793 892 817 se
940 780 1045 828 ipsas
1093 780 1133 816 in
1181 781 1255 816 hoc
1303 778 1453 815 lumine
1505 784 1788 825 cognoverunt.

479 840 658 878 Christus
693 849 825 876 autem
860 838 932 874 fuit
964 839 1069 874 salus
1110 837 1273 874 ecclesie
1311 850 1437 885 usque
1483 837 1532 872 ad
1572 844 1789 872 extremum

477 909 594 945 terre,
618 898 709 934 licet
731 898 772 934 in
797 897 929 933 medio
953 895 1179 933 habitabilis
1202 895 1251 931 sit
1266 904 1435 941 exortus,
1460 907 1549 931 cum
1572 893 1790 929 Jerusalem
1811 909 1849 930 10

478 957 527 993 sit
550 956 664 1005 quasi
685 956 727 992 in
749 964 885 992 centro
916 954 1166 1000 habitabilis3
1200 955 1305 990 unde
1330 953 1475 991 Psalm.
1503 953 1691 997 LXXIII⁰‚
1723 960 1790 986 12:

486 1016 679 1064 Operatus
712 1022 767 1050 est
798 1014 962 1050 salutem
996 1013 1031 1048 in
1065 1013 1189 1048 medio
1222 1020 1338 1048 terre.
1374 1013 1451 1048 Sed
1484 1023 1574 1047 cum
1607 1008 1790 1046 Christus

480 1073 530 1110 sit
563 1071 701 1109 omnia
733 1072 773 1108 in
806 1071 1006 1116 omnibus,
1055 1069 1250 1118 contingit
1282 1082 1352 1118 per
1385 1068 1641 1106 reflexionem
1676 1065 1793 1102 huius

480 1131 643 1168 luminis
676 1131 785 1179 quod
819 1130 999 1166 membra
1033 1141 1104 1165 sua
1149 1128 1316 1164 caritate
1360 1127 1401 1163 in
1438 1126 1538 1163 locis
1577 1125 1664 1162 aliis
1703 1124 1792 1173 plus

481 1190 688 1226 ardebant.
730 1189 808 1224 Sed
841 1187 942 1224 sicut
975 1187 1039 1222 lux
1071 1195 1108 1223 et
1140 1187 1277 1222 lumen
1310 1187 1358 1222 ab
1391 1185 1479 1233 ipsa
1513 1184 1679 1221 effluens
1713 1195 1792 1218 non
1814 1188 1850 1220 15

482 1256 573 1284 sunt
625 1246 795 1282 univoce
849 1244 1142 1293 comparabilia
1194 1253 1359 1292 propter
1418 1242 1676 1287 distanciam,
1737 1239 1793 1276 sic

481 1304 617 1353 gracia
648 1304 808 1340 unionis
844 1313 881 1340 et
913 1302 1048 1351 gracia
1082 1304 1130 1338 ab
1164 1301 1252 1350 ipso
1287 1314 1478 1338 emanans
1511 1300 1552 1336 in
1586 1298 1792 1343 membris,

483 1372 520 1400 et
552 1371 642 1411 post
675 1361 1000 1410 predicacionem
1035 1359 1183 1397 Christi
1228 1360 1268 1396 in
1312 1373 1352 1396 se
1398 1368 1434 1396 et
1479 1359 1559 1395 suis
1599 1356 1794 1406 apostolis

483 1433 598 1472 reges
644 1421 824 1456 viderunt
875 1419 1071 1456 miracula
1124 1427 1161 1455 et
1212 1418 1364 1454 lumine
1418 1417 1515 1453 fidei
1555 1415 1796 1452 intrinsecus

482 1480 709 1516 illustrante
737 1478 937 1528 principes
969 1484 1303 1513 consum-exerunt
1325 1484 1360 1512 et
1382 1476 1647 1511 adoraverunt
1670 1474 1795 1508 Deum
1814 1489 1855 1510 20

483 1546 654 1586 patrem,
701 1536 768 1585 qui
814 1537 864 1572 ad
909 1536 1146 1572 salvandum
1193 1547 1259 1571 eos
1305 1533 1423 1582 elegit
1454 1534 1631 1569 Verbum
1678 1543 1793 1567 suum

485 1608 528 1632 ex
560 1603 672 1632 tanta
705 1593 841 1642 gracia
874 1594 928 1630 ita
962 1593 1058 1642 pati.
1093 1594 1141 1629 Et
1175 1593 1335 1629 Psalmo
1370 1594 1436 1637 IIO,
1468 1604 1527 1637 10,
1560 1604 1598 1626 11
1630 1589 1796 1626 dicitur:

483 1654 536 1689 Et
568 1666 665 1688 nunc
698 1664 812 1702 reges
844 1652 1060 1701 intelligite,
1093 1651 1301 1686 erudimini
1331 1651 1394 1699 qui
1425 1649 1602 1685 iudicatis
1635 1655 1798 1684 terram,

486 1712 636 1748 Ser1¹ite
673 1711 842 1746 Domino
886 1710 921 1745 in
961 1710 1100 1745 timore
1138 1716 1172 1745 et
1210 1709 1383 1745 exultate
1421 1708 1455 1743 ei
1491 1720 1576 1743 cum
1616 1714 1797 1742 tremore.

487 1768 678 1814 Quamvis
713 1768 816 1804 enim
851 1780 963 1815 reges
995 1776 1192 1803 steterunt
1226 1768 1413 1803 adversus
1439 1765 1642 1801 Christum
1665 1764 1705 1800 in
1729 1776 1800 1800 sua
1817 1768 1856 1800 25

485 1827 672 1876 passione
706 1830 763 1871 (ut
796 1834 907 1874 patet
941 1826 1026 1861 Act.
1062 1827 1107 1860 III
1143 1834 1179 1861 et
1214 1826 1310 1870 VII),
1356 1834 1492 1861 tamen
1531 1823 1800 1859 invalescente

485 1886 568 1922 sole
614 1884 770 1920 iusticie
816 1896 935 1931 super
979 1892 1116 1931 gentes
1160 1883 1320 1919 fuerunt
1363 1895 1437 1930 pro
1482 1890 1595 1930 parte
1636 1879 1799 1917 Domini

486 1942 688 1992 potissimi
722 1942 963 1978 defensores.
1009 1942 1085 1977 Sed
1120 1941 1314 1988 dyabolus
1349 1939 1661 1977 Constantinum
1686 1939 1801 1974 sedu-

491 2014 582 2038 cens
618 2001 796 2037 dotando
830 1999 1039 2036 ecclesiam
1080 1999 1230 2035 viscum
1276 1998 1499 2034 immiscuit
1540 2009 1798 2034 venenosum.

286 2063 391 2091 Christ
552 2059 668 2096 Circa
701 2058 816 2094 istam
860 2057 1070 2105 epistolam
1118 2057 1324 2093 dubitatur
1368 2065 1502 2092 utrum
1538 2055 1719 2092 Christus
1764 2054 1803 2090 in
1819 2060 1861 2092 30

230 2097 443 2169 npglfgeggitfflc
495 2116 683 2154 membris
715 2116 796 2152 suis
829 2115 878 2151 sit
912 2128 982 2163 per
1015 2116 1212 2151 seculares
1246 2127 1454 2162 perversos
1499 2113 1625 2161 magis
1671 2124 1804 2161 perse-

212 2169 313 2230 cler-{g
332 2168 465 2238 11&be
493 2184 607 2212 cutus
640 2187 762 2222 quam
795 2185 865 2221 per
899 2172 1066 2209 clericos
1100 2173 1161 2209 vel
1200 2181 1378 2216 econtra,
1425 2181 1461 2208 et
1505 2171 1662 2208 videtur
1695 2171 1802 2219 quod

490 2246 585 2279 non,
619 2232 713 2281 quia
747 2230 880 2268 clerici
903 2239 994 2266 sunt
1025 2231 1168 2278 sagitte
1192 2230 1354 2266 Domini
1378 2232 1428 2266 ad
1451 2239 1641 2277 tyrannos
1666 2237 1803 2264 contra

491 2290 701 2328 ecclesiam
734 2289 971 2326 feriendum.
1006 2290 1232 2324 Membrum
1266 2301 1359 2337 ergo
1393 2287 1567 2324 nobilius
1590 2299 1671 2323 non
1695 2285 1804 2334 equi-

491 2350 595 2386 valet
627 2347 794 2384 brachio
828 2346 1039 2395 spirituali.
1821 2348 1860 2382 35

551 2409 593 2443 In
627 2405 858 2454 oppositum
893 2404 966 2441 sic:
1003 2404 1070 2440 ubi
1105 2406 1329 2440 membrum
1359 2404 1420 2440 vel
1443 2403 1679 2440 alimentum
1703 2403 1806 2438 foret

493 2466 540 2501 de
573 2477 643 2500 sua
676 2473 821 2500 natura
853 2462 1040 2508 nobilius,
1086 2462 1217 2510 ipsum
1259 2474 1489 2510 perversum
1531 2461 1582 2497 sit
1615 2459 1803 2497 deterius.

498 2523 575 2558 Sed
610 2531 762 2558 certum
799 2530 856 2558 est
889 2522 997 2569 quod
1031 2521 1157 2557 clerus
1197 2521 1314 2557 debet
1354 2532 1438 2556 esse
1478 2518 1643 2556 ecclesie
1683 2530 1805 2554 mem-

564 2644 591 2670 8.
612 2644 656 2670 A:
678 2643 809 2678 peccati.
935 2643 970 2670 15.
993 2643 1034 2669 D:
1061 2642 1158 2677 dide,-
1184 2641 1223 2668 E:
1252 2641 1375 2668 ardere.
1504 2649 1544 2669 10.
1567 2643 1611 2668 A:
1633 2641 1662 2668 ιἰι
1684 2640 1805 2668 lumine.

495 2686 541 2712 24.
564 2679 606 2705 A:
629 2678 659 2704 in
680 2678 790 2704 timore
810 2678 904 2704 deest.
1007 2677 1048 2705 95.
1071 2676 1138 2703 Dii:
1160 2677 1297 2711 quamvis
1315 2679 1424 2703 autem.
1518 2674 1572 2704 '3o.
1596 2676 1619 2703 E
1640 2676 1669 2702 in
1692 2683 1805 2709 marg:

496 2713 675 2741 Dubitacl’o:
701 2712 740 2739 ib.
763 2713 787 2739 D
808 2712 838 2739 in
861 2720 955 2747 marg.
977 2711 1048 2738 inf.:
1080 2711 1184 2737 Utrum
1207 2711 1347 2737 Clu-istus
1363 2710 1435 2745 fust
1454 2711 1525 2747 plus
1546 2713 1728 2746 persecutus
1750 2718 1809 2744 per

494 2748 651 2774 seculares
670 2746 718 2774 vel
730 2755 790 2781 per
808 2747 986 2781 spirituales
995 2756 1006 2779 ,·
1025 2748 1055 2773 et
1073 2745 1151 2773 idem
1171 2746 1274 2781 querit
1291 2753 1432 2772 Sermone
1450 2745 1600 2781 sequenti.
1678 2744 1716 2772 31.
1738 2744 1806 2771 DE:

492 2782 664 2845 ξεν-88851.
737 2781 999 2821 34.feriendum‚·
1024 2781 1063 2808 E:
1086 2780 1296 2817 sagittandmn
1316 2780 1346 2807 in
1367 2788 1482 2815 marg.;
1509 2781 1550 2808 ib.
1572 2779 1640 2807 DE:
1663 2778 1805 2807 nobilius,

515 2825 540 2853 7.
599 2824 845 2852 :perverszzrzwu

568 2899 596 2921 2.
624 2890 665 2921 Is.
690 2889 808 2929 XLIX,
834 2886 866 2919 ὁ.
967 2899 1015 2932 19.
1043 2889 1085 2922 ib.
1114 2898 1143 2930 7.
