2062 3276
180 253 259 298 408

252 1470 277 1498 3.
300 1471 379 1498 God.

228 1506 306 1534 This
327 1510 410 1534 must

758 257 982 289 JOHANNIS
1000 255 1186 287 wrcrtr
1205 256 1461 288 sERMONUM
1542 242 1694 300 [semro
1715 253 1777 281 ιιι.

467 365 560 414 quia
600 363 762 400 indubie
802 372 883 399 tota
923 361 1118 398 dissensio
1164 361 1267 397 inter
1311 374 1446 409 regna,
1494 374 1686 410 personas
1718 362 1778 398 vel

468 424 640 471 populos
674 431 730 458 est
765 429 929 469 propter
967 419 1268 468 frigescenciam
1310 419 1502 456 caritatis.
1548 419 1631 456 Nisi
1672 419 1776 456 enim

467 482 557 531 plus
591 492 819 517 amaremus
853 477 1096 527 temporalia
1130 487 1166 514 et
1200 479 1425 514 mundanos
1459 479 1646 522 honores,
1680 490 1778 513 nun-

468 551 588 588 quam
621 538 678 574 sic
711 539 761 574 ad
794 536 962 574 invicem
998 548 1286 584 pugnaremusg
1321 544 1357 572 et
1389 544 1519 572 totum
1544 535 1778 572 fundamen-

468 607 550 633 tum
607 595 753 632 erroris
802 604 859 631 est
911 595 1087 630 defectus
1141 594 1231 630 fidei
1285 595 1392 642 quod
1445 606 1525 629 non
1578 593 1812 630 credimusB

469 654 700 691 racionibus
734 663 771 690 et
804 652 921 689 dictis
967 652 1178 700 scripture,
1224 653 1292 688 sed
1338 651 1579 699 temporalia
1617 664 1694 699 que
1725 651 1779 687 vi-

469 715 608 749 demus
644 713 990 760 preponderamus
1031 709 1177 746 eternis
1211 723 1286 758 que
1320 709 1533 746 credimus.
1580 710 1780 746 Debemus

470 770 574 807 enim
610 771 770 806 credere
803 770 911 816 quod
945 768 1147 815 diligendo
1181 767 1365 804 inimicos
1406 780 1619 815 possumus
1658 766 1780 815 aptis—

469 829 567 865 sime
612 828 742 864 facere
787 826 940 863 amicos
978 826 1038 861 vel
1079 825 1133 861 eis
1180 826 1434 861 manentibus
1478 825 1517 861 in
1562 825 1779 861 inimicicia

469 900 539 923 sua
586 885 782 927 resistere,
833 897 923 920 curn
958 893 999 919 ut
1033 882 1088 919 sic
1134 885 1328 919 habemus
1362 886 1489 919 Deum
1536 893 1573 919 et
1617 884 1838 930 angelosm

470 944 674 981 adiutores
699 952 735 979 et
771 943 893 990 (quod
930 941 1148 978 maximum
1182 944 1254 986 est)
1287 950 1329 977 ut
1353 941 1408 977 sic
1433 953 1634 977 meremur
1658 940 1780 977 beati-

470 1001 664 1047 tudinem,
711 1000 952 1036 dimittendo
987 1001 1180 1035 honorem
1216 1008 1252 1035 et
1286 1008 1469 1048 questum
1516 998 1781 1035 mundialium

471 1073 542 1108 pro
576 1058 842 1101 beatitudine3
877 1067 913 1093 et
948 1070 1016 1105 per
1048 1057 1165 1093 istam
1191 1056 1294 1093 viam
1330 1058 1445 1093 docet
1479 1056 1677 1105 scriptura
1710 1069 1782 1092 nos

470 1119 640 1154 vincere.
665 1118 786 1153 Modo
808 1128 900 1152 vero
924 1115 1140 1151 infideliter
1163 1114 1369 1151 innitendo
1395 1116 1595 1151 mundane
1616 1114 1782 1151 victorie

470 1175 713 1212 destruimus
737 1187 810 1210 nos
844 1174 951 1221 ipsos
984 1171 1218 1209 altrinsecus
1241 1182 1284 1209 ut
1308 1174 1493 1217 molares,
1528 1172 1640 1209 cuius
1664 1185 1784 1209 causa
1804 1177 1839 1210 15

471 1244 527 1271 est
555 1234 664 1270 scola
688 1232 789 1280 regis
812 1231 1010 1280 superbie.
1044 1233 1091 1266 Et
1116 1240 1310 1279 quantum
1335 1233 1384 1267 ad
1407 1243 1650 1276 sermonem,
1675 1239 1784 1278 patet

471 1293 577 1340 quod
623 1292 814 1327 debemus
853 1302 967 1326 orare
1006 1301 1079 1337 pro
1119 1289 1450 1337 persequentibus
1483 1301 1569 1335 nos,
1616 1288 1709 1336 quia
1740 1297 1783 1324 ut

471 1350 526 1386 sic
571 1359 653 1386 tam
699 1348 812 1384 nobis
858 1360 978 1396 quam
1025 1347 1103 1382 illis
1152 1347 1384 1394 proficimus
1427 1356 1463 1383 et
1504 1346 1782 1383 maledicendo

471 1419 802 1455 unumquemque
835 1406 981 1441 frustra
1014 1404 1227 1441 officimus.

528 1465 672 1502 Tercio
706 1464 783 1500 dixi
817 1465 925 1512 quod
971 1472 1130 1510 oportet
1175 1462 1429 1499 caritativum
1464 1463 1707 1511 quandoque
1741 1474 1780 1498 se
1799 1477 1840 1498 πο

183 1541 270 1568 make
288 1550 324 1568 us
341 1524 602 1576 winingipsum
653 1534 850 1570 exponere
898 1529 1037 1557 contra
1085 1520 1332 1557 adversarios
1372 1520 1410 1556 in
1446 1533 1565 1557 causa
1597 1519 1781 1563 Domini3

183 1580 212 1603 ²0
233 1576 321 1603 incur
342 1577 457 1612 danger
472 1595 562 1618 cum
598 1580 701 1617 enim
749 1592 910 1616 necesse
945 1578 993 1614 sit
1028 1580 1153 1615 Deum
1202 1580 1349 1614 habere
1395 1578 1711 1615 contradictores
1744 1577 1783 1613 in

206 1611 254 1638 sor
274 1611 331 1638 His
355 1612 436 1639 sake.

470 1640 533 1676 via
567 1638 769 1683 continue,
811 1636 1064 1685 potissimum
1099 1635 1255 1684 signum
1290 1649 1368 1684 quo
1401 1637 1678 1672 ostenderetur
1711 1635 1783 1671 Dei

472 1696 640 1733 dileccio
685 1696 787 1732 foret
831 1694 1069 1731 adversariis
1102 1694 1197 1742 legis
1231 1706 1298 1730 sue
1337 1695 1555 1731 secundum
1596 1695 1701 1730 dona
1733 1694 1783 1729 ad

473 1756 547 1791 hoc
580 1753 746 1803 prestita
780 1754 944 1789 cordate
977 1752 1173 1788 resistere.
1209 1751 1306 1796 Quis
1331 1751 1434 1788 enirn
1460 1761 1597 1788 tenens
1622 1750 1840 1799 benigni25

474 1812 627 1848 domini
659 1811 796 1847 videns
829 1823 942 1847 arma
975 1823 1045 1846 sua
1079 1809 1305 1858 despective
1339 1822 1509 1856 reversa,
1542 1810 1669 1857 legem
1694 1822 1784 1857 sup-

472 1870 691 1918 peditatarn
726 1878 763 1905 et
796 1881 835 1905 se
868 1869 998 1916 ipsum
1033 1876 1309 1915 contemptum
1343 1881 1424 1904 non
1459 1877 1657 1904 excuteret
1691 1879 1712 1903 a
1745 1879 1784 1902 se

471 1928 698 1964 vecordiam
740 1935 859 1974 atque
902 1925 1116 1974 segniciem
1162 1935 1199 1961 et
1242 1925 1480 1962 adversariis
1528 1924 1680 1962 domini
1725 1924 1784 1960 sui

473 1987 690 2022 secundum
741 1996 858 2032 posse
903 1983 1116 2025 resisteret,
1165 1983 1391 2031 specialiter
1431 1983 1461 2019 si
1501 1985 1551 2020 ad
1593 1984 1667 2019 hoc
1711 1983 1783 2018 sub

473 2057 576 2092 pena
621 2042 855 2091 gravissima
900 2051 937 2078 et
984 2041 1137 2089 premio
1182 2041 1433 2089 amplissimo
1478 2040 1527 2077 sit
1572 2040 1842 2078 astrictus?30

475 2104 573 2138 Cum
610 2110 740 2137 autem
776 2099 924 2136 milicia
948 2099 996 2135 sit
1020 2099 1098 2135 vita
1123 2099 1295 2135 hominis
1329 2112 1447 2147 super
1479 2108 1641 2144 terram,
1676 2107 1784 2145 patet

476 2161 583 2207 quod
616 2167 774 2206 oportet
808 2169 969 2193 omnem
1004 2157 1264 2193 christianum
1300 2169 1383 2193 esse
1403 2156 1550 2193 Christi
1583 2165 1783 2192 tenentem

478 2227 514 2253 et
548 2230 663 2253 suum
709 2215 919 2251 dominum
966 2227 1055 2250 cum
1102 2214 1418 2250 circumstanciis
1463 2213 1653 2262 predictis
1694 2226 1785 2260 cog-

477 2287 653 2311 noscere.
689 2274 861 2318 Quando
886 2285 977 2320 ergo
1000 2272 1179 2308 videmus
1203 2271 1560 2320 omnipotenciam‚
1586 2271 1784 2307 iusticiam

478 2342 514 2369 et
547 2331 739 2368 iudicium
775 2330 923 2367 Christi
956 2343 1125 2369 reversa,
1172 2342 1247 2378 que
1280 2339 1369 2366 sunt
1402 2342 1513 2366 arma
1547 2342 1615 2365 sue
1648 2328 1787 2365 divini·
1803 2334 1841 2367 35

476 2390 582 2433 tatis,
617 2397 908 2437 paupertatem.
942 2387 1208 2424 humilitatem
1244 2397 1280 2424 et
1312 2387 1561 2435 pacienciam
1586 2399 1662 2435 que
1696 2395 1786 2422 sunt

476 2460 588 2484 arma
627 2460 695 2483 sue
735 2446 996 2483 humanitatis
1042 2458 1212 2491 reversa,
1246 2445 1276 2481 si
1310 2445 1482 2482 scintilla
1528 2444 1704 2482 caritatis
1736 2445 1785 2480 ad
1813 2484 1827 2490 q

476 2509 604 2543 Deum
637 2505 677 2541 in
711 2504 824 2541 nobis
872 2505 1060 2550 reluceat,
1109 2516 1189 2540 non
1233 2503 1379 2540 mirum
1413 2503 1443 2539 si
1477 2516 1548 2539 nos
1587 2498 1783 2553 viriliter}

477 2563 708 2612 exponimus
742 2575 785 2599 ex
817 2563 997 2599 adverso.
1031 2563 1080 2598 Et
1103 2574 1191 2598 cum
1227 2561 1456 2609 quicunque
1490 2560 1619 2609 diligit
1652 2571 1783 2608 regem
1802 2540 1864 2563 ³³³

546 2716 565 2735 1.
587 2707 764 2735 dissoluct'o.
829 2707 857 2734 6.
879 2706 951 2733 DG:
972 2707 1088 2734 scilicet
1105 2708 1143 2733 et.
1212 2714 1237 2739 7.
1253 2706 1297 2733 A:
1317 2706 1530 2741 ponderemus.
1596 2705 1623 2733 8.
1640 2704 1683 2732 G:
1705 2704 1788 2741 quod

476 2743 570 2770 deest.
643 2750 679 2769 12.
701 2744 744 2769 A:
767 2741 959 2769 mundanum.
1042 2740 1079 2768 13.
1100 2740 1174 2768 DG:
1195 2740 1289 2767 illam.
1371 2748 1412 2775 ¹9·
1433 2741 1476 2768 A:
1497 2740 1715 2779 undiquaque.
1733 2761 1739 2766 .
1755 2760 1760 2765 .
1778 2761 1784 2766 .

476 2778 594 2811 (lacuna
614 2777 643 2804 in
666 2777 746 2810 cod.)
767 2776 930 2811 oficimus.
1027 2784 1073 2803 20.
1095 2775 1119 2802 D
1141 2776 1171 2802 in
1194 2783 1306 2810 marg:
1327 2782 1374 2810 3⁰.
1466 2774 1507 2802 23.
1529 2775 1573 2802 A:
1615 2782 1667 2802 uza
1688 2777 1786 2801 osten-

476 2812 610 2839 deretur.
718 2812 760 2839 254
813 2811 856 2838 G:
878 2811 1080 2841 concordate.-
1104 2811 1148 2838 A:
1170 2809 1310 2837 cordata.
1424 2811 1470 2837 26.
1492 2811 1536 2837 A:
1562 2810 1594 2837 vi
1615 2817 1668 2836 ens
1687 2809 1784 2840 enim,-

476 2846 557 2908 PG}z
571 2847 650 2907 enitln
670 2845 764 2873 deest.
838 2844 882 2879 34.
900 2845 972 2873 DG:
993 2846 1094 2881 igitur
1107 2844 1242 2871 videmus
1257 2844 1321 2871 Dei.
1395 2842 1441 2871 36.
1462 2844 1504 2871 D:
1526 2846 1557 2871 et
1568 2844 1766 2871 humilitatem
1775 2853 1786 2876 ‚-

491 2884 519 2908 ):
561 2882 623 2908 umi
636 2880 719 2907 itate.
