2062 3276
249 260 384 289 sERMo
406 249 486 306 xx]
726 262 917 302 QUARTA
946 261 1072 293 mas.

250 371 289 407 in
323 370 407 418 lege
440 369 574 417 gracie
608 377 717 417 patet
751 370 799 404 de
833 367 994 404 Christo
1029 376 1193 404 auctore
1228 366 1430 411 omnium3
1480 366 1563 414 ipse

250 427 354 465 enim
400 427 508 463 dedit
553 427 746 463 tributum
794 425 919 462 cesari
964 425 1005 461 in
1050 438 1223 474 persona
1268 424 1446 473 propria,
1493 424 1565 460 dif-

251 485 376 523 finivit
410 487 517 534 quod
551 487 656 522 bona
689 483 835 521 cesaris
868 484 998 520 forent
1023 482 1096 519 sibi
1122 484 1255 519 danda
1279 491 1315 519 et
1339 496 1410 518 non
1435 483 1565 518 habuit

251 545 290 581 in
336 556 510 592 persona
556 555 626 579 sua
672 542 904 578 humanitus
959 542 1179 578 secundum
1235 540 1561 577 dominacionem

216 606 232 639 5
250 603 474 639 secularem
496 602 556 638 vel
581 600 786 649 tugurium
812 599 851 635 in
879 612 951 649 quo
975 607 1089 649 caput
1107 599 1315 649 proprium
1341 599 1562 636 reclinaret.

250 659 584 697 Dominacionem
620 667 753 696 autem
787 658 908 694 talem
943 657 1107 694 exclusit
1152 670 1173 693 a
1219 656 1388 702 clericis,
1434 665 1476 692 ut
1521 669 1564 693 ex

249 717 462 755 duodecim
497 717 650 765 legibus
684 725 806 765 patet,
849 725 930 752 tam
979 715 1018 751 in
1052 728 1157 752 novo
1191 728 1310 763 quam
1357 714 1397 751 in
1440 714 1563 750 veteri

249 784 504 813 testamento.
552 775 769 820 Quomodo
803 786 896 822 ergo
931 775 1059 811 clerus
1093 774 1212 810 audet
1245 772 1301 809 sic
1343 772 1416 809 sibi
1452 785 1564 808 usur-

249 847 344 883 pare
377 833 602 870 dominium
637 832 720 869 sine
754 831 923 869 licencia
957 831 1111 869 domini
1145 830 1355 879 capitalis?
1396 832 1560 867 Certum

196 907 233 927 10
249 892 411 941 quidem
453 900 510 928 est
545 893 652 940 quod
687 890 956 927 Antichristus
996 898 1165 938 usurpat
1205 889 1279 926 sibi
1319 898 1356 925 et
1396 888 1476 924 suis
1517 890 1564 924 de

248 950 378 999 regnis
432 950 571 986 mundi
624 962 645 986 a
698 958 838 986 satana
893 950 1001 997 quod
1048 947 1230 985 Christus
1282 946 1357 983 sibi
1403 955 1439 983 et
1485 946 1564 982 suis

250 1009 391 1047 Matth.
427 1010 513 1053 IV0)
550 1006 699 1045 assumi
734 1008 783 1044 ab
816 1007 904 1055 ipso
938 1006 1102 1043 diabolo
1136 1006 1344 1042 renuebat.

746 1168 940 1208 SERMO
974 1168 1065 1208 XX.

697 1236 843 1264 (Serm.
876 1235 1010 1262 Mixti
1043 1234 1121 1267 vn.)

194 1314 231 1346 15
306 1312 397 1362 Ego
431 1311 541 1360 quasi
572 1311 658 1347 vitis
679 1310 937 1360 fructificavi.
972 1308 1080 1346 Eccli
1113 1309 1271 1354 XXIV0‚
1307 1308 1373 1344 23.

308 1369 588 1406 Communiter
623 1368 833 1416 exponitur
866 1367 941 1405 ista
965 1367 1137 1415 epistola
1170 1375 1207 1403 et
1239 1365 1334 1403 satis
1368 1365 1565 1403 catholice

249 1429 297 1464 de
321 1427 535 1475 Sapiencia
568 1427 749 1463 increata
785 1438 860 1475 que
892 1426 1062 1474 loquens
1088 1424 1327 1473 enigmatice
1351 1433 1562 1472 comparat

251 1498 291 1523 se
326 1484 481 1522 mistice
515 1485 698 1534 pluribus
731 1483 946 1530 creaturis3
981 1492 1018 1520 et
1052 1496 1142 1520 cum
1176 1483 1253 1520 ista
1277 1482 1490 1531 Sapiencia
1514 1482 1564 1518 sit

248 1544 472 1589 incarnata,
514 1552 623 1592 patet
662 1544 770 1591 quod
811 1543 936 1579 multa
975 1543 1022 1578 de
1061 1541 1148 1590 ipsa
1189 1541 1296 1578 dicta
1336 1541 1563 1577 redundant

191 1614 232 1635 20
248 1603 288 1638 in
320 1603 515 1638 honorem
550 1601 676 1639 Marie
709 1610 746 1637 et
780 1609 946 1649 possunt
980 1601 1288 1649 quodammodo
1333 1598 1476 1647 exponi
1516 1599 1563 1635 de

248 1661 336 1709 ipsa
380 1658 545 1708 virgine,
592 1672 668 1708 que
713 1668 755 1694 ut
800 1658 933 1696 amica
979 1667 1036 1695 est
1081 1659 1182 1694 alter
1227 1658 1311 1706 ipse
1357 1666 1394 1694 et
1438 1655 1562 1705 ipsius

246 1719 374 1755 anima
411 1719 469 1764 (ut
503 1717 650 1754 dicitur
684 1719 790 1754 Luce
824 1719 885 1764 ΙΙ).
934 1719 1233 1765 prosequamur
1274 1728 1367 1763 ergo
1401 1728 1560 1752 sensum

246 1777 460 1814 verborum
508 1776 623 1812 huius
669 1775 850 1823 epistole,
897 1788 977 1824 quo
1022 1774 1201 1823 loquitur
1247 1773 1461 1822 Sapiencia
1506 1773 1562 1810 in-

249 1843 404 1872 creata:
450 1835 554 1885 Ego,
599 1833 742 1882 inquit,
788 1834 898 1882 quasi
936 1833 1022 1869 vitis
1049 1832 1298 1883 fructificavi
1333 1832 1561 1868 suavitatem

191 1895 230 1927 25
248 1892 392 1931 odoris.
428 1894 529 1929 Cum
565 1892 670 1929 enim
705 1893 844 1928 eadem
880 1890 1094 1940 Sapiencia
1128 1890 1223 1927 dicit
1255 1889 1343 1928 Joh.
1378 1891 1481 1935 XV0‚
1521 1890 1561 1926 5:

246 1952 338 2001 Ego
377 1963 461 1987 sum
496 1951 595 1997 vitis,
629 1963 696 1986 vos
722 1950 919 1999 palmares,
954 1957 1064 1997 patet
1097 1950 1205 1998 quod
1231 1949 1370 1985 eadem
1397 1947 1562 1996 Sapien-

248 2009 309 2046 cia
342 2008 604 2059 spiritualiter
637 2007 853 2044 fructificat
887 2007 1000 2056 quasi
1034 2006 1142 2053 vitis;
1191 2016 1227 2043 et
1262 2006 1355 2055 quia
1396 2006 1471 2043 ista
1505 2014 1562 2042 est

247 2067 467 2116 spiritualis
500 2065 765 2103 fructificacio
812 2078 884 2102 nec
929 2074 1061 2114 potest
1107 2077 1191 2101 esse
1236 2064 1339 2101 fetor
1381 2064 1562 2101 misticus

246 2127 307 2163 vel
342 2134 554 2175 peccatum
589 2126 657 2161 sed
692 2133 749 2161 est
782 2136 853 2172 per
885 2136 926 2160 se
959 2125 1060 2160 odor
1104 2123 1311 2169 virtutum,
1358 2123 1563 2171 signanter

190 2186 231 2217 30
247 2184 344 2221 dicit
367 2185 474 2233 quod
487 2183 751 2233 fructificavit
772 2183 1000 2219 suavitatem
1025 2182 1170 2218 odoris.
1206 2182 1374 2218 Constat
1398 2181 1562 2230 quidem

247 2244 355 2291 quod
388 2243 489 2279 odor
524 2241 669 2278 dicitur
714 2241 822 2278 fama
868 2240 1139 2277 communiter
1183 2239 1223 2275 in
1267 2239 1480 2288 scriptura,
1527 2248 1563 2276 et

249 2301 413 2349 quidam
447 2301 548 2336 odor
582 2309 639 2336 est
672 2301 778 2336 bona
809 2299 916 2336 fama
950 2307 987 2335 et
1020 2298 1121 2335 alius
1155 2297 1302 2335 dicitur
1332 2310 1416 2334 esse
1440 2298 1562 2343 fetor3

247 2360 353 2395 unde
385 2360 507 2396 Exod.
532 2360 599 2408 VO,
635 2368 705 2395 21:
744 2358 884 2394 Fetere
905 2357 1042 2406 fecisti
1073 2369 1140 2393 nos
1173 2369 1304 2393 coram
1341 2357 1558 2393 Pharaone.

247 2419 415 2454 Fructus
440 2425 572 2453 autem
598 2416 714 2453 huius
730 2415 940 2464 Sapiencie
965 2424 1022 2452 est
1045 2414 1272 2452 necessario
1297 2417 1424 2452 bonus
1448 2415 1561 2460 odor,

191 2474 337 2511 35ideo
372 2474 467 2511 dicit
489 2475 709 2523 Apostolus
744 2477 786 2510 ΙΙ.
813 2475 904 2511 Cor.
931 2476 974 2519 ΙΙ,
1008 2474 1095 2510 150:
1136 2473 1283 2509 Christi
1313 2474 1432 2510 honus
1464 2473 1563 2509 odor

247 2545 380 2570 sumus
411 2533 507 2569 Deo.

315 2655 338 2683 5.
360 2656 406 2684 A:
431 2654 608 2691 tigzcrrium.
682 2662 708 2688 7.
729 2654 769 2682 E:
792 2654 951 2682 duodecim
973 2654 1038 2689 (sic)
1060 2654 1154 2681 deest.
1228 2661 1269 2682 10.
1290 2655 1335 2681 A:
1359 2656 1488 2688 usurpat
1506 2653 1562 2680 sibl

246 2693 274 2717 et
291 2690 354 2717 suis
373 2689 470 2717 twice.
546 2697 578 2716 ιι.
600 2690 643 2716 A:
666 2689 749 2729 quod
767 2705 800 2709 —
818 2689 882 2716 suis
903 2689 997 2716 deest.
1073 2689 1107 2716 15.
1130 2689 1158 2716 A
1178 2688 1207 2716 in
1231 2697 1345 2724 marg.:
1367 2689 1474 2716 Sermo
1490 2687 1564 2721 XX,-

246 2724 270 2752 E
290 2724 320 2751 in
342 2733 456 2760 marg:
475 2722 571 2751 XVII.
594 2723 704 2751 Marze.
772 2724 811 2752 18.
835 2724 952 2752 Codd.:
974 2723 1034 2751 ista
1054 2724 1222 2751 sentencia.
1289 2723 1327 2752 31.
1349 2723 1374 2751 Ε
1394 2723 1423 2750 in
1446 2730 1560 2758 marg:

249 2759 336 2787 Odor
355 2760 386 2787 in
406 2759 573 2794 scriptura.

318 2842 347 2875 5.
375 2843 491 2874 Lucae
509 2843 562 2882 IX,
584 2841 636 2874 58.
737 2842 786 2874 15.
812 2842 942 2884 Epistle
970 2842 1021 2873 for
1045 2841 1103 2873 the
1122 2842 1272 2884 Nativity
1297 2841 1336 2873 of
1358 2840 1415 2872 the
1434 2841 1554 2882 Virgin

247 2890 352 2932 Mary.
449 2899 502 2930 24.
531 2889 644 2920 Lucae
663 2889 702 2928 II,
721 2888 773 2921 35.
863 2890 915 2922 33.
942 2889 1046 2921 Eccli.
1064 2889 1183 2928 XXIV,
1204 2889 1256 2921 23.
1348 2887 1401 2920 35.
1428 2887 1472 2919 ib.
1501 2897 1555 2928 24.

1777 253 1853 297 167

1602 1719 1786 1755 Exposition
1807 1721 1838 1747 ot

1604 1755 1653 1782 the
1673 1754 1781 1789 cpistle
1801 1763 1834 1782 as

1622 1797 1809 1828 concermng

1647 1829 1782 1851 increato

1596 1858 1742 1886 Wisdom
1763 1859 1782 1886 i.
1804 1867 1828 1886 e.

1659 1894 1773 1922 Christ.
