2062 3276
174 790 198 823 c)
220 789 241 815 Β
284 788 419 823 refusing

206 824 239 850 he
263 832 273 847 1
296 823 395 850 which

163 832 265 886 would
287 867 358 886 save
377 858 435 885 life.

166 1601 194 1628 A
210 1600 311 1627 leader
328 1600 440 1627 needed

169 1636 206 1671 by
227 1636 263 1662 al!
282 1636 351 1662 who
368 1636 442 1661 have

220 1678 239 1697 1.
262 1675 292 1696 to
313 1670 385 1703 right

247 1705 366 1740 against

228 1740 381 1769 euemies:

213 1783 237 1802 2.
259 1781 289 1802 10
311 1775 370 1802 lind
394 1784 409 1800 a

187 1810 314 1837 ditricult
337 1809 426 1844 path:

186 1844 210 1872 3.
233 1850 262 1871 to
285 1845 422 1878 navigate

217 1881 393 1909 danaerous

193 1915 348 1941 chauucls.
372 1914 418 1940 ΑΙΙ

170 1950 254 1976 these
271 1949 444 1976 difficulties

234 1984 323 2010 assai!
347 1992 381 2010 us

216 2019 400 2054 spiritually.

703 269 926 301 JOHANNIS
944 269 1128 300 WYCLIF
1148 268 1403 300 SERMONUM
1423 257 1576 310 [SERMO
1592 265 1758 293 XXXVIII.

451 378 575 413 eciam
613 377 777 424 dignum
810 375 939 412 occidi
979 374 1147 411 incurrit
1186 374 1442 422 dampnabile
1482 373 1759 424 homicidium,

451 449 541 472 cum
587 434 770 472 Christus
815 443 935 482 caput
988 433 1244 469 sacerdotum
1295 445 1377 469 non
1423 431 1595 468 exercuit
1639 433 1758 468 talem

450 503 599 530 actum.
648 494 738 529 Ideo
780 491 876 528 dicit
918 491 1135 540 Apostolus
1176 493 1211 526 1a
1250 490 1357 527 Tim.
1392 492 1477 536 1110,
1518 500 1554 535 2,
1593 490 1609 525 3
1654 491 1760 538 quod

450 559 602 601 oportet
634 551 868 601 episcopum,
912 549 952 586 id
986 558 1055 594 est,
1096 550 1346 585 sacerdotem
1387 560 1468 584 esse
1499 560 1571 584 non
1600 560 1761 597 percus-

449 621 589 648 sorem.
608 619 644 646 et
666 609 721 645 sic
744 608 869 645 laicus
892 607 1079 645 occidens
1095 619 1221 653 reum,
1239 608 1334 642 dum
1351 605 1484 642 deficit
1508 618 1529 642 a
1553 605 1761 642 caritativa
1779 607 1795 640 5

449 667 690 714 intencione,
713 676 756 703 ut
777 666 904 715 prosit
926 665 1058 702 occiso
1083 673 1119 702 et
1144 664 1260 702 matri
1284 663 1461 709 ecclesie,
1496 665 1544 701 ad
1569 664 1761 700 honorem

451 725 522 762 Dei
556 725 724 762 incurrit
758 724 1010 772 culpabiliter
1043 732 1176 759 actum
1211 721 1432 759 homicidii.

508 784 653 820 Tercio
679 783 798 819 modo
817 781 1010 830 privative
1034 781 1200 817 incurrit
1220 782 1340 817 homo
1358 781 1464 817 facto
1484 778 1761 824 homicidium,

452 851 494 878 ut
527 851 622 890 puta
655 842 815 890 quando
838 840 1022 876 faciendo
1055 852 1156 887 opus
1179 848 1408 875 extraneum
1443 837 1641 874 subtrahit
1673 838 1763 873 sub-

452 900 597 936 sidium
633 898 825 945 debitum,
867 897 1028 934 racione
1074 897 1185 933 cuius
1230 896 1520 933 subtraccionis
1559 894 1763 943 proximus
1785 909 1822 929 10

453 958 635 1001 moritur,
681 957 783 993 sicut
822 955 1006 993 absencia
1053 964 1172 991 naute
1211 964 1267 991 est
1306 967 1376 1002 per
1415 953 1599 990 accidens
1645 965 1764 989 causa

453 1015 768 1064 periclitacionis
801 1014 924 1059 navis,
965 1023 1003 1050 et
1035 1026 1176 1050 avarus
1215 1021 1272 1049 est
1311 1025 1382 1060 per
1421 1011 1605 1048 accidens
1645 1023 1765 1047 causa

455 1074 593 1111 mortis
617 1073 816 1122 pauperis.
852 1072 1074 1121 Diligamus
1098 1084 1192 1119 ergo
1215 1070 1407 1107 fabricam
1432 1069 1610 1115 artificis,
1642 1070 1765 1105 hono-

455 1145 587 1169 remus
633 1132 778 1168 milites
823 1144 915 1168 suos
960 1143 1059 1179 quos
1100 1131 1267 1178 deputat
1311 1129 1361 1165 ad
1401 1127 1625 1164 custodiam
1664 1126 1765 1163 servi

455 1191 513 1226 sui
547 1201 584 1227 et
615 1192 850 1226 decoremus
889 1201 1002 1225 arma
1034 1187 1241 1224 Trinitatis
1283 1186 1322 1222 in
1357 1186 1504 1232 anima,
1544 1194 1586 1221 ut
1618 1185 1678 1221 vel
1711 1184 1766 1221 sic
1786 1187 1822 1219 15

454 1249 714 1298 adquiramus
748 1247 1051 1284 beatitudinem.

882 1371 1077 1412 SERMO
1109 1371 1339 1411 XXXVIII.

514 1468 607 1507 Hoc
644 1469 780 1505 sentite
819 1469 854 1504 in
889 1468 992 1504 vobis
1032 1467 1134 1516 quod
1171 1474 1205 1502 et
1244 1467 1279 1501 in
1323 1465 1479 1502 Christo
1517 1466 1618 1501 Jesn.
1668 1464 1766 1500 Phil.

458 1531 524 1572 110,
562 1529 595 1563 5.

516 1588 557 1622 In
581 1585 751 1633 epistola
776 1584 969 1620 hodierna
995 1583 1069 1619 tria
1093 1595 1238 1629 genera
1260 1581 1588 1630 imperfectorum
1613 1580 1770 1628 reperio
1788 1593 1828 1613 20

458 1656 534 1692 que
567 1653 682 1691 egent
706 1644 805 1678 duce
837 1642 897 1678 vel
931 1640 1156 1689 capitaneo,
1190 1650 1231 1677 ut
1264 1640 1303 1676 in
1336 1648 1519 1687 optatum
1553 1638 1769 1675 terminum

462 1702 615 1738 reccius
649 1701 886 1748 dirigantur,
920 1699 1070 1736 scilicet
1104 1699 1385 1746 impugnantes
1425 1699 1557 1734 hostes
1591 1695 1770 1742 callidos,

461 1760 792 1807 transmigrantes
832 1767 986 1794 meatus
1026 1757 1160 1793 dex-ios
1203 1766 1240 1793 et
1279 1755 1508 1803 navigantes
1553 1754 1771 1791 amfractus

461 1818 691 1865 ambiguos,
730 1818 798 1853 sed
839 1829 928 1852 cum
969 1827 1087 1851 omne
1127 1815 1337 1863 corporale
1376 1813 1416 1850 in
1455 1813 1597 1849 effectu
1639 1811 1770 1848 multi-

461 1876 603 1924 plicius
636 1875 840 1911 reducitur
879 1876 927 1910 ad
960 1873 1168 1922 spirituale
1201 1871 1437 1920 simplicius,
1477 1880 1586 1919 patet
1619 1883 1661 1906 ex
1696 1870 1772 1905 fide
1789 1872 1828 1904 25

460 1935 568 1982 quod
603 1933 790 1970 dominus
828 1941 964 1968 noster
1001 1933 1113 1968 Jesus
1153 1930 1334 1967 Christus
1373 1930 1422 1965 sit
1461 1938 1581 1977 caput
1620 1937 1657 1964 et
1696 1928 1771 1963 dux

460 1992 640 2028 omnium
687 1991 902 2037 viatorum,
948 2002 1036 2026 cum
1078 2002 1158 2025 non
1197 1989 1246 2025 sit
1286 1988 1476 2037 possibile
1526 1998 1770 2035 quemquam

461 2051 666 2098 peccando
701 2049 870 2086 deficere
905 2048 979 2083 nisi
1016 2047 1276 2083 exorbitando
1310 2059 1332 2082 a
1368 2046 1503 2093 regula
1534 2057 1654 2093 quam
1689 2043 1772 2091 ipse

462 2107 634 2144 instituit
669 2116 705 2143 et
729 2107 768 2144 in
793 2107 935 2143 effectu
961 2114 1143 2154 patenter
1167 2104 1316 2142 docuit.
1352 2105 1452 2140 Sunt
1476 2112 1607 2140 autem
1634 2114 1773 2138 omnes

460 2166 612 2202 viantes
646 2165 810 2212 obligati
852 2166 985 2200 hostes
1024 2163 1286 2212 spiritualiter
1324 2162 1575 2210 impugnare,
1615 2169 1656 2195 ut
1691 2159 1831 2195 dia-30

462 2225 598 2260 bolum
617 2223 819 2264 oracione,
840 2234 1000 2258 carnem
1021 2220 1202 2269 corporis
1223 2219 1500 2257 maceracione
1520 2228 1556 2255 et
1577 2219 1772 2253 mundum

462 2281 747 2329 temporalium
783 2279 1058 2316 abdicacione.
1104 2280 1207 2315 Tota
1240 2278 1366 2315 eciam
1411 2277 1474 2313 via
1507 2275 1682 2312 hominis
1716 2283 1773 2311 est

463 2349 616 2376 meatus
666 2351 802 2375 versus
854 2337 1070 2374 terminum
1124 2337 1163 2372 in
1216 2349 1295 2384 quo
1340 2334 1536 2382 contingit
1584 2333 1773 2370 facillime

463 2400 665 2443 oberrare,
710 2397 770 2433 vel
810 2396 1008 2433 deviando
1047 2395 1106 2431 vel
1146 2394 1318 2431 ociando
1363 2394 1423 2429 vel
1467 2392 1773 2428 retrocedendo.

463 2457 635 2492 Mundus
669 2455 796 2492 eciam
831 2464 887 2491 est
922 2453 1033 2502 quasi
1070 2465 1178 2489 mare
1219 2464 1407 2499 magnum
1449 2461 1606 2487 tumens
1639 2461 1773 2497 super·
1791 2451 1830 2484 ³⁸¹5

534 2578 556 2604 3.
579 2578 622 2606 H:
645 2577 718 2604 dicit
736 2577 830 2604 deest.
904 2575 930 2608 3.
946 2586 973 2609 4.
995 2575 1039 2602 H:
1059 2574 1224 2610 Apostolus
1248 2575 1321 2601 tim.
1343 2573 1387 2601 III
1403 2576 1526 2609 oportet
1545 2572 1717 2607 episcopum
1737 2574 1774 2598 et.

463 2614 486 2640 5.
509 2613 552 2640 li:
581 2613 649 2639 dum
670 2612 750 2639 dum.
860 2619 886 2645 7.
908 2611 952 2638 H:
980 2610 1096 2643 incipit.
1206 2618 1235 2643 o.
1258 2617 1287 2636 10
1319 2609 1363 2636 H:
1392 2612 1425 2636 ut
1442 2624 1475 2627 —
1493 2607 1657 2634 subsidium
1677 2606 1773 2633 deest.

466 2649 505 2675 iti.
538 2647 581 2674 H:
615 2646 831 2674 beatitudinem
861 2646 973 2677 Amen;
1006 2644 1080 2672 DG:
1113 2644 1330 2671 beatitudinem
1358 2643 1400 2670 (hi
1427 2651 1515 2677 quam
1541 2641 1693 2677 perducat
1720 2645 1774 2667 etc.

466 2691 503 2717 17.
533 2682 574 2709 li:
604 2682 711 2708 Sermo
739 2681 817 2708 Jo'ns,
933 2687 978 2707 20.
1006 2680 1048 2707 A:
1077 2677 1115 2706 Et
1141 2679 1170 2706 in
1198 2679 1347 2713 epistolm·
1373 2679 1412 2705 ib.
1434 2680 1477 2705 A:
1504 2677 1654 2704 hodierna
1681 2675 1775 2702 deest.

465 2726 502 2744 21.
525 2717 549 2743 1)
571 2718 599 2743 iu
623 2724 736 2750 marga
763 2716 835 2743 Tria
854 2723 972 2751 genera
993 2714 1253 2749 imperfectorum.
1353 2713 1394 2740 25.
1416 2712 1519 2740 DGH:
1547 2712 1577 2738 in
1597 2710 1778 2745 spirituale:

466 2753 504 2778 ib.
528 2751 629 2778 mm:
650 2751 826 2785 simplicius.
901 2758 946 2784 21).
969 2750 1011 2776 A:
1035 2751 1065 2775 et
1082 2749 1176 2775 eciam
1197 2746 1315 2783 effectu.
1389 2746 1430 2774 32.
1452 2747 1476 2774 D
1498 2746 1527 2773 in
1549 2750 1648 2773 textu:
1669 2752 1775 2778 corpo-

466 2786 586 2813 ralium.
615 2786 646 2812 lu
670 2793 782 2819 marg:
810 2784 1034 2819 temporalium.
1108 2782 1148 2810 35.
1171 2784 1213 2810 A:
1235 2790 1377 2817 nmguum
1399 2783 1499 2815 deest;
1520 2781 1560 2807 ib.
1577 2779 1645 2807 Diu
1662 2787 1774 2812 marga

466 2820 596 2847 Mundus
616 2823 659 2847 est
678 2827 772 2846 mare.

542 2902 591 2934 ¹7·
618 2892 751 2933 Epistle
778 2891 829 2922 for
855 2891 952 2922 Palm
979 2891 1131 2932 Sunday.

2059 3203 2062 3210 .
2051 2971 2062 3174 *mundanum-1.
2057 2957 2060 2964 -
2059 2940 2062 2949 ..
2051 2917 2062 2933 .-
