2062 3276
195 271 245 305 26

217 507 356 534 Soldiers
377 507 434 533 live

208 541 358 577 wickedly
379 541 437 568 and

189 581 238 614 yet
261 581 367 611 expect
388 576 457 610 help

214 614 294 638 trom
316 619 436 646 prayer.

217 853 275 880 We
296 861 370 888 pray
392 857 442 879 too

198 888 288 915 much
311 887 357 914 for
379 895 459 914 merc

210 922 340 957 worldly
361 921 444 956 gifts,

193 957 293 984 which
315 965 383 991 ma)-
406 961 457 983 not

218 993 252 1019 bc
274 991 435 1025 blessings.

188 1662 248 1689 'We
262 1667 375 1689 cannot
394 1662 462 1697 help

190 1696 280 1732 being
303 1696 419 1726 subiect
433 1702 463 1724 to

774 276 998 307 JOHANNIS
1016 277 1200 308 WYCLIF
1220 276 1475 308 SERMONUM
1563 261 1715 319 [SERMO
1739 272 1788 300 ῙΠ-

483 383 674 429 medium,
708 394 780 418 nee
814 381 898 418 sine
932 382 1062 430 primo
1096 383 1265 419 alterum
1292 381 1553 430 reliquorum,
1589 394 1678 418 cum
1712 390 1789 418 stat

481 442 646 477 surdum
681 449 719 477 et
752 448 907 476 mutum
943 439 1148 476 meritorie
1182 452 1357 476 exorare.

538 500 615 535 Sed
649 497 815 535 ulterius
850 506 959 546 patet
981 510 1102 546 quam
1126 497 1354 534 inordinate
1378 496 1595 534 militantes
1618 498 1789 534 adorant

482 556 714 602 Dominum,
761 568 851 592 cum
896 555 1032 592 vivunt
1072 564 1108 592 et
1141 565 1263 604 agunt
1296 567 1508 604 perperam
1542 554 1788 592 intessanter

481 623 518 651 et
553 623 689 651 tamen
722 622 932 662 expectant
964 613 1170 650 oracionis
1203 613 1451 661 suffragium,
1496 622 1539 649 ut
1573 615 1677 649 Deus
1710 612 1787 649 illis

481 673 532 709 ad
563 680 700 708 votum
732 671 882 707 tribuat
904 672 1125 708 secundum
1149 672 1320 708 formam
1345 683 1466 720 quam
1490 683 1626 707 sensus
1650 683 1787 707 eorum

481 729 681 767 desiderat
714 728 919 777 premiari,
955 741 1045 766 cum
1080 738 1217 766 tamen
1249 742 1293 766 ex
1327 729 1404 765 fide
1427 728 1476 764 sit
1502 737 1655 765 certum
1681 729 1789 776 quod

482 787 890 836 proporcionabiliter
939 796 981 823 ut
1015 789 1120 823 Deus
1165 787 1272 824 videt
1317 785 1546 823 eternaliter
1589 785 1789 822 viantibus

483 846 708 882 mercedem
755 844 920 882 retribui
966 844 1020 881 eis
1066 846 1202 881 donat.
1248 846 1340 881 Ideo
1385 856 1477 892 sepe
1520 857 1683 881 oramus
1716 857 1789 892 pro

482 916 592 951 pace,
627 916 699 951 pro
732 902 912 948 victoria,
958 915 1031 951 pro
1075 902 1311 940 salubritate
1355 911 1392 939 et
1433 902 1648 939 serenitate
1687 901 1789 938 aeris

482 974 572 998 cum
607 960 723 1009 copia
757 970 861 998 terre
894 960 1170 1006 nascendum:
1204 970 1242 997 et
1275 969 1376 997 esset
1409 973 1502 1008 sepe
1533 959 1650 996 nobis
1683 960 1788 996 salu-

483 1019 591 1055 brius
637 1032 682 1055 ae
727 1018 979 1055 ordinacioni
1019 1018 1090 1055 Dei
1135 1018 1363 1067 placencius
1408 1019 1623 1055 emendare
1666 1017 1786 1054 vitam

482 1086 661 1114 nostram
696 1076 735 1112 in
760 1076 914 1123 melius,
949 1076 1234 1114 satisfaciendo
1257 1089 1330 1125 pro
1354 1076 1432 1112 illis
1456 1089 1532 1125 que
1557 1075 1790 1124 ignoranter

483 1134 750 1183 peccavimus.
797 1137 898 1183 Sepe
944 1135 1103 1184 quidem
1144 1134 1318 1183 petimus
1356 1134 1452 1171 talia
1491 1146 1567 1183 que
1604 1133 1790 1170 videntur

484 1193 599 1229 nobis
631 1205 839 1241 prospera,
885 1205 974 1229 cum
1014 1201 1149 1229 tamen
1189 1192 1364 1229 eveniret
1402 1192 1518 1229 nobis
1557 1191 1790 1240 prosperius

483 1251 579 1299 ipsis
613 1250 772 1288 omissis
802 1260 838 1287 et
862 1250 1065 1287 contrario
1088 1252 1325 1287 succedente
1348 1259 1390 1286 ut
1414 1250 1515 1287 aeris
1538 1249 1791 1285 turbulencia

484 1309 543 1345 vel
595 1308 831 1357 pestilencia
882 1309 944 1345 vel
991 1308 1167 1345 hostium
1212 1308 1394 1353 victoria,
1445 1307 1636 1345 sterilitas
1684 1315 1790 1343 terre

482 1365 739 1403 nascencium
779 1375 815 1403 et
859 1367 984 1403 multa
1021 1366 1169 1403 similia
1209 1379 1285 1415 que
1318 1365 1479 1403 odimus
1512 1366 1642 1402 forent
1673 1363 1789 1401 nobis

481 1424 608 1461 utilia.
643 1426 735 1461 Ideo
769 1424 958 1472 magister
991 1424 1167 1473 optimus
1199 1424 1338 1461 videns
1371 1437 1393 1460 a
1427 1423 1565 1460 mundi
1588 1421 1789 1471 principio

480 1495 605 1532 usque
630 1482 668 1518 in
693 1482 812 1519 finem
837 1491 1074 1519 cunctorum
1099 1482 1296 1528 ordinem,
1322 1483 1439 1518 docet
1462 1482 1603 1518 Matth.
1626 1482 1712 1525 VIO,
1745 1493 1789 1516 1o

480 1541 686 1589 quomodo
711 1541 903 1577 debemus
927 1540 967 1576 in
991 1540 1190 1589 peticione
1213 1540 1338 1577 tercia
1361 1539 1562 1576 oracionis
1587 1537 1789 1575 dominice

479 1599 535 1635 sic
569 1611 704 1635 orare:
728 1599 818 1634 Fiat
850 1599 1026 1635 voluntas
1057 1606 1135 1644 tua,
1166 1598 1263 1634 sicut
1295 1599 1330 1634 in
1363 1599 1443 1634 celo
1475 1605 1510 1634 et
1541 1598 1576 1633 in
1610 1604 1730 1634 terra.

538 1659 619 1693 Nec
653 1655 819 1692 dubium
854 1656 949 1705 quin
982 1657 1090 1693 nulla
1123 1655 1261 1692 oracio
1300 1655 1484 1704 specialis
1524 1656 1585 1691 vel
1624 1653 1789 1703 propria

191 1732 260 1758 (lod
276 1731 335 1758 and
352 1732 462 1759 should
481 1713 606 1762 magis
641 1723 836 1751 consonat
868 1713 1025 1750 viatori.
1072 1715 1243 1762 Oportet
1277 1713 1381 1750 enim
1415 1713 1582 1749 velimus
1615 1712 1789 1749 nolimus

190 1772 237 1794 trs*
257 1771 287 1793 to
304 1767 391 1793 make
406 1766 462 1793 His

210 1798 270 1828 <vill
292 1809 349 1828 our
369 1809 449 1828 own.

480 1771 676 1809 voluntati
710 1772 781 1808 Dei
816 1772 943 1808 subici
976 1781 1013 1808 et
1046 1771 1199 1820 precise
1233 1773 1280 1808 de
1313 1780 1425 1808 tanto
1459 1771 1498 1808 in
1531 1770 1788 1807 oracionibus

480 1829 596 1867 nobis
629 1830 827 1878 proficere
860 1839 1054 1879 quantum
1088 1829 1172 1878 ipse
1203 1829 1348 1866 viderit
1380 1828 1537 1866 iusticia
1570 1828 1722 1877 exigere
1752 1837 1789 1864 et

481 1901 553 1924 nos
587 1887 740 1936 dignos.
775 1889 868 1924 Ideo
902 1889 1093 1924 debemus
1125 1901 1198 1924 nos
1232 1887 1461 1924 execucioni
1490 1899 1559 1923 sue
1582 1885 1788 1922 humiliter

480 1959 551 1982 nos
585 1955 622 1982 et
654 1954 791 1982 nostra
825 1945 1079 1983 committere
1103 1955 1140 1982 et
1164 1945 1425 1983 conformiter
1449 1946 1499 1982 ad
1522 1945 1649 1992 legem
1674 1956 1785 1980 suam

480 2004 639 2041 assidue
671 2004 869 2040 laborare.
904 2007 985 2040 Nec
1020 2003 1159 2040 dubito
1193 2003 1289 2052 quin
1324 2002 1437 2039 multi
1469 2002 1509 2039 in
1532 2001 1788 2039 oracionibus

480 2061 560 2098 suis
594 2062 876 2110 blasphemant
909 2061 983 2098 sibi
1017 2061 1112 2110 ipsis
1147 2060 1338 2098 contrarii
1372 2069 1408 2097 et
1442 2059 1606 2097 ecclesie
1639 2058 1787 2097 Christi
1805 2062 1820 2094 '3

481 2119 624 2165 nocivi,
660 2132 750 2156 cum
785 2119 863 2156 sint
899 2119 1150 2168 beneplacito
1175 2119 1246 2156 Dei
1281 2118 1485 2156 contrarii.
1521 2119 1647 2154 Orant
1681 2117 1784 2154 enim

481 2190 553 2225 pro
586 2190 667 2215 uno
702 2179 810 2226 quod
845 2177 1061 2214 affectuose
1101 2177 1330 2214 desiderant
1373 2185 1409 2212 et
1455 2188 1548 2224 sepe
1593 2174 1788 2223 contingit

482 2238 607 2272 Deum
643 2236 741 2272 velle
774 2235 1027 2284 oppositum3
1062 2237 1169 2284 quod
1202 2244 1311 2283 patet
1335 2244 1417 2272 tam
1442 2246 1485 2271 ex
1509 2232 1786 2282 complecione

482 2293 615 2330 divina
656 2306 778 2342 quarn
826 2306 870 2330 ex
915 2293 1132 2330 affeccione
1175 2293 1375 2330 viatorum
1421 2291 1636 2329 contraria,
1691 2290 1787 2336 Quis

481 2350 585 2388 enim
621 2351 777 2388 dubitat
810 2351 906 2400 quin
939 2351 1080 2397 viator,
1115 2352 1250 2388 volens
1283 2350 1520 2399 simpliciter
1563 2350 1624 2386 vel
1668 2348 1812 2385 nimis.

481 2409 698 2446 affectuose
742 2409 910 2458 implere
963 2422 1078 2446 suum
1132 2408 1400 2458 propositum,
1454 2408 1704 2456 blasphemat
1748 2406 1787 2442 in

481 2467 684 2504 Christum
731 2476 767 2503 et
812 2476 1019 2516 tamquam
1065 2468 1166 2504 alter
1206 2467 1399 2515 dyabolus
1432 2474 1602 2514 temptat
1636 2465 1787 2501 Deum?

549 2691 574 2719 3.
603 2692 627 2719 l)
653 2692 682 2719 in
705 2701 800 2728 marg.
822 2693 893 2720 ins.:
926 2693 1038 2720 Melius
1064 2696 1108 2720 est
1132 2700 1226 2720 orare
1248 2693 1380 2727 primum
1402 2699 1462 2727 pro
1488 2691 1547 2719 vite
1572 2691 1789 2718 emendacione

480 2727 660 2762 quandoque
679 2735 766 2762 quam
788 2736 848 2762 pro
865 2735 943 2763 pace
963 2726 1172 2763 etsertilitate
1191 2730 1221 2754 et
1238 2727 1302 2754 alia
1320 2727 1546 2762 prosperitate;
1576 2726 1589 2753 I
1614 2725 1644 2753 in
1672 2733 1784 2760 marg:

482 2762 621 2789 Adorant
635 2761 795 2789 Dominum
817 2762 993 2789 inordinate
1011 2762 1065 2797 qui
1079 2769 1224 2797 perverse
1243 2761 1352 2788 vivunt.
1455 2769 1484 2794 4.
1505 2760 1533 2788 I:
1557 2767 1734 2796 perperam,
1754 2759 1788 2786 id

481 2799 534 2829 est,
550 2804 715 2831 perverse;
743 2796 767 2823 E
787 2796 816 2823 iu
840 2804 953 2831 marg:
980 2796 1116 2824 Viventes
1136 2796 1315 2823 inordinate
1334 2796 1414 2822 male
1436 2798 1537 2823 orant.
1661 2802 1689 2829 9.
1710 2793 1735 2821 E
1755 2793 1784 2821 in

481 2838 593 2866 marga
616 2829 695 2858 Nota
714 2831 771 2858 hic.
829 2839 869 2858 10.
890 2832 918 2859 I:
948 2834 978 2858 et
990 2839 1060 2866 pro.
1117 2839 1156 2866 17-
1176 2831 1221 2859 A:
1244 2830 1426 2865 pestilencia
1446 2829 1587 2857 hostium.
1643 2836 1689 2864 29.
1711 2828 1735 2856 E
1755 2828 1784 2855 in

480 2873 592 2904 marg:
626 2864 757 2928 Qut'aflcyzm
783 2869 908 2893 orantes
933 2865 1160 2902 blasphenzant;
1190 2865 1202 2893 1
1222 2865 1251 2892 in
1273 2873 1387 2900 marga
1417 2863 1634 2899 Blasplzemant
1651 2863 1738 2890 multi
1755 2863 1785 2891 in

477 2907 542 2929 suts
561 2907 703 2928 oracioni
725 2907 770 2927 us.

1811 914 1849 934 10

1812 1192 1847 1223 15

1805 2349 1843 2381 ‚33
