2062 3276
173 291 246 318 1⁷20
745 282 968 315 JOHANNIS
986 280 1171 314 WYCLIF
1191 279 1445 312 SERMONUM
1504 265 1657 324 [SERMO
1678 274 1762 303 XIV.

453 390 674 441 corporalis
702 391 762 427 vel
794 388 1010 438 spiritualis
1044 388 1170 436 magis
1203 387 1408 424 meritoria
1440 400 1560 435 quam
1595 388 1764 435 pseudo-

453 451 594 487 fratres
627 448 840 486 infideliter
872 447 1035 483 indubie
1068 446 1185 482 istam
1220 446 1388 493 fingunt.

222 520 290 548 The
309 520 382 556 only
511 510 592 544 Nec
624 507 738 544 video
772 505 867 554 quid
901 504 994 541 boni
1027 504 1120 541 facit
1152 504 1227 540 ista
1260 502 1509 550 blasphemia
1548 501 1623 538 nisi
1657 502 1765 550 quod

165 555 631 618 Sffisspffiotssfiffflverificat
675 573 823 601 textum
869 562 1051 610 Apostoli
1096 563 1204 609 quod
1247 560 1515 597 Antichristus
1568 559 1766 596 extollitur

186 625 238 653 1¹¹0
258 624 416 663 prophecy
453 636 574 672 super
617 622 836 660 Christum.
882 622 968 668 Ipse
1013 619 1118 656 enim
1164 622 1221 664 (ut
1266 618 1469 667 inquiunt)
1515 626 1572 654 est
1625 618 1799 665 dignus5

208 667 396 695 concermng
723 680 730 686 .
883 678 890 684 .
928 678 934 684 .
1096 677 1102 683 .
1267 676 1273 682 .
1296 677 1302 682 .
1563 675 1570 681 .
1626 675 1633 681 .

209 694 393 723 Antichrist.
454 683 600 718 habere
623 693 760 717 omnia
783 680 963 715 domlnla
986 687 1070 714 tarn
1094 690 1135 713 1n
1169 677 1382 714 mobilibus
1406 689 1527 725 quam
1561 689 1601 712 1n
1624 688 1767 712 immo—

454 739 598 776 bilibus
643 738 759 774 huius
813 736 971 782 mundi3
1025 737 1092 772 sed
1142 734 1323 771 Christus
1368 748 1449 771 non
1500 733 1573 770 fuit
1626 733 1768 781 dignus

454 796 687 834 humanitus
732 807 851 843 super
882 807 1007 830 unum
1041 793 1235 841 oppidum
1271 792 1483 838 dominari,
1529 791 1618 828 ideo
1651 790 1769 827 nimi-

455 868 542 891 rum
576 853 753 890 defensio
784 853 862 889 vite
895 851 1049 900 papalis
1082 860 1139 887 est
1184 850 1385 887 infinitum
1431 851 1520 899 plus
1565 848 1769 886 meritoria

454 926 575 961 quam
610 912 683 948 fuit
716 910 892 947 defensio
925 909 1003 946 vite
1037 908 1197 946 Christi.
1232 909 1323 945 Ideo
1357 908 1452 945 dicit
1485 907 1636 955 logicus
1660 908 1769 956 quod
1790 921 1828 942 10

455 984 545 1007 curn
579 969 787 1006 itineracio
820 968 894 1004 ista
927 967 975 1003 sit
1008 967 1209 1003 infinitum
1245 966 1462 1013 meritoria,
1508 965 1602 1014 quia
1635 965 1770 1013 aliqua

455 1037 568 1076 parte
614 1028 696 1064 eius
742 1026 944 1063 infinitum
991 1024 1218 1062 meritorios
1263 1034 1347 1061 tota
1399 1023 1623 1072 superfluit,
1678 1036 1768 1059 curn

455 1086 629 1134 quelibet
662 1085 745 1122 eius
777 1097 869 1133 pars
893 1096 963 1132 per
992 1096 1031 1120 se
1054 1083 1274 1128 sufficeret;
1308 1096 1400 1119 nam
1434 1082 1552 1127 (sicut
1574 1089 1770 1117 noverunt

454 1144 644 1192 theologi)
678 1143 852 1192 quelibet
892 1154 984 1189 pars
1028 1140 1293 1189 quantitativa
1338 1140 1415 1177 vite
1449 1139 1650 1176 meritorie
1683 1151 1770 1187 pre-

456 1201 642 1239 destinati
676 1210 733 1238 est
767 1200 885 1248 digna
919 1199 1166 1236 beatitudine
1200 1208 1236 1235 et
1260 1198 1520 1235 conformiter
1542 1206 1647 1233 secte
1680 1197 1772 1233 isto-
1793 1199 1827 1232 15

456 1273 544 1296 rum
597 1268 906 1308 procuratorum
960 1258 1076 1294 debet
1121 1256 1252 1293 dicere
1296 1257 1405 1304 quod
1454 1255 1628 1304 quelibet
1680 1267 1772 1303 pars

457 1317 574 1354 huius
627 1315 898 1354 itineracionis
944 1324 1001 1351 est
1047 1315 1166 1362 digna
1212 1314 1470 1351 absolucione
1517 1326 1538 1350 a
1587 1325 1690 1361 pena
1737 1320 1773 1348 et

459 1377 576 1424 culpa
610 1385 646 1412 et
679 1373 927 1412 beatitudine
960 1372 1217 1421 sempiterna.

166 1446 255 1482 They
276 1451 321 1474 set
341 1445 444 1480 limits:
515 1435 592 1471 Sed
634 1433 697 1470 hic
743 1432 868 1469 miror
913 1443 1036 1480 quare
1080 1430 1220 1467 dicunt
1264 1431 1372 1478 quod
1416 1442 1496 1466 non
1540 1428 1773 1465 itinerantes

181 1486 213 1509 to
234 1481 313 1509 their
333 1482 424 1509 offers

201 1521 233 1544 to
253 1521 408 1556 get-more

265 1559 346 1587 gam.
457 1564 539 1588 non
572 1551 776 1587 habebunt
809 1548 1035 1584 mercedem
1075 1546 1191 1583 istam
1233 1560 1305 1594 pro
1339 1545 1497 1582 modico
1531 1558 1621 1582 cum
1656 1546 1775 1581 dena-

457 1609 582 1646 riatus
615 1606 868 1655 indulgencie
901 1605 976 1642 illis
1009 1617 1090 1641 non
1124 1605 1254 1641 valeat
1277 1604 1483 1652 assignari.
1518 1605 1595 1640 Sed
1617 1611 1775 1651 oportet

457 1667 567 1715 quod
601 1666 809 1703 conferant
855 1664 1076 1700 secundum
1123 1672 1250 1699 ratam
1298 1662 1545 1710 porcionem,
1591 1670 1634 1697 ut
1679 1669 1775 1709 puta

457 1724 623 1761 terciam
669 1732 824 1772 partem
870 1720 1152 1770 possessioni33
1200 1721 1288 1769 plus
1334 1720 1438 1756 enim
1483 1720 1581 1756 tales
1633 1731 1775 1766 appre-

458 1782 615 1819 ciantur
648 1781 895 1818 numismata
927 1792 1048 1827 quam
1083 1780 1229 1815 bonam
1264 1778 1387 1815 animi
1419 1778 1680 1813 voluntatem.
1793 1780 1832 1812 25

254 1852 351 1880 Their
516 1839 721 1885 Similiter,
754 1839 910 1875 videtur
943 1837 1060 1873 istam
1094 1837 1338 1873 sentenciam
1387 1849 1408 1872 a
1453 1834 1641 1871 fratribus
1687 1847 1776 1882 pro-

170 1888 442 1958 Εῃέξζξὲὲἓξὲηῃ
460 1899 680 1946 mulgatam
700 1909 839 1945 sapere
864 1894 1169 1932 cathaclismum
1201 1893 1489 1931 satisfaccionis
1513 1906 1585 1941 pro
1609 1891 1776 1929 crimine

170 1958 550 1994 togoins1n111ng.cum
585 1964 682 2004 quot
711 1952 714 2007 Ι
745 1964 842 2002 quot
870 1953 1051 1990 homines
1075 1952 1164 2001 quis
1187 1952 1392 1997 occiderit,
1416 1960 1776 2000 quantumcunque
1794 1931 1873 2005 {⁰¹2

460 2017 544 2051 Deo
576 2014 636 2049 vel
659 2012 810 2049 homini
840 2010 1083 2048 indebitatus
1108 2010 1238 2050 fuerit,
1263 2010 1406 2046 virtute
1430 2009 1547 2045 huius
1570 2008 1777 2056 indulgen·
1794 2006 1803 2010 ”

462 2072 520 2109 cie
560 2071 729 2108 faciliter
767 2069 917 2106 absolvi
958 2068 1116 2116 poterit,
1157 2082 1292 2117 ymmo
1333 2066 1540 2115 supposito
1581 2068 1688 2115 quod
1721 2065 1777 2102 sic
1794 2070 1835 2103 30

461 2129 685 2178 peccaverit
717 2129 764 2164 de
797 2129 932 2164 futuro
965 2139 1055 2163 cum
1090 2127 1163 2163 hoc
1197 2136 1331 2162 tamen
1356 2127 1462 2173 quod
1487 2123 1778 2161 continuaverit

462 2185 833 2235 peregrinacionem
865 2194 901 2221 et
931 2185 1136 2221 absolutus
1170 2183 1287 2220 fuerit
1322 2182 1483 2220 habebit
1515 2183 1675 2230 plenam
1711 2183 1777 2218 ab-

462 2244 708 2281 solucionem
742 2256 787 2280 ac
814 2243 844 2279 si
878 2256 957 2279 non
991 2242 1228 2290 peccaverit.
1263 2243 1338 2278 Sed
1372 2241 1439 2277 ubi
1472 2253 1650 2288 unquam
1685 2241 1777 2276 data

462 2303 536 2339 fuit
569 2302 697 2338 maior
729 2300 931 2338 evidencia
965 2299 1249 2348 delinquendi?
1289 2299 1319 2335 si
1359 2298 1464 2335 enim
1505 2298 1682 2334 debiturn
1717 2310 1778 2334 ex-

464 2360 610 2408 cipitur
652 2360 753 2396 foret
798 2368 937 2407 patens
988 2357 1190 2394 evidencia
1235 2357 1357 2393 nichil
1402 2358 1452 2393 ad
1496 2369 1596 2404 opus
1640 2355 1776 2392 huius·
1795 2361 1833 2394 35

465 2417 572 2454 modi
596 2417 838 2462 conferendi,
873 2416 968 2464 quia
991 2425 1120 2452 totum
1145 2417 1252 2464 quod
1277 2415 1365 2464 quis
1389 2416 1506 2451 habet
1529 2427 1609 2451 non
1633 2413 1778 2450 sufficit

464 2475 691 2512 satisfacere
724 2488 796 2523 pro
830 2474 1063 2510 infidelitate
1096 2473 1135 2509 in
1170 2487 1291 2522 quam
1326 2472 1464 2509 incidit
1487 2472 1541 2508 sic
1565 2473 1776 2510 credendo.

522 2535 603 2569 Nec
625 2534 729 2570 valet
762 2532 893 2568 dicere
926 2533 1033 2580 quod
1067 2531 1323 2579 indulgencia
1356 2531 1485 2567 solum
1519 2530 1699 2578 loquitur
1730 2532 1777 2566 de

465 2600 630 2639 peccato
647 2590 850 2638 preterito,
867 2603 948 2627 non
963 2590 1110 2636 futuro,
1127 2589 1222 2637 quia
1238 2589 1325 2637 quis
1342 2587 1599 2637 pertransibit
1621 2597 1777 2625 tantum

537 2721 556 2739 1.
578 2712 647 2740 DE:
669 2713 767 2739 marris
788 2712 882 2739 deest.
955 2710 980 2739 3.
1002 2711 1025 2738 E
1045 2711 1074 2738 in
1096 2719 1209 2746 marg:
1232 2710 1322 2738 Nota.
1397 2718 1435 2738 21.
1456 2710 1480 2738 E
1500 2710 1530 2738 in
1551 2718 1665 2746 marg:
1687 2710 1776 2738 Nota.

467 2755 502 2775 11.
523 2747 592 2774 DE:
620 2755 685 2774 cum
706 2733 804 2775 cfeest:
833 2747 873 2774 ib.
895 2747 937 2774 A:
966 2746 1071 2781 aliqua
1092 2746 1186 2773 deest.
1268 2746 1302 2773 15.
1323 2747 1367 2773 A:
1396 2749 1490 2773 secta.
1564 2753 1606 2780 19.
1627 2746 1670 2773 A:
1698 2745 1781 2780 quod

467 2791 526 2810 non
548 2783 642 2809 deest.
705 2789 751 2808 20.
773 2781 842 2808 DE:
863 2782 922 2808 ista
944 2781 1038 2808 deest.
1102 2782 1148 2808 26.
1170 2780 1194 2808 E
1213 2781 1243 2807 in
1265 2788 1378 2815 marg:
1400 2779 1490 2808 Nota.
1552 2779 1598 2813 34.
1619 2781 1662 2807 A:
1686 2781 1778 2808 relin-

467 2816 588 2852 quendi.
663 2815 704 2844 35
724 2815 794 2844 DE:
825 2816 919 2843 nichil
938 2816 1032 2843 deest.
1106 2814 1150 2850 37.
1172 2815 1215 2842 D:
1242 2815 1318 2842 salis
1339 2816 1432 2842 deest.

536 2909 570 2940 4.
595 2899 619 2931 Ι.
639 2898 763 2931 Thess.
789 2899 827 2938 ΙΙ,
853 2909 885 2939 4.

457 1491 785 1542 peregrinacione
818 1490 893 1526 ista
926 1490 993 1526 sed
1027 1490 1076 1525 ad
1109 1488 1184 1525 iter
1216 1487 1492 1525 laborancium
1527 1487 1774 1524 conferentes
1792 1500 1832 1522 20

1841 1978 1855 1988 η

1815 1988 1856 2010 02
