2062 3276
198 259 271 295 130

225 1019 331 1046 Christ
350 1025 441 1045 never

259 1053 357 1081 l'eared
379 1058 409 1080 to

239 1090 358 1117 declare
377 1088 428 1115 the

287 1123 382 1150 truth.

212 1715 270 1743 We
291 1714 400 1743 should
422 1718 469 1740 act

203 1751 290 1778 when
308 1750 376 1789 God
398 1749 477 1776 wills

324 1790 356 1812 ln

209 2297 341 2326 Christ‘s
357 2295 482 2336 lnnnblc

284 2339 411 2360 serv1ce.

772 264 995 296 JOHANNIS
1012 263 1198 295 WYCLIF
1217 261 1473 294 SERMONUM
1536 247 1688 306 [SERMO
1707 258 1788 286 XVI-

479 369 603 407 tercio
649 370 818 407 maxime
862 370 902 406 in
947 369 1132 419 passione
1166 368 1326 409 Christi,
1368 368 1473 405 illius
1513 368 1674 404 nominis
1707 366 1791 416 suit

481 429 657 465 dominus
701 429 942 465 recordatus.
994 430 1027 464 A
1073 436 1253 475 tempore
1305 436 1438 464 autem
1487 439 1566 475 quo
1611 424 1792 463 Christus

480 486 687 535 predicare
720 496 879 535 ceperat
911 487 1041 536 posuit
1073 487 1180 522 Deus
1219 498 1260 522 os
1291 497 1400 521 suum
1441 492 1480 520 ut
1516 484 1695 535 gladium
1735 483 1791 519 bis

480 553 633 582 acutum
667 546 716 582 ad
748 553 914 593 peccata
936 544 1075 593 populi
1099 543 1449 593 prescindendum‚
1484 551 1520 579 et
1544 554 1634 578 curn
1657 540 1795 578 omnia

481 617 557 652 que
591 603 773 640 evenient
806 604 853 640 de
887 602 1121 639 necessitate
1166 601 1361 649 evenient,
1406 609 1516 650 patet
1550 601 1657 649 quod
1690 601 1828 636 Deus5

480 662 651 710 protexit
668 661 871 698 Christum
896 662 931 697 in
955 661 1091 696 umbra
1115 672 1250 696 manus
1272 672 1350 707 sue,
1375 672 1465 696 cum
1487 658 1618 707 primo
1634 658 1796 706 quando

480 720 605 757 voluit
638 719 710 755 fuit
744 728 883 766 captus
918 727 954 756 et
988 719 1108 755 modo
1141 731 1220 767 quo
1258 717 1385 754 voluit
1429 716 1640 754 cruciatus.
1687 715 1797 752 Sicut

483 791 575 826 ergo
607 778 664 814 vis
697 777 903 826 operativa
935 776 1007 813 Dei
1042 785 1099 813 est
1138 789 1274 812 manus
1305 788 1388 823 sua,
1421 775 1476 812 sic
1507 774 1564 812 vis
1598 772 1798 811 defensiva

482 837 718 872 subtrahens
752 835 1001 872 ferocitatem
1048 834 1221 871 hostium
1263 833 1409 870 dicitur
1447 834 1525 870 eius
1563 833 1714 878 umbra,
1757 830 1798 866 in

484 908 563 943 qua
606 895 748 930 umbra
793 896 898 930 Deus
939 893 1115 943 protegit
1160 892 1295 929 fideles
1343 904 1434 928 suos
1478 900 1522 927 ut
1570 889 1856 927 eternaliterxo

484 952 697 989 ordinavit.

543 1013 623 1047 Nec
669 1009 819 1045 dimisit
858 1008 1039 1046 Christus
1082 1008 1290 1046 veritatem
1336 1007 1574 1044 catholicam
1620 1005 1799 1043 hostibus

486 1069 565 1105 suis
599 1069 782 1116 detegere
826 1080 899 1116 pro
944 1067 1102 1113 timore⁷
1150 1080 1239 1103 cum
1286 1065 1358 1102 fuit
1403 1066 1547 1117 sagitta
1592 1065 1711 1101 electa
1757 1076 1800 1100 ex

487 1127 661 1163 millibus
700 1128 749 1162 ad
789 1125 960 1162 maxime
999 1125 1276 1162 auctoritative
1323 1133 1359 1160 et
1404 1132 1518 1161 acute
1551 1122 1800 1171 evangelium

485 1186 765 1236 sagittandum.
825 1183 1051 1220 penetravit
1105 1183 1209 1220 enim
1265 1183 1386 1219 corda
1438 1181 1617 1218 fidelium
1671 1189 1707 1217 et
1760 1182 1860 1216 ex15

487 1243 621 1279 multis
668 1255 713 1279 ac
757 1242 798 1278 in
843 1241 977 1278 multis
1023 1241 1208 1278 cordibus
1262 1240 1354 1277 fecit
1405 1253 1552 1288 aquam
1605 1237 1805 1287 sapiencie

488 1300 653 1338 revelari
688 1309 724 1337 et
756 1313 836 1337 non
869 1300 999 1336 solum
1033 1299 1277 1347 sapienciam
1323 1299 1391 1335 sed
1431 1297 1667 1346 sanguinem
1702 1309 1806 1332 mar-

486 1368 617 1407 tyrum
641 1358 732 1395 fecit
755 1359 804 1395 ad
829 1357 1131 1394 edificacionem
1156 1356 1319 1394 ecclesie
1344 1355 1520 1393 ebullire.
1545 1358 1592 1392 Et
1608 1354 1805 1404 sequitur:

490 1418 530 1453 In
558 1418 750 1466 pharetra
783 1429 850 1452 sua
884 1416 1081 1452 abscondit
1115 1428 1193 1460 me‚·
1225 1428 1315 1451 cum
1351 1414 1456 1451 enim
1479 1413 1617 1450 omnia
1648 1422 1806 1460 tempus

488 1477 648 1522 habent,
683 1474 784 1511 sicut
816 1473 922 1511 enim
947 1473 1126 1511 Christus
1158 1473 1231 1509 fuit
1263 1472 1303 1508 in
1334 1472 1583 1520 plenitudine
1615 1469 1808 1519 temporis
1824 1483 1865 1505 20

488 1533 733 1579 incarnatus,
779 1532 834 1569 sic
874 1532 914 1568 in
946 1541 1128 1580 tempore
1172 1530 1464 1579 congruissimo
1509 1529 1613 1578 cepit
1656 1529 1808 1578 populo

490 1591 696 1640 predicare
731 1600 767 1627 et
799 1590 896 1638 pati,
942 1589 1102 1627 interim
1151 1598 1283 1626 autem
1324 1588 1364 1625 in
1403 1588 1475 1625 Dei
1515 1589 1707 1638 pharetra
1754 1593 1809 1623 est

491 1651 707 1687 absconsus.

550 1709 604 1743 Ex
638 1720 717 1756 quo
750 1715 859 1755 patet
892 1707 1000 1754 quod
1030 1706 1130 1742 sicut
1153 1714 1312 1753 oportet
1336 1714 1494 1753 tempus
1518 1702 1810 1753 predicacionis

492 1766 547 1802 sic
581 1775 617 1802 et
650 1775 807 1813 tempus
840 1763 1037 1813 passionis
1085 1777 1130 1800 ac
1176 1773 1333 1812 tempus
1380 1763 1591 1799 cuiuslibet
1635 1763 1810 1798 humane
1826 1764 1866 1797 25

491 1823 745 1872 operacionis
778 1822 998 1871 prudencia
1030 1821 1217 1870 regulari,
1251 1831 1288 1858 et
1320 1821 1422 1857 sicut
1456 1820 1649 1869 contingit
1682 1818 1810 1856 homi-

492 1895 583 1918 nem
617 1882 657 1917 in
691 1890 873 1929 tempore
905 1889 1134 1928 opportuno
1168 1879 1207 1915 in
1242 1888 1352 1916 actus
1375 1879 1474 1915 tales
1498 1891 1721 1927 erumpere,
1755 1877 1811 1913 sic

493 1939 689 1987 contingit
722 1939 926 1975 hominem
962 1951 1005 1975 ex
1038 1937 1311 1974 taciturnitate
1343 1937 1504 1974 vecordi
1537 1946 1695 1985 tempus
1719 1948 1812 1972 con-

494 2011 636 2046 gruum
670 1997 874 2045 preterire.
910 1997 1002 2033 Ideo
1035 2005 1193 2044 oportet
1226 1995 1431 2032 hominem
1464 2004 1600 2032 sancte
1622 1994 1752 2031 vivere
1776 2001 1813 2030 et

495 2055 632 2092 ductui
678 2055 840 2103 spiritus
874 2054 945 2090 Dei
992 2055 1108 2102 plene
1153 2067 1194 2090 se
1239 2054 1501 2090 committere,
1548 2055 1661 2089 Tunc
1706 2051 1811 2088 enim
1829 2056 1870 2088 30

496 2113 705 2151 abscondit
729 2115 833 2149 Deus
868 2112 993 2148 filium
1017 2125 1132 2148 suum
1157 2112 1193 2147 in
1213 2113 1404 2161 pharetra
1430 2120 1467 2148 et
1489 2111 1619 2159 ipsum
1644 2108 1813 2147 extrahit

498 2185 587 2209 cum
621 2179 791 2220 oportet.
825 2169 934 2206 Alias
958 2179 1090 2207 autem
1115 2169 1380 2217 proprietates
1402 2169 1544 2218 sagitte
1569 2177 1605 2205 et
1627 2169 1814 2216 pharetre

496 2238 625 2278 potest
648 2229 857 2277 theologus
882 2229 931 2264 ad
956 2227 1158 2265 Christum
1185 2236 1220 2263 et
1246 2227 1327 2264 eius
1352 2227 1573 2275 discipulos
1596 2226 1812 2274 applicare.

556 2289 632 2325 Sed
656 2287 750 2336 quia
783 2295 941 2334 oportet
964 2287 1042 2322 tale
1066 2285 1137 2322 Dei
1160 2298 1356 2333 organum
1380 2298 1452 2333 pro
1475 2294 1657 2333 tempore
1680 2282 1814 2320 debito

499 2345 710 2392 consolari,
744 2344 834 2381 ideo
864 2344 1043 2392 sequitur
1075 2343 1115 2380 in
1148 2352 1253 2380 textu
1287 2344 1499 2391 prophete:
1533 2344 1678 2379 Servus
1710 2343 1871 2377 meus35

498 2417 536 2441 es
574 2411 613 2440 tu
652 2403 789 2446 Israel,
834 2403 919 2451 qnia
953 2402 988 2438 in
1027 2409 1062 2437 te
1092 2402 1310 2452 gloriabor.
1361 2400 1543 2438 Christus
1591 2399 1695 2437 enim
1741 2398 1815 2435 fuit

498 2463 717 2499 secundum
752 2459 1043 2496 humanitatem
1078 2472 1211 2496 servus
1244 2459 1315 2496 Dei
1357 2458 1605 2495 humillimus
1644 2471 1666 2494 a
1700 2456 1816 2493 mini-

499 2520 619 2556 sterio
654 2519 823 2556 maxime
863 2518 1030 2563 efficaci,
1075 2531 1155 2554 non
1200 2526 1333 2553 autem
1379 2529 1513 2553 servus
1557 2515 1710 2565 peccati
1754 2515 1816 2551 vel

499 2590 633 2614 servus
667 2576 792 2613 civilis
825 2577 892 2613 sed
924 2588 1058 2612 servus
1091 2574 1299 2611 ministerii
1332 2578 1389 2620 (ut
1421 2574 1518 2611 dicit
1549 2572 1813 2622 Ambrosius).

571 2708 597 2734 7.
618 2699 690 2727 AD:
711 2699 783 2735 fuit
801 2699 903 2733 ἀρθεὶς
932 2698 972 2726 ib.
994 2698 1111 2726 Codd.:
1138 2698 1191 2725 Sic
1209 2706 1298 2735 ergo.
1371 2697 1397 2726 8.
1419 2697 1444 2725 E
1462 2697 1493 2725 in
1514 2704 1629 2733 marg.:

1039 2732 1153 2795 Magius
1188 2778 1189 2781 Ἴ
1213 2749 1282 2777 Dm-¹

504 2811 543 2840 17.
565 2803 633 2832 DE:
655 2804 799 2831 revelare.
872 2811 918 2831 20.
940 2801 1008 2831 DE:
1029 2775 1223 2830 ciiiyiinrlczleest.
1295 2800 1340 2837 37,
1359 2800 1406 2830 38.
1425 2802 1471 2830 A:
1492 2801 1645 2829 ministro.

578 2898 603 2920 1.
630 2888 671 2920 Is.
698 2887 816 2927 XLIX,
842 2898 866 2928 1,
896 2897 924 2918 2.
1026 2897 1075 2930 19·
1102 2886 1146 2918 ib.
1175 2895 1204 2919 2.
1302 2885 1355 2919 35.
1382 2885 1426 2918 ib.

1455 2887 1472 2919 DJ

1477 2913 1484 2922 0
