2062 3276
269 245 404 273 sunnio
425 234 520 291 xxi]
743 245 934 285 QUARTA
962 244 1088 276 PARS.
1791 233 1862 269 185

269 354 446 391 remittat
478 352 624 390 vicarie
658 351 846 389 iniuriam
880 350 953 387 sibi
988 351 1150 394 factam,
1185 348 1260 385 nisi
1294 348 1358 385 ille
1391 348 1579 385 dominus

268 413 329 449 vel
362 413 484 448 homo
517 411 627 460 prius
661 410 716 447 sic
749 409 906 455 fecerit3
941 421 1034 456 ergo
1068 407 1195 443 multo
1221 406 1346 454 magis
1372 409 1476 443 Deus
1500 420 1579 442 non

268 479 399 519 potest
444 471 664 506 concedere
707 480 808 516 pape
851 466 1042 503 vicariam
1097 473 1339 513 potestatem
1388 463 1444 500 sic
1487 477 1580 500 con-

269 530 420 564 donare
455 528 525 564 Dei
560 526 761 571 iniuriam,
796 525 871 561 nisi
906 526 1012 560 Deus
1045 532 1162 560 antea
1194 522 1250 559 sic
1284 523 1498 559 condonet.
1533 525 1580 558 Et

236 586 533 625 §confirmatur
566 597 609 621 ex
642 585 717 621 hoc
751 584 859 632 quod
893 582 1003 619 illam
1039 580 1386 618 condonacionem
1421 589 1581 629 oportet

269 657 352 681 esse
387 643 458 680 Dei
490 642 732 680 volicionem
768 650 805 678 et
838 653 909 689 per
948 652 1199 688 consequens
1240 647 1419 675 eternam
1459 651 1580 687 quam

269 705 375 739 Deus
407 714 487 738 non
520 709 651 750 potest
685 699 990 736 communicare
1029 706 1210 734 creature
1242 709 1323 733 sue.
1365 698 1453 741 Qua
1487 709 1581 744 ergo

270 761 399 797 fronte
439 767 689 808 presumeret
721 756 993 794 Antichristus
1033 757 1141 804 quod
1180 756 1384 792 condonat
1418 754 1490 790 Dei
1524 754 1581 790 in—

270 818 415 855 iuriam
448 817 523 854 nisi
557 818 633 853 hoc
666 819 772 853 Deus
807 827 990 864 expresse
1022 813 1096 851 sibi
1129 812 1378 862 preceperit?
1418 821 1455 849 et
1487 821 1581 849 tunc

217 893 256 914 10
272 876 421 913 diceret
444 877 552 925 quod
576 877 682 911 Deus
715 874 771 911 sic
805 874 1008 910 condonat
1039 873 1101 909 vel
1134 871 1315 908 remittit.
1351 872 1452 907 Cum
1477 870 1581 906 enim

270 947 375 984 papa
407 933 447 970 in
479 933 625 970 talibus
664 931 930 980 indulgenciis
975 942 1108 967 errare
1148 929 1309 978 poterit,
1354 940 1427 965 nec
1466 930 1583 965 debet

272 993 361 1041 capi
399 1001 442 1028 ut
482 992 580 1028 fides
619 1003 691 1027 nec
731 999 774 1027 ut
813 990 1058 1039 sperandum
1104 1000 1233 1037 neque
1276 995 1319 1023 ut
1359 987 1581 1035 probabile.

272 1051 389 1097 Quod
413 1050 444 1086 si
467 1062 571 1098 papa
594 1048 796 1098 pretendit
819 1060 859 1085 se
883 1049 977 1084 dare
1001 1047 1099 1083 tales
1121 1044 1397 1094 indulgencias
1418 1054 1583 1093 propter

273 1121 434 1146 causam
469 1121 589 1157 quam
624 1107 785 1153 limitat,
819 1115 913 1143 tunc
947 1117 1109 1142 necesse
1144 1113 1202 1140 est
1235 1103 1343 1152 quod
1368 1105 1474 1140 Deus
1507 1104 1583 1139 hoc

218 1173 255 1206 15
271 1169 480 1216 approbet,
514 1165 608 1215 quia
640 1174 735 1202 tunc
768 1177 872 1214 papa
904 1172 1039 1213 posset
1071 1164 1122 1199 ad
1153 1171 1291 1199 votum
1316 1161 1388 1197 Dei
1421 1161 1584 1198 flectere

269 1226 517 1262 voluntatem
557 1225 646 1272 plus
685 1236 804 1272 quam
851 1222 986 1271 aliqua
1025 1229 1209 1259 creatura
1251 1227 1386 1268 posset
1428 1219 1584 1256 variare

269 1284 518 1320 voluntatem
565 1281 729 1318 alterius
768 1282 987 1318 secundum
1023 1280 1132 1328 quod
1172 1291 1277 1327 papa
1309 1290 1419 1314 suam
1455 1277 1583 1314 varia-

271 1341 372 1378 verit
404 1341 666 1378 voluntatem.
702 1340 779 1377 Sed
813 1338 907 1388 quid
941 1337 1217 1375 incredibilius
1250 1344 1319 1373 aut
1351 1335 1583 1372 blasfemius

271 1399 475 1436 hominem
510 1411 628 1447 super
661 1410 700 1434 se
733 1396 959 1434 assumere?
1006 1399 1143 1433 Posset
1187 1407 1280 1443 ergo
1314 1407 1418 1442 papa
1452 1393 1584 1430 dicere

188 1454 256 1495 '20
272 1459 319 1494 de
352 1457 420 1494 illo
455 1458 562 1506 quod
603 1455 677 1493 scit
715 1468 799 1493 esse
841 1454 1095 1492 meritorium
1129 1455 1176 1490 de
1210 1452 1282 1490 Dei
1315 1452 1582 1501 beneplacito,

272 1517 379 1565 quod
413 1515 444 1552 si
476 1515 583 1552 istud
618 1513 894 1563 compleveris,
919 1515 1025 1550 Deus
1049 1511 1121 1548 tibi
1145 1511 1339 1548 retribuet
1362 1511 1581 1547 secundum

272 1575 381 1623 quod
420 1573 493 1610 sibi
532 1572 743 1621 placuerit,
783 1573 851 1608 sed
893 1573 941 1609 ad
982 1579 1174 1621 quantam
1215 1581 1445 1606 mensuram
1480 1571 1585 1605 Deus

272 1640 447 1669 reservat
480 1631 554 1668 sibi
588 1630 797 1668 noticiam.

330 1692 378 1726 Et
411 1698 606 1738 quantum
641 1690 690 1725 ad
715 1688 903 1726 ficciones
928 1688 1094 1724 fratrum
1122 1686 1162 1723 in
1185 1686 1260 1723 ista
1284 1684 1453 1722 materia
1477 1685 1585 1733 quod
1610 1689 1726 1717 Friars’
1746 1688 1878 1717 fictions.

215 1753 256 1785 25
273 1751 378 1785 Deus
424 1747 585 1785 ordinat
628 1760 754 1796 papas
801 1746 1098 1795 dispensatores
1131 1746 1181 1781 ad
1219 1752 1357 1781 votum
1404 1742 1583 1779 omnium

273 1815 656 1854 supererogatorum
703 1805 938 1842 meritorum
980 1812 1213 1841 sanctorum
1247 1802 1287 1838 in
1319 1801 1463 1851 patria,
1509 1813 1585 1849 que

273 1878 362 1902 cum
403 1873 494 1901 sunt
533 1863 703 1909 infinita,
749 1876 854 1912 papa
899 1871 1031 1911 potest
1075 1861 1309 1910 dispensare
1343 1861 1390 1896 de
1424 1859 1500 1895 illis
1535 1860 1584 1895 ad

272 1922 445 1968 libitum,
486 1934 576 1959 cum
618 1923 694 1958 hoc
733 1930 868 1958 tamen
901 1921 1008 1969 quod
1042 1920 1254 1956 thesaurus
1287 1927 1493 1954 remaneat
1526 1916 1584 1953 in-

274 1980 420 2017 finitus.
456 1982 534 2017 Ista
567 1988 699 2016 autem
735 1978 996 2015 infundabilis
1020 1978 1189 2014 fratrum
1215 1975 1363 2013 ficticia
1387 1984 1443 2012 est
1467 1976 1584 2024 plena
1634 1979 1701 2008 The
1722 1979 1841 2019 blessed

216 2038 461 2085 3ostulticia‚
506 2037 639 2087 primo
684 2037 777 2085 quia
821 2037 930 2073 nulla
975 2045 1065 2073 sunt
1111 2035 1255 2072 merita
1293 2036 1504 2071 beatorum
1544 2033 1583 2070 in
1605 2016 1744 2078 ἓῇγῗῃὲῑῖ
1764 2019 1872 2078 ᾟξζξξξ

271 2096 414 2145 patria,
462 2109 551 2132 cum
598 2095 732 2132 omnia
780 2095 923 2131 merita
969 2107 1040 2131 sua
1074 2094 1113 2130 in
1144 2093 1208 2130 via
1251 2101 1343 2129 sunt
1385 2104 1499 2129 versa
1543 2091 1584 2128 in
1642 2085 1754 2149 255¹&sz
1774 2093 1844 2147 ffisso

272 2154 439 2203 premia.
487 2155 702 2200 Quomodo
748 2166 841 2201 ergo
887 2153 994 2201 capit
1028 2155 1133 2189 Deus
1177 2152 1239 2188 vel
1284 2150 1367 2187 eius
1411 2149 1583 2187 vicarius
1665 2155 1815 2183 rewardS.

272 2213 358 2262 ipsa
392 2212 535 2249 merita
568 2213 723 2248 donans
757 2211 981 2260 cuicunque
1014 2223 1118 2259 papa
1150 2208 1323 2246 voluerit
1354 2208 1440 2257 ipsa
1464 2208 1583 2245 dare?

330 2272 515 2307 Secundo
549 2279 658 2319 patet
691 2271 801 2318 quod
833 2282 907 2306 nec
932 2269 1074 2305 merita
1097 2281 1170 2305 nec
1193 2266 1349 2316 premia
1372 2268 1583 2304 beatorum

216 2328 312 2366 35in
345 2328 475 2377 patria
508 2337 598 2365 sunt
632 2327 746 2365 istius
779 2337 920 2364 nature
961 2328 1069 2376 quod
1102 2335 1270 2375 possunt
1303 2324 1390 2374 rapi
1425 2326 1473 2361 ab
1507 2324 1584 2361 illis
1611 2329 1739 2357 Neither
1759 2329 1874 2368 merits*

273 2396 309 2423 et
341 2386 520 2435 imprimi
559 2386 599 2422 in
632 2386 832 2422 mentibus
870 2385 1084 2430 viatorum,
1126 2384 1220 2433 quia
1258 2383 1338 2420 sive
1378 2383 1455 2419 sint
1480 2376 1584 2419 >sub·
1606 2373 1663 2428 {¹135
1678 2364 1871 2427 ζῗζζξζέζῗζ

272 2444 423 2481 stancie
468 2445 548 2481 sive
593 2444 825 2481 accidencia
876 2457 957 2480 non
1003 2451 1172 2492 possunt
1217 2442 1273 2479 sic
1318 2441 1492 2490 migrare
1537 2442 1584 2477 de
1635 2435 1846 2463 transferable.

273 2502 453 2539 subiecto
486 2502 526 2540 in
559 2503 798 2540 subiectum.
835 2504 883 2538 Et
916 2502 947 2538 si
981 2514 1086 2550 papa
1119 2513 1200 2537 non
1232 2508 1478 2537 transmutat
1511 2499 1586 2536 ista

273 2560 427 2609 premia
461 2560 501 2597 in
532 2560 686 2597 viantes
719 2562 787 2597 sed
821 2560 914 2597 facit
948 2561 1054 2609 quod
1080 2562 1186 2596 Deus
1219 2567 1403 2607 acceptat
1436 2557 1504 2594 illa
1537 2559 1585 2594 ad

341 2707 364 2735 5.
386 2707 410 2734 E
430 2707 459 2733 iu
483 2714 596 2740 marg:
621 2706 835 2739 Confirmacio.
915 2707 932 2733 (5
966 2706 1008 2732 A:
1037 2705 1236 2732 volucionem.
1319 2705 1344 2732 ὅ.
1367 2704 1451 2731 Hus:
1475 2712 1587 2739 presu-

273 2745 369 2769 meret
383 2749 477 2777 pvpa.
558 2748 586 2775 9.
608 2740 678 2768 DE:
704 2741 888 2768 Concesterl'l
906 2741 969 2767 sive
984 2740 1170 2775 preceperit.
1251 2747 1291 2767 10.
1314 2739 1383 2766 DE:
1411 2747 1476 2766 cum
1497 2746 1586 2774 erga.

274 2785 315 2808 κ).
336 2778 379 2804 Α;
402 2776 508 2803 Posset
525 2775 636 2813 debet..
695 2783 741 2809 24.
763 2776 787 2803 E
806 2777 835 2803 in
858 2784 973 2810 marg:
996 2775 1237 2807 Deficcionibus
1247 2774 1402 2810 fralrum.
1475 2774 1520 2800 28.
1542 2774 1585 2800 A:

272 2811 330 2838 hoc
350 2811 442 2838 deest.
517 2818 564 2844 29.
586 2810 610 2837 Ε
630 2818 659 2837 ιη
681 2818 794 2844 marga
824 2810 870 2838 De
880 2809 1068 2845 fiee-ionibus
1078 2809 1235 2844 fratrum.
1309 2808 1354 2836 30.
1376 2808 1400 2835 E
1421 2808 1449 2835 in
1472 2816 1586 2842 marg:

271 2845 464 2881 Psoposicio.
480 2854 501 2872 1.
570 2844 616 2878 34.
633 2844 657 2871 E
671 2844 701 2871 in
717 2853 831 2880 marg:
855 2853 880 2872 2.
949 2844 994 2872 36.
1018 2845 1059 2871 1›:
1081 2843 1265 2879 interprimi.
1338 2842 1385 2878 36,
1401 2842 1444 2877 35.
1460 2844 1504 2870 A:
1525 2851 1589 2870 sure

270 2884 341 2908 sunt
356 2880 539 2908 substancia.
611 2878 658 2907 38.
678 2880 723 2907 A:
743 2880 952 2913 transnzittat‚·
970 2879 1012 2906 I):
1033 2881 1237 2912 transmutet,·
1255 2878 1294 2906 E:
1316 2878 1490 2905 transmitet
1509 2877 1586 2911 (sic).
