2062 3276
286 214 420 243 sERmo
442 205 549 262 mun]
769 219 959 258 QUARTA
988 219 1113 250 PARS.

286 325 363 362 sint
396 325 653 362 oracionibus
687 325 865 362 fidelium
900 326 1102 372 deputate,
1137 325 1228 362 ideo
1261 325 1302 361 in
1326 325 1465 361 diebus
1490 325 1599 362 dedi-

286 383 514 430 cacionum,
547 382 650 420 sicut
675 392 732 420 est
756 382 838 419 dies
862 382 1079 419 hodiernus
1104 382 1216 419 istius
1241 382 1419 429 ecclesie,
1453 383 1599 431 legitur

286 444 361 479 hoc
401 441 663 489 evangelium.
711 443 787 478 Pro
825 453 905 489 quo
943 442 1165 476 notandum
1200 442 1308 489 quod
1342 441 1509 477 ecclesia
1548 443 1598 478 ad

285 500 537 549 propositum
578 498 773 548 accipitur
806 498 1038 546 dupliciter:
1079 498 1210 547 primo
1251 511 1323 546 pro
1357 512 1599 547 quacunque

252 555 605 606 ficongregacione
639 556 817 593 fidelium
852 555 1081 604 ubicunque
1116 556 1283 604 dispersi
1317 556 1476 593 fuerint.
1518 557 1597 594 Illis

193 650 219 680 F
248 649 256 679 l
285 615 388 653 enirn
408 619 512 652 Deus
534 614 800 651 inhabitando
821 613 967 650 insidet
983 627 1073 650 cum
1097 613 1331 650 assistencia
1348 615 1597 662 angelorum,

189 659 269 736 3411}
284 674 385 711 sicut
408 674 543 710 fideles
577 674 797 709 secundum
831 684 978 721 corpus
1011 672 1051 708 in
1081 671 1258 709 ecclesiis
1289 672 1565 709 materialibus
1593 670 1598 725 Ι

189 724 197 729 ”
284 733 546 769 collocantur.
586 732 772 768 Secundo
806 732 928 768 modo
968 730 1166 779 accipitur
1204 729 1371 767 ecclesia
1409 743 1482 778 pro
1521 730 1598 767 illis

283 790 470 826 domibus
526 789 802 826 materialibus
854 790 905 826 ad
957 789 1109 825 dictum
1163 788 1342 825 officium
1389 788 1596 825 dedicatis.

231 850 422 896 101taque
446 847 613 884 ecclesia
643 848 775 896 primo
801 849 923 884 modo
947 847 1055 883 dicta
1077 847 1218 883 fundat
1242 848 1344 883 hanc
1377 848 1596 884 secundam

283 906 508 952 ecclesiam,
540 915 577 942 et
600 918 689 942 cum
715 905 843 942 fidelis
876 919 898 942 a
931 905 1008 942 fide
1032 904 1192 951 dicitur,
1227 913 1335 953 patet
1358 906 1466 953 quod
1500 904 1598 942 fides

283 965 422 1001 fundat
454 977 615 1001 ornnem
650 963 874 1000 ecclesiam.
920 965 997 1000 Sed
1030 963 1166 1012 aliqua
1199 963 1297 999 fides
1330 975 1406 1011 que
1439 972 1595 1000 scutum

283 1023 492 1071 spirituale
525 1022 671 1059 dicitur
706 1031 763 1059 est
794 1021 914 1058 nimis
947 1021 1076 1058 tenuis
1109 1030 1152 1057 ut
1185 1021 1283 1057 fides
1316 1021 1480 1058 remisse
1515 1033 1596 1058 cre-

284 1080 486 1127 dencium,
532 1080 609 1117 alia
654 1080 857 1128 perforata
906 1089 950 1116 ut
994 1080 1091 1116 fides
1137 1079 1390 1116 credencium
1442 1078 1598 1128 aliquos

231 1138 267 1170 15
284 1139 475 1176 articulos
509 1148 545 1175 et
577 1138 677 1175 alios
702 1138 995 1185 discredentes;
1029 1137 1154 1175 tercia
1187 1137 1285 1174 fides
1318 1146 1376 1174 est
1408 1137 1524 1174 firma
1548 1138 1598 1174 ad

284 1207 442 1246 tempus
475 1198 543 1234 sed
577 1206 634 1233 est
657 1196 847 1233 scutifero
871 1196 1018 1233 Christi
1041 1196 1160 1232 nimis
1186 1195 1371 1232 debiliter
1395 1196 1596 1243 colligata.

342 1256 429 1292 Istis
452 1255 578 1292 tribus
595 1254 815 1291 defectibus
839 1264 1023 1303 penetrat
1042 1254 1225 1291 diabolus
1242 1253 1392 1290 Christi
1416 1253 1597 1301 militem,

284 1327 374 1351 cum
409 1326 490 1350 non
513 1313 561 1350 sit
583 1313 774 1362 possibile
808 1312 1071 1350 christianum
1096 1311 1252 1349 devinci
1275 1311 1350 1348 nisi
1375 1324 1419 1348 ex
1441 1312 1598 1349 defectu

283 1372 388 1408 fidei.
435 1373 663 1417 Quomodo,
704 1383 840 1420 queso,
875 1371 906 1407 si
940 1372 1178 1408 haberemus
1212 1370 1329 1407 fidem
1366 1370 1524 1407 firmam
1557 1370 1598 1407 in

226 1439 268 1460 20
283 1439 375 1467 actu
399 1442 683 1478 superaremur
706 1442 727 1466 a
751 1442 883 1475 carne,
909 1430 1060 1465 mundo
1084 1428 1165 1465 sive
1188 1428 1350 1465 diabolo
1374 1437 1597 1477 temptante

281 1501 353 1525 nos
377 1500 448 1536 per
472 1487 639 1524 minima
661 1489 767 1524 bona
791 1487 1039 1524 alliciencia?
1067 1486 1125 1524 sic
1148 1486 1318 1523 firmiter
1341 1487 1597 1523 crederemus

282 1546 322 1582 in
346 1548 474 1582 Deum
498 1545 803 1594 promittentem
826 1545 943 1582 nobis
967 1547 1073 1582 bona
1097 1544 1393 1594 quantumlibet
1416 1544 1596 1592 pociora.

283 1604 336 1651 Si,
381 1604 564 1653 inquam,
608 1605 696 1652 plus
735 1616 964 1641 amaremus
1003 1617 1093 1640 eum
1129 1615 1250 1652 quam
1291 1604 1441 1639 bonum
1487 1602 1597 1640 aliud

282 1662 460 1699 alliciens
505 1664 553 1699 ad
599 1661 849 1711 oppositum,
895 1671 990 1699 tunc
1035 1674 1286 1699 servaremus
1332 1660 1474 1709 pocius
1514 1661 1597 1698 eius

226 1720 265 1752 25
283 1722 475 1757 mandata
507 1733 629 1769 quam
665 1721 900 1757 mandatum
935 1720 1153 1757 adversarii
1186 1719 1454 1768 temptatoriS,
1490 1728 1532 1756 ut
1565 1720 1596 1756 si

282 1792 385 1816 unus
420 1778 597 1815 medicus
627 1778 776 1815 diceret
813 1778 912 1815 mihi
935 1780 1045 1827 quod
1077 1776 1330 1815 abstinencia
1363 1778 1464 1814 foret
1498 1777 1596 1814 mihi

283 1837 453 1874 salubris
503 1846 541 1874 et
592 1836 693 1873 alius
746 1836 896 1873 diceret
949 1836 1047 1873 mihi
1091 1849 1165 1884 pro
1217 1836 1357 1872 eadem
1409 1848 1597 1872 mensura

282 1895 497 1944 proficeret
540 1894 638 1931 mihi
683 1895 862 1943 crapula,
914 1894 945 1931 si
990 1907 1071 1931 non
1115 1894 1278 1931 aliunde
1323 1903 1455 1930 motus
1503 1906 1596 1931 con-

280 1954 458 1991 senciam
492 1953 643 2001 primo:
684 1953 772 2002 quis
806 1952 962 1990 dubitat
995 1952 1091 2002 quin
1131 1952 1271 2001 pocius
1304 1953 1465 1988 credam
1499 1952 1596 1988 sibi?

225 2012 338 2048 3osic
380 2011 420 2048 in
464 2011 688 2060 proposito,
734 2011 766 2047 si
811 2011 900 2059 plus
945 2010 1149 2048 credimus
1189 2013 1273 2047 Deo
1313 2023 1434 2059 quam
1475 2010 1593 2047 hosti.

281 2071 396 2107 Unde
435 2071 554 2106 credo
588 2071 696 2118 quod
736 2070 785 2106 ab
828 2068 950 2106 inicio
981 2082 1064 2106 non
1096 2069 1169 2106 fuit
1202 2069 1290 2117 plus
1323 2067 1594 2105 necessarium

281 2130 425 2165 docere
449 2128 568 2164 fidem
593 2136 630 2164 et
652 2128 779 2176 legem
805 2126 953 2165 Christi
977 2141 1099 2176 quam
1137 2128 1270 2173 modo,
1305 2126 1399 2175 quia
1432 2136 1596 2175 propter

281 2186 589 2223 adinvenciones
623 2187 819 2222 humanas
854 2185 931 2222 dici
963 2195 1092 2234 potest
1115 2185 1214 2222 illud
1238 2184 1386 2222 Psalmi
1403 2186 1594 2232 CXV1110,

288 2246 382 2281 126:
423 2245 587 2294 Tempus
598 2244 778 2294 faciendi
798 2244 982 2281 Domine:
1018 2244 1304 2294 dissipaverunt
1327 2244 1452 2294 legem
1477 2250 1593 2279 tuam.

223 2303 372 2339 35Ideo
406 2311 463 2339 est
487 2302 660 2339 sciencia
692 2302 920 2351 theologica
953 2301 1252 2350 pernecessaria
1285 2300 1369 2338 sine
1403 2315 1481 2351 qua
1514 2314 1596 2338 non

279 2369 412 2409 potest
443 2360 587 2398 salvari
620 2360 861 2409 respublica,
895 2360 989 2409 quia
1022 2374 1092 2409 per
1125 2360 1234 2397 illam
1271 2359 1394 2397 crevit
1427 2359 1595 2397 ecclesia

281 2428 317 2455 et
351 2428 440 2467 post
473 2431 517 2456 ex
550 2419 633 2455 eius
667 2419 851 2456 carencia
885 2418 1122 2456 minoratur.
1164 2420 1278 2456 Unde
1312 2427 1448 2455 errant
1479 2427 1594 2455 nota—

281 2476 415 2513 biliter
459 2477 526 2525 qui
573 2476 710 2514 dicunt
744 2478 852 2526 quod
896 2477 1075 2524 theologi
1115 2485 1206 2513 sunt
1238 2476 1380 2524 Anglie
1418 2476 1593 2523 inutiles,

282 2534 375 2584 quia
408 2535 491 2572 sine
524 2534 601 2571 illis
633 2548 714 2572 non
747 2544 879 2583 potest
912 2548 988 2584 pax
1022 2535 1093 2572 Dei
1127 2537 1176 2572 ad
1209 2534 1414 2572 hominem
1450 2535 1594 2572 confir-

220 2605 266 2637 40
283 2593 397 2630 mari.
439 2594 552 2630 Unde
592 2606 683 2630 cum
717 2593 786 2630 illa
824 2594 868 2630 fit
900 2593 1033 2643 prima
1066 2593 1171 2630 inter
1203 2602 1282 2630 tres
1316 2605 1448 2642 paces,
1483 2602 1594 2642 patet

282 2652 391 2700 quod
430 2651 606 2689 dicentes
644 2664 787 2700 pacem
821 2652 923 2689 inter
957 2652 1139 2689 homines
1174 2660 1211 2689 et
1243 2652 1419 2690 secundo
1452 2664 1593 2701 pacem

348 2795 377 2820 4.
397 2787 431 2814 In
453 2794 567 2821 marg.:
588 2785 727 2814 Ecclesia
747 2786 786 2814 du
809 2787 910 2814 liciter
929 2787 1088 2827 accipitur.
1155 2795 1197 2815 10.
1215 2787 1249 2815 In
1271 2795 1385 2823 marg.:
1407 2793 1435 2814 2.
1502 2786 1593 2825 ¹5:1¹¹

280 2829 394 2885 marff:
421 2829 445 2871 ιι,
467 2827 495 2850 2,
510 2830 549 2860 ⁴3.
669 2821 711 2849 16.
734 2821 778 2849 Co
806 2831 828 2849 .:
860 2821 1090 2871 Chrtstztwice.
1210 2830 1249 2850 21.
1272 2822 1367 2850 God.:
1395 2821 1474 2849 bona
1495 2827 1592 2849 tw1cc.

280 2855 324 2884 28.
374 2856 442 2884 od..
469 2856 562 2884 altum
581 2855 628 2883 de.
702 2863 749 2891 29.
772 2855 866 2884 Cod..
888 2864 1120 2884 consczencmnz.

1804 211 1885 258 487

1614 332 1733 360 Double
1754 340 1842 360 sense
1856 334 1892 361 of

1683 367 1825 402 Church;

1705 572 1724 591 1.
1747 563 1796 591 for

1614 598 1885 664 coglgesefffiffiof

1671 733 1697 752 2.
1718 725 1766 752 for
1786 725 1836 752 the

1684 760 1823 787 material

1676 795 1825 830 building.

1670 969 1759 997 Faith
1781 970 1830 997 the

1630 1003 1813 1032 foundation
1834 1006 1865 1031 of

1639 1038 1677 1066 all
1699 1039 1859 1068 churches.

1679 2303 1763 2332 Need
1785 2306 1816 2332 ot

1657 2339 1760 2367 theolo
1785 2340 1840 2367 ical

1628 2375 1749 2402 knowle
1774 2383 1811 2414 ge
1831 2383 1863 2402 as

1645 2409 1696 2437 the
1717 2410 1800 2437 basis
1819 2410 1853 2437 of

1612 2452 1703 2480 peace
1714 2444 1790 2472 with
1803 2444 1883 2472 God.
